3346 5506
532 387 739 452 sxnnlntn.
763 388 800 450 lN
824 387 1002 451 IlONdTVM
1024 388 1095 449 Llll.
1119 388 1144 451 ll
1417 398 1478 459 565

169 599 172 609 ·
196 579 289 645 species
310 577 404 629 multae
427 582 493 630 sunt.
531 592 588 633 nam
612 577 704 636 dictio,
734 590 799 639 quse
821 575 1041 628 transformatione
1067 577 1241 643 componitur,
1268 580 1477 631 metamorfoseon

195 649 295 710 dicitnr,
313 648 381 712 quod
400 646 504 698 Obidius
521 647 623 713 scripsit
638 647 709 697 libris
726 644 773 696 XV
793 647 835 697 nel
853 647 988 713 Apuleius.
1025 647 1071 698 sed
1090 647 1273 714 metaplasmus
1289 650 1315 699 in
1334 665 1385 699 una
1406 658 1476 718 parte

195 717 310 768 orationis
327 717 369 779 tlt,
388 716 609 768 metamorfosseos
632 718 656 766 in
676 718 744 766 omni
763 731 790 765 re
808 716 930 769 librorum
948 717 1077 783 componit
1093 742 1129 753 -
1148 716 1231 782 illusis
1249 719 1381 769 subductio
1400 736 1475 784 qnae·

195 787 249 836 dam
263 786 377 852 syllabae
394 786 435 837 nel
455 788 532 836 uerbi,
563 787 669 836 consilio
684 789 715 849 tl.
733 784 854 847 conlisis)
867 795 906 836 est
924 786 987 835 dura
1005 787 1176 852 pronuntiatio
1194 787 1274 837 malae
1291 798 1315 838 et
1332 789 1477 839 inordinata

194 853 275 922 parles
293 856 416 908 orationis
436 857 574 920 conlidens,
591 854 617 921 ll
631 857 664 919 (s.
683 855 745 920 73')
763 865 790 905 nt
802 857 925 908 ‘multum
943 856 986 906 ille
1003 865 1027 906 et
1044 864 1061 905 ι.
1083 858 1100 906 i.
1121 874 1143 907 e.
1162 860 1199 909 a.’
1218 858 1241 905 in
1262 859 1421 909 scansionem
1444 862 1476 922 tl.

194 928 334 989 scansione)
353 926 459 978 multum
475 927 517 976 ills
535 925 616 976 multil
636 925 705 992 lacit,
725 933 748 975 et
767 926 868 976 eliditur
886 940 928 975 um
946 925 1054 991 syllaba,
1071 942 1135 990 quac
1152 936 1190 976 est
1208 928 1340 994 acglipsis.
1412 920 1417 943 ¹

613 1063 820 1126 Sequitnrde
836 1063 1047 1114 scematibus.

257 1166 293 1216 De
306 1168 459 1218 scematibus
473 1168 577 1234 plurimi
592 1166 777 1230 multudinem,
797 1167 843 1218 sed
862 1166 946 1217 nullus
958 1166 1082 1217 uocabula
1095 1182 1183 1217 eorum
1196 1169 1286 1218 cllerre
1299 1171 1381 1234 potuit
1396 1170 1475 1221 latino

192 1250 321 1299 sermone,
340 1237 386 1286 sed
403 1236 442 1286 his
461 1235 675 1303 appellationibus
696 1236 874 1302 proferuntur,
897 1236 988 1300 quibus
1007 1252 1037 1287 ea
1059 1238 1181 1303 magistra
1226 1254 1285 1287 rena
1303 1241 1333 1303 (l.
1355 1239 1475 1304 Graecia)

191 1307 345 1372 nuncupauit
356 1334 391 1345 -
404 1308 583 1358 sententiarum
602 1305 668 1357 aliae
683 1315 741 1357 sunt
759 1321 836 1357 ueras
849 1306 914 1356 aliae
933 1314 993 1357 sunt
1011 1306 1172 1357 uerisimiles.
1189 1255 1255 1372 [Vm
1267 1307 1314 1373 74)
1333 1307 1396 1358 Enni
1416 1325 1473 1358 ner-

191 1392 233 1428 sus
250 1376 298 1441 (cs.
317 1379 410 1431 Donat.
431 1375 498 1435 398,
520 1376 577 1441 tsi:
610 1392 698 1426 omues
716 1385 801 1444 partes
820 1378 951 1436 orationis,
966 1376 1058 1439 quibus
1077 1392 1167 1427 uersus
1186 1378 1347 1442 nonpossitus
1364 1390 1412 1442 est,
1430 1395 1474 1428 no-

190 1447 257 1497 mina
274 1454 347 1510 sunt,
371 1447 439 1496 nulla
461 1447 511 1497 alin
528 1447 701 1512 interpossita.
738 1449 852 1497 eiusdem
876 1446 942 1496 Enni
969 1460 1058 1495 uersus
1084 1456 1122 1496 est
1147 1451 1215 1496 ‘tute
1238 1456 1263 1497 ta
1288 1445 1318 1510 (l.
1340 1447 1411 1514 Tati)
1427 1451 1473 1498 tibi

190 1524 258 1567 tanta
274 1523 379 1581 tyranne
395 1516 500 1570 tulisti’.
538 1531 626 1566 omnes
645 1519 712 1566 enlm
731 1525 815 1584 partes
829 1516 952 1566 orationis
968 1526 977 1565 t
995 1515 1077 1565 littera
1096 1516 1250 1580 principium
1262 1527 1373 1569 sumunt.
1405 1524 1473 1568 ‘me-

190 1596 272 1637 rentes
292 1587 382 1637 tientes
399 1587 561 1637 lacrimantes
580 1589 818 1638 commiserantes’:
843 1601 935 1638 uersus
958 1585 1001 1635 hic
1018 1585 1114 1635 Plauti:
1139 1600 1227 1636 omnes
1245 1594 1330 1652 partes
1350 1589 1471 1638 orationis

189 1657 214 1705 in
227 1657 388 1707 accussatiuo
405 1671 465 1706 casu
485 1664 587 1710 exeunt.
623 1657 717 1707 ‘litora
734 1657 866 1706 litoribus’
891 1655 999 1705 uariauit
1017 1670 1100 1706 casus.
1125 1681 1158 1690 -
1188 1656 1232 1704 illa
1252 1657 1473 1709 coniunctionibus

189 1727 357 1792 interposuitls
375 1726 451 1776 dictio
469 1726 614 1790 conpossitn
632 1726 741 1793 uidetur,
761 1727 786 1776 in
804 1725 851 1776 hac
870 1726 938 1775 nulla
955 1734 993 1775 est
1006 1724 1082 1776 simul
1100 1726 1253 1778 coniunctio.

737 1862 783 1914 De
801 1865 919 1931 tropis·

254 1965 294 2017 lix
314 1965 356 2018 his
375 1967 401 2016 in
418 1967 501 2032 primo
522 1980 596 2017 uersu
614 1966 717 2033 Virgilii
735 1967 835 2017 iuuenis
855 1975 943 2032 tropos
965 1965 1088 2030 quinque:
1113 1968 1197 2016 uirum
1215 1965 1279 2015 dixit
1293 1975 1318 2016 et
1335 1968 1412 2017 tacuit
1427 1981 1471 2017 no·

188 2051 253 2101 men,
272 2050 322 2087 nnn
339 2036 405 2087 dixit
417 2037 530 2095 Aenean,
551 2038 582 2086 de
599 2051 649 2101 quo
661 2037 747 2103 agitur
759 2061 791 2072 ·—
811 2035 844 2102 (s.
858 2035 921 2100 W)
939 2035 1038 2085 timesis
1057 2043 1095 2084 est
1114 2045 1141 2085 nt
1159 2037 1234 2086 unlus
1252 2036 1332 2100 partis
1350 2039 1472 2089 orationis

188 2107 254 2158 laets
272 2107 398 2172 diruptio,
424 2105 474 2155 alia
495 2104 592 2156 scilicet
609 2106 772 2172 interposita,
791 2115 818 2157 nt
841 2115 880 2157 est
905 2105 967 2156 illud
994 2109 1108 2169 ‘septem
1131 2107 1245 2156 subiecta
1263 2106 1352 2156 trioni’
1375 2108 1469 2173 (Vera.

184 2175 516 2309 tittlllllttlt
530 2174 1469 2312 {inliti“tittattdimittiminideliniendi·

187 2282 289 2367 sintesis
309 2323 447 2382 ypernaton
468 2315 510 2364 ‘in
534 2330 597 2365 saxa
620 2315 741 2365 latentia’
766 2339 800 2350 -
826 2316 860 2378 (s.
881 2315 926 2377 75)
947 2329 1089 2365 sarcasmos
1115 2314 1214 2366 hostilis
1241 2315 1329 2366 inrisio
1356 2289 1470 2368 hostilis}

187 2385 307 2449 lustinus,
322 2386 485 2436 adbrauiator
503 2387 622 2452 pompegi
642 2384 670 2448 (l.
690 2385 815 2452 Pompeii)
832 2385 911 2452 Trogi
927 2384 1004 2434 relert
1021 2385 1151 2450 reginam,
1172 2385 1274 2449 quando
1291 2401 1348 2435 cum
1365 2387 1394 2449 (l.
1413 2388 1472 2438 nni-

186 2454 256 2521 cnm)
274 2455 353 2506 illium
379 2455 490 2505 occisum
509 2470 555 2520 per
578 2455 734 2505 obsidionem
753 2455 922 2522 ulcisceretur,
941 2463 1017 2522 caput
1035 2455 1145 2505 inimicis
1165 2457 1193 2513 ll.
1213 2455 1322 2519 inimici)
1339 2457 1407 2524 regis
1426 2459 1470 2508 ab·

186 2525 292 2576 animum
312 2526 340 2588 (l.
355 2524 498 2590 abscisum)
522 2527 570 2574 utri
597 2525 722 2591 sanguiue
740 2526 815 2591 pleno
841 2527 975 2576 inmersise
1002 2533 1076 2588 atque
1105 2526 1192 2575 eadem
1220 2526 1316 2577 dixisse
1334 2528 1425 2591 fsatja
1446 2535 1470 2576 te

185 2596 324 2662 sangnine,
343 2607 486 2659 quemnam
505 2595 548 2645 diu
571 2595 662 2645 sitisti’
679 2594 781 2658 (lustin.
804 2596 858 2660 18)
877 2595 1023 2646 —Helena
1042 2595 1108 2644 lovis
1133 2604 1156 2644 et
1175 2593 1259 2645 Ledae
1275 2595 1341 2659 fllia,
1359 2595 1472 2647 Menelai

186 2663 753 2787 ‘stianittltlatttl‘lttt
768 2664 1081 2800 lt'trttttaltl
1100 2664 1470 2797 tlt:llttttlllttt‘t

184 2749 296 2855 :ulcerat
305 2750 423 2866 Oebalios)
434 2805 542 2856 classem
556 2805 588 2856 de
606 2750 782 2870 litore'ris'stor
799 2804 931 2856 Dardanas
951 2769 1065 2854 incastris
1081 2803 1172 2853 blande
1185 2803 1322 2868 populatus
1333 2776 1469 2853 Amiclas’:

185 2875 324 2941 expliciunt
341 2873 441 2925 llniales
458 2876 547 2942 sergii.
584 2875 709 2941 incipiunt
726 2877 838 2926 coronati
856 2875 984 2926 scolastici
996 2874 1029 2925 12.
