3346 5506
233 389 292 452 too
821 385 952 466 enom,

298 533 304 544 .
358 504 438 544 .an.
1326 499 1474 545 ,senum

232 504 468 654 qudmddrdecm,
501 592 578 652 quae
612 581 657 634 est
689 581 718 634 et
746 571 928 633 recordativa
958 573 1018 631 sive
1050 579 1162 632 exacta.
1206 590 1285 634 nunc
1311 514 1375 634 ¹'bae
1409 573 1527 652 species

232 696 320 756 quern
342 676 378 742 ad
403 676 522 736 modum
544 675 643 735 verbis
665 675 830 736 deserviant
854 681 884 735 et
905 693 919 734 a
942 692 1000 754 quo
1020 680 1154 754 tempore
1174 673 1255 745 tiant,
1281 675 1311 734 in
1327 673 1527 736 declinatione

230 778 384 858 probatur.

315 881 357 942 [ie
378 886 510 940 accentu.
555 886 695 940 accentus
724 877 899 946 verborum,
928 878 971 936 sic
992 879 1035 936 uti
1059 885 1088 937 et
1109 884 1274 938 ceterarum
1299 879 1429 955 partium
1457 866 1526 939 ora·

204 983 329 1049 stionis,
353 983 383 1040 in
406 983 487 1042 sonis
509 988 701 1060 conpetenter
721 979 920 1040 tractabimus.

315 1081 476 1144 Declinatio
497 1085 611 1161 primae
627 1083 840 1160 coniugationis
860 1081 980 1142 activae.
1006 1078 1101 1158 probo
1123 1079 1244 1141 verbum
1262 1082 1389 1143 activum
1409 1081 1525 1143 indica·

230 1187 287 1245 tivo
309 1186 370 1244 sive
391 1185 610 1263 pronuntiative
631 1182 719 1243 modo
741 1183 850 1243 dictum
875 1183 1017 1260 temporis
1038 1185 1203 1260 praesentis
1225 1185 1286 1253 sive
1307 1184 1445 1245 instantis
1468 1201 1524 1247 nu·

229 1288 305 1347 meri
326 1285 484 1362 singularis
509 1286 622 1362 figurae
643 1284 785 1363 simplicis
813 1301 958 1363 personae
980 1285 1108 1361 primae,
1136 1283 1216 1362 quod
1242 1282 1441 1345 declinabitur
1469 1286 1524 1347 sie.

230 1388 317 1448 modo
337 1387 493 1448 indicativo
516 1389 657 1467 temporis
673 1389 838 1467 praesentis
859 1389 976 1448 numeri
991 1384 1149 1464 singularis
1167 1385 1263 1464 probo
1279 1385 1390 1465 probas
1404 1385 1523 1465 probat,

193 1515 217 1555 m
232 1491 348 1551 numeri
371 1488 494 1568 pluralis
515 1488 677 1568 probamus
699 1488 831 1567 probatis
850 1488 991 1566 probant:
1016 1485 1119 1548 eodem
1138 1485 1227 1546 modo
1247 1494 1382 1566 tempore
1404 1494 1524 1567 praete·

228 1593 286 1651 rito
313 1592 412 1669 specie
439 1591 611 1669 imperfecta
644 1592 705 1652 sive
732 1593 829 1650 minus
861 1608 949 1668 quam
977 1588 1107 1666 perfecta
1136 1586 1179 1648 vel
1207 1587 1373 1649 inchoativa
1405 1591 1525 1651 numeri

228 1691 385 1770 singularis
406 1691 570 1771 probabam
591 1692 742 1771 probabas
762 1690 923 1770 probabat,
954 1691 1070 1750 numeri
1091 1687 1213 1767 pluralis
1230 1689 1433 1768 probabamus
1451 1707 1522 1769 pro·

227 1791 342 1854 babatis
364 1792 544 1872 probabant:
569 1794 673 1855 eodem
696 1794 784 1855 modo
806 1793 909 1854 eodem
928 1799 1062 1871 ternpore
1084 1794 1183 1870 specie
1201 1794 1330 1871 perfecta
1353 1794 1416 1855 sive
1433 1791 1522 1854 abao-

227 1894 288 1957 luta
316 1897 430 1957 numeri
453 1896 610 1974 singularis
634 1895 756 1974 probavi
779 1913 837 1955 non
865 1893 985 1974 probai,
1017 1892 1150 1971 probasti
1177 1911 1236 1953 non
1265 1892 1422 1973 prebuisti,
1452 1913 1523 1975 pro··

192 2022 214 2061 u
228 1995 307 2056 barit
326 2015 384 2057 non
408 1997 540 2076 probait;
563 1999 680 2058 numeri
701 1995 823 2076 pluralis
847 1997 1036 2076 probavimus
1058 2014 1116 2056 uon
1138 1995 1319 2074 probaimus,
1341 1996 1523 2074 probavistis

228 2108 257 2157 et
275 2097 432 2176 probastis,
455 2099 656 2177 probaverunt
676 2105 705 2159 et
726 2097 892 2179 probarunt
914 2105 943 2158 et
964 2097 1143 2175 probavere:
1179 2099 1283 2159 eodem
1305 2098 1396 2159 modo
1416 2098 1521 2160 eodem

227 2207 361 2277 ternpore
386 2201 485 2277 specie
514 2200 801 2279 plusquamperfecta
828 2201 889 2261 sive
916 2199 1097 2261 recordativa
1126 2198 1171 2260 vel
1193 2208 1294 2261 exacta
1322 2201 1441 2262 numeri
1461 2201 1522 2262 sin·

227 2299 337 2377 gobaris
363 2299 557 2379 probaveram
584 2311 614 2363 et
636 2300 809 2379 probaram,
838 2300 1018 2381 probaveras
1044 2308 1072 2361 et
1100 2300 1260 2379 probares,
1289 2300 1471 2380 probaverat
1490 2308 1522 2365 et

227 2400 384 2479 probaret;
417 2405 535 2463 numeri
562 2402 683 2480 pluralis
712 2402 945 2481 probaveramus
971 2410 1001 2463 et
1019 2401 1232 2482 probaremus,
1262 2402 1470 2480 probaveratis
1491 2410 1522 2466 et

189 2500 409 2579 mprobaratis,
440 2503 635 2582 probaverant
663 2512 692 2566 et
719 2504 896 2584 probarent:
931 2504 1034 2565 eodem
1062 2494 1149 2564 modo
1177 2512 1312 2584 tempore
1335 2503 1437 2567 futuro
1459 2507 1521 2568 sive

225 2605 401 2682 promissivo
432 2605 520 2666 modo
552 2607 668 2667 numeri
691 2604 849 2685 singularis
878 2603 1013 2683 probabo
1041 2605 1182 2684 probabis
1212 2605 1367 2684 probabit,
1403 2607 1521 2669 numeri

227 2704 350 2784 pluralis
371 2706 565 2785 probabimus
577 2707 740 2786 probabitis
759 2706 938 2787 probabunt.
984 2707 1072 2768 modo
1090 2708 1264 2788 imperativo
1282 2716 1418 2787 tempore
1432 2724 1520 2788 prae·

227 2808 302 2868 senti
323 2808 384 2868 sive
403 2810 524 2869 instanti
548 2809 584 2870 ad
611 2810 769 2871 secundam
800 2817 829 2870 et
851 2805 975 2892 tortitiam
997 2826 1154 2886 personam
1182 2816 1295 2870 tanturn
1317 2811 1436 2872 numeri
1459 2811 1519 2871 sin·

227 2908 337 2987 gularis
359 2908 453 2986 proba
474 2910 595 2989 probet,
620 2915 736 2974 numeri
758 2911 879 2992 pluralis
899 2910 1023 2989 probate
1044 2910 1186 2990 probent;
1207 2911 1311 2973 codem
1333 2911 1423 2972 modo
1444 2919 1520 2974 tem·

188 3029 300 3089 aspore
321 3010 421 3072 tuturo
444 3015 560 3073 numeri
582 3013 739 3091 singularis
761 3013 886 3092 probato
908 3012 1051 3091 probato,
1082 3014 1198 3074 numeri
1220 3012 1342 3091 pluralis
1361 3011 1520 3092 probatote

227 3112 387 3192 probunto.
432 3114 520 3175 modo
542 3115 656 3176 infinito
680 3117 739 3176 sive
762 3124 905 3194 perpetuo
932 3116 1064 3175 numeris
1083 3121 1112 3174 et
1133 3117 1269 3193 personis
1291 3115 1423 3177 contusis
1445 3123 1520 3178 tern-

226 3209 308 3295 poire
330 3218 479 3294 praesenti
499 3218 559 3278 sive
579 3219 698 3277 instanti
720 3218 863 3296 probare,
894 3225 1027 3295 tempore
1049 3218 1208 3293 praeterito
1231 3216 1374 3294 probasse
1397 3224 1427 3279 et
1449 3236 1519 3298 pro·

226 3315 354 3388 bavisse,
381 3325 514 3397 tempore
538 3319 636 3381 tuturo
662 3319 821 3398 probatum
842 3321 896 3380 ire.
941 3319 1029 3378 modo
1055 3319 1181 3396 optativo
1211 3325 1346 3397 ternpore
1367 3321 1519 3397 praesenti

225 3421 285 3481 sive
307 3420 426 3481 instanti
459 3423 576 3483 numeri
604 3420 760 3500 singularis
792 3423 903 3483 utinam
932 3420 1070 3497 probem,
1105 3421 1215 3480 utinarn
1245 3420 1369 3499 probes,
1404 3423 1519 3483 utinam

187 3520 345 3598 soprobet;
378 3525 495 3583 numeri
517 3522 639 3603 pluralis
665 3525 776 3585 utinam
798 3521 974 3603 probemus,
1004 3524 1114 3582 utinam
1135 3521 1282 3601 probetis,
1311 3525 1425 3584 utinam
1448 3541 1520 3603 pro·

226 3619 311 3681 bent:
341 3623 445 3684 eodem
466 3625 554 3684 modo
580 3633 712 3703 tempore
734 3626 892 3703 praeterito
915 3626 1013 3703 specie
1035 3624 1206 3703 imperfecta
1229 3626 1289 3685 sive
1309 3626 1407 3686 minus
1427 3643 1519 3704 quarn

225 3723 355 3798 perfecta
369 3723 414 3785 vel
428 3725 593 3786 inchoativa
614 3729 729 3786 numeri
744 3725 901 3804 singularis
921 3727 1030 3785 utinam
1046 3725 1215 3802 probarem,
1235 3727 1347 3787 utinam
1362 3725 1518 3804 probares,

225 3824 337 3883 utinam
356 3823 512 3901 probaret;
542 3829 661 3888 numeri
682 3826 804 3904 pluralis
828 3828 939 3887 utinam
961 3826 1172 3905 probaremus,
1204 3829 1314 3889 utinam
1338 3826 1517 3906 probaretis,

224 3926 336 3984 utinam
359 3924 535 4003 probarent:
563 3928 666 3988 eodem
689 3926 777 3987 modo
797 3926 901 3987 eodem
924 3935 1059 4006 temporo
1079 3931 1177 4006 specie
1198 3929 1329 4006 perfecta
1348 3931 1410 3992 sive
1429 3929 1517 3992 abso·

188 4045 213 4085 as
227 4023 288 4086 luta
310 4029 427 4088 numeri
448 4027 605 4106 singularis
626 4029 736 4088 utinam
759 4027 946 4107 probaverim
969 4037 998 4091 ot
1019 4029 1186 4108 probarim,
1208 4033 1319 4091 utimm
1341 4031 1518 4111 probaveris

226 4134 255 4188 et
276 4128 422 4206 probaris,
444 4131 555 4191 utinam
577 4128 746 4208 probaverit
766 4138 795 4191 et
814 4131 963 4210 probarit;
992 4134 1108 4193 numeri
1128 4131 1251 4210 pluralis
1273 4134 1385 4193 utinam
1406 4133 1517 4212 proba·

223 4230 351 4290 verimus
373 4238 402 4291 et
423 4230 625 4310 probarimus,
653 4234 766 4293 utinam
787 4233 982 4311 probaveritis
1009 4242 1037 4295 et
1058 4232 1232 4312 probaritis,
1264 4236 1376 4295 aduam
1406 4234 1517 4313 proba·

223 4333 318 4392 verint
340 4339 370 4393 et
390 4332 559 4411 probarint:
583 4334 687 4394 eodem
709 4336 796 4396 modo
821 4337 926 4397 eodem
947 4343 1083 4414 ternpore
1104 4337 1203 4414 speeie
1224 4335 1515 4415 plusquamperfecta

224 4435 284 4494 sive
305 4433 487 4496 recordativa
508 4435 554 4496 vel
581 4444 683 4497 exacta
706 4439 821 4497 numeri
845 4437 1004 4517 singularis
1030 4440 1140 4499 uduarn
1168 4437 1371 4516 probavissem
1393 4446 1421 4499 et
1444 4457 1514 4518 pro·

185 4547 211 4587 ⁴⁰
225 4533 357 4605 bassem,
384 4537 494 4597 utinam
516 4537 702 4617 probavisses
723 4546 752 4599 et
769 4539 939 4619 probasses,
966 4541 1076 4605 utinam
1095 4539 1277 4619 probavisset
1296 4548 1325 4600 ot
1343 4540 1513 4619 probasset;

293 4715 309 4765 5
327 4715 489 4767 tractabimus
507 4733 522 4765 r
537 4720 700 4773 traetonimus
719 4718 768 4769 RB
857 4718 888 4766 14
907 4719 1020 4783 probasti
1040 4733 1089 4768 non
1109 4719 1249 4784 probabisti
1270 4719 1319 4768 nu
1410 4717 1442 4768 15
1463 4732 1512 4768 non

224 4784 324 4848 probait
341 4784 366 4834 B
384 4800 434 4835 non
453 4787 572 4852 probabit
590 4789 612 4837 lt
668 4802 717 4837 non
737 4787 885 4853 probaimus
904 4804 932 4837 ro
951 4803 1000 4838 non
1018 4789 1182 4851 probabimus
1202 4788 1224 4838 R
1297 4788 1328 4839 lb
1343 4795 1367 4836 et
1384 4789 1513 4853 probastis

224 4853 264 4903 Br
282 4862 306 4904 et
322 4855 518 4920 probauiatisli
587 4858 622 4906 ‘22
640 4857 805 4921 probauimns
824 4857 966 4921 probauitis
983 4857 1032 4908 RB
1100 4859 1134 4910 to
1151 4859 1274 4922 probante
1293 4856 1382 4907 Mutua
