3346 5506
230 385 290 448 188
818 381 932 444 PROBI

281 514 301 554 p.
314 500 403 544 soe-u
418 500 445 541 n.
523 481 532 501 ⁶
1309 509 1332 551 ρ.
1345 497 1393 540 reo.
1402 497 1427 541 er
1444 496 1473 540 v.

229 573 339 633 utinam
358 590 447 639 esses,
470 572 580 632 utinam
600 577 691 638 esset;
714 570 830 631 numeri
845 568 967 648 pluralis
989 571 1101 631 utinam
1114 584 1257 640 essemus
1279 570 1394 631 utinam
1409 571 1524 640 essetis,

229 676 338 736 utinam
366 680 480 735 essent:
511 674 616 734 eodem
638 672 727 733 modo
754 672 859 733 eodem
881 680 1017 751 tempore
1041 673 1141 750 specie
1168 672 1299 750 perfecta
1322 673 1442 735 numeri
1464 672 1524 734 oin·

228 774 340 853 gularis
362 776 472 837 utinam
496 774 610 844 fuerim,
633 775 744 835 utinam
768 774 872 843 fueris,
896 775 1012 835 utinam
1031 773 1136 845 fuerit;
1165 775 1281 837 numeri
1299 771 1449 853 pluralis!
1468 775 1524 836 nti·

229 895 295 937 nam
317 877 477 945 fuerimus,
500 877 611 936 utinam
635 876 764 944 fueritis,
787 877 898 937 utinam
919 875 1044 936 fuerint:
1077 875 1183 937 eodem
1202 876 1292 937 modo
1320 874 1428 937 eodem
1449 881 1524 939 tour·

201 996 302 1056 spore
329 979 427 1056 speeie
455 976 743 1056 plusquamperfeeta
770 981 887 1039 numeri
915 977 1071 1056 singularis
1098 979 1210 1040 utinam
1236 979 1376 1046 fuissem,
1410 978 1523 1045 ntinam

228 1081 343 1151 fuisses,
365 1082 477 1141 utinam
501 1079 619 1148 fnisset;
644 1081 759 1141 numeri
780 1079 902 1160 pluralis
926 1081 1037 1140 utinam
1060 1079 1228 1149 fuissemus,
1249 1081 1361 1141 utinam
1381 1079 1522 1149 fuissetis,

228 1183 338 1244 utinam
368 1181 508 1242 fuissent:
547 1180 650 1242 eodem
680 1180 768 1242 modo
798 1188 932 1261 tempore
955 1180 1056 1242 futuro
1082 1182 1198 1243 numeri
1223 1181 1384 1260 singularis
1410 1182 1524 1245 niman

228 1285 300 1353 sim,
324 1285 435 1344 utinam
456 1282 512 1352 sis,
540 1274 653 1343 utinam
673 1284 724 1352 sit;
759 1285 875 1344 numeri
897 1281 1019 1363 pluralis
1046 1284 1158 1345 utinam
1180 1284 1287 1353 simus,
1316 1285 1430 1346 utinam
1448 1284 1522 1356 sitia.

228 1386 339 1447 irtinam
361 1386 428 1446 sint.
472 1384 561 1445 modo
589 1385 773 1446 coniunctiro
800 1391 937 1465 tempore
958 1386 1108 1464 praesenti
1135 1385 1252 1447 numeri
1274 1385 1432 1464 singularis
1454 1404 1524 1449 euin

188 1512 214 1556 ιο
228 1485 274 1548 vel
291 1488 321 1547 si'
334 1487 398 1555 sim,
421 1504 487 1547 rum
505 1485 549 1547 vei
566 1488 590 1546 si
610 1487 659 1555 sis,
683 1505 751 1548 eum
769 1486 815 1549 rel
830 1489 854 1547 si
875 1489 927 1556 sit;
951 1488 1066 1549 numeri
1080 1485 1203 1566 pluralis
1224 1504 1294 1549 oum
1313 1485 1359 1548 rei
1380 1489 1407 1550 si
1421 1489 1523 1561 ainana,

228 1607 295 1650 enm
317 1587 362 1650 vei
385 1589 408 1648 si
431 1590 508 1658 sitis,
529 1606 595 1649 eum
618 1587 664 1649 rel
686 1591 711 1649 si
731 1591 805 1649 sint:
843 1589 946 1651 eodem
967 1590 1057 1651 modo
1083 1596 1218 1668 tempore
1241 1590 1403 1668 praeterito
1424 1590 1525 1668 speeie

227 1690 398 1769 imperfecta
420 1691 536 1751 numeri
556 1689 712 1768 singularis
734 1710 801 1753 cum
826 1691 871 1752 rel
893 1693 916 1751 si
939 1709 1050 1761 essem,
1070 1709 1137 1752 oum
1158 1689 1203 1751 rel
1224 1691 1250 1751 si
1267 1709 1362 1761 esses,
1385 1709 1456 1753 oum
1479 1689 1524 1753 ref

228 1794 252 1852 si
275 1800 367 1862 esset;
396 1790 513 1853 numeri
534 1791 654 1872 piuraiis
676 1811 743 1854 cnm
762 1792 808 1854 rei
827 1794 852 1853 si
875 1811 1022 1863 essemus,
1045 1811 1112 1855 cum
1132 1791 1177 1855 rel
1197 1793 1221 1853 si
1243 1795 1363 1862 essetis,
1386 1810 1456 1855 com
1479 1791 1523 1855 rei

228 1896 252 1954 si
272 1902 386 1956 essent:
418 1894 522 1955 eodem
544 1894 632 1954 modo
662 1895 766 1956 eodem
789 1903 922 1974 tempore
951 1897 1050 1974 speeie
1071 1896 1202 1973 perfecta
1225 1897 1343 1956 numeri
1363 1893 1525 1974 singularis

189 2020 215 2063 u
229 2013 296 2057 enm
318 1995 364 2057 vel
389 1997 414 2056 si
436 1996 559 2084 fuerim,
583 2014 651 2057 eum
672 1995 716 2057 vel
738 1997 764 2056 si
783 1995 891 2067 fueris,
920 2015 987 2058 enm
1008 1995 1053 2057 rel
1076 1998 1100 2057 si
1123 1997 1225 2066 fuerin
1259 1997 1378 2059 numeri
1400 1994 1524 2075 pluralia

228 2116 294 2159 eum
312 2095 357 2158 vel
380 2098 404 2157 si
423 2098 576 2167 fuerimus,
597 2116 664 2158 eum
685 2096 731 2158 rei
753 2098 778 2159 si
799 2097 921 2169 fueritis,
941 2117 1007 2159 cnm
1029 2097 1073 2160 rei
1095 2099 1120 2159 si
1139 2099 1262 2160 fuerint:
1277 2094 1291 2182 ΙΙ
1308 2097 1414 2160 eodem
1433 2098 1524 2160 modo

227 2199 332 2261 eodem
354 2207 488 2277 tempore
511 2200 609 2277 specie
631 2199 920 2281 plusquamperfecto
942 2202 1059 2263 numeri
1080 2200 1238 2278 singularis
1258 2218 1326 2260 cnm
1342 2199 1388 2261 rei
1402 2201 1429 2262 si
1452 2199 1524 2262 fuis·

227 2319 305 2372 sem,
333 2319 400 2361 cnm
424 2299 467 2362 vel
491 2302 514 2360 si
538 2301 658 2371 fuisses,
686 2320 752 2363 cum
775 2301 820 2362 rei
842 2304 867 2363 si
893 2304 1013 2372 fuisset;
1048 2303 1165 2363 numeri
1192 2300 1314 2381 pluralis
1340 2320 1410 2363 oum
1431 2300 1525 2364 rdet

228 2403 393 2472 fuissemus,
417 2420 484 2463 oum
505 2402 550 2464 vol
570 2405 595 2463 si
617 2403 755 2473 fuissetis,
777 2421 844 2464 enm
867 2405 912 2466 vei
935 2406 960 2466 si
982 2405 1120 2466 fuissent:
1150 2403 1256 2466 eodem
1278 2403 1367 2465 modo
1388 2410 1524 2483 tempore

189 2525 216 2568 ao
230 2506 329 2566 futuro
356 2507 472 2566 numeri
492 2505 650 2584 singularis
675 2524 742 2566 cnm
769 2504 814 2566 vef
835 2509 859 2566 si
877 2507 976 2574 fuero,
1003 2524 1070 2567 eum
1091 2505 1136 2567 rei
1156 2507 1182 2566 si
1202 2506 1310 2584 fueris,
1339 2523 1409 2567 oum
1432 2504 1478 2568 rei
1499 2508 1524 2567 si

227 2608 331 2674 fuerit;
363 2608 480 2669 numeri
501 2606 625 2688 pluralis
648 2626 716 2667 enm
739 2604 784 2668 vel
805 2608 829 2668 si
849 2608 1007 2677 fuerimus,
1031 2626 1098 2668 eum
1122 2605 1167 2668 rel
1189 2608 1213 2668 si
1236 2606 1367 2679 fueritis,
1388 2625 1459 2669 cunr
1480 2607 1524 2671 rei

228 2711 251 2770 si
273 2709 393 2770 fuerint.
437 2727 516 2771 nnnc
542 2710 600 2771 hoe
628 2727 798 2778 monemus,
827 2709 907 2788 quod
928 2708 986 2769 hoo
1014 2708 1137 2769 verbum
1165 2715 1283 2770 etcum
1306 2710 1525 2789 compositione

228 2829 280 2872 sna
303 2810 340 2871 ad
363 2829 451 2890 snpra
476 2815 616 2891 scriptam
640 2811 765 2871 formam
788 2809 961 2871 declinatur.

313 2911 437 2973 Possum
461 2915 583 2975 rerhnm
601 2912 777 2973 defectivum
801 2913 955 2973 indicativo
976 2912 1064 2973 modo
1087 2912 1199 2973 dictum
1220 2912 1363 2990 temporis
1381 2930 1525 2992 praeseu-

188 3036 214 3078 aa
229 3017 266 3074 tis
290 3015 406 3075 numeri
429 3015 586 3090 singularis
607 3015 718 3092 figurae
740 3016 919 3092 compositae
942 3032 1085 3093 personae
1107 3016 1235 3094 primae,
1258 3013 1337 3092 quod
1360 3013 1525 3078 declinabi·

227 3123 275 3177 tur
297 3118 348 3177 sic.
394 3117 510 3177 numeri
528 3116 684 3192 singularis
703 3134 822 3194 possum
842 3124 926 3194 potes
949 3123 1057 3194 potest,
1082 3117 1198 3176 numeri
1216 3115 1341 3194 pluralis
1362 3134 1527 3196 possumus

226 3219 349 3297 potestis
370 3225 510 3296 possunt:
535 3217 638 3278 eodem
656 3218 744 3278 morio
767 3227 900 3295 tempore
915 3219 1075 3296 praeterito
1097 3219 1194 3296 specie
1214 3216 1387 3295 imperfecta
1406 3196 1544 3281 numeri·

226 3319 384 3397 singularis
412 3328 545 3398 poteram
574 3308 694 3397 poteras
724 3327 853 3397 poterat,
887 3321 1002 3379 numeri
1031 3317 1153 3398 pluralis
1181 3327 1354 3397 poteramus
1381 3321 1529 3397 poteratis

227 3430 377 3499 poterant:
406 3421 519 3482 eodem
543 3420 631 3480 modo
662 3422 767 3482 eodem
788 3428 922 3499 tompore
944 3422 1042 3499 specie
1064 3421 1194 3499 perfecta
1226 3421 1343 3482 numeri
1364 3421 1529 3500 singularis

189 3525 310 3602 aopotui
344 3524 464 3601 potuisti
500 3524 606 3600 potuit,
640 3525 758 3584 numeri
788 3520 911 3601 pinraiis
942 3525 1090 3601 potuimus
1122 3525 1258 3602 potuistis
1289 3530 1454 3599 potuerunt
1483 3522 1529 3585 rel

226 3635 367 3704 potuere:
406 3626 511 3685 eodem
537 3624 624 3684 modo
658 3623 763 3684 eodem
789 3630 922 3702 tompore
955 3626 1053 3702 speeie
1080 3624 1371 3704 plusquamperfecto
1405 3626 1528 3686 numeri

226 3726 384 3803 singularis
405 3734 560 3805 potueram
583 3733 723 3804 potueras
744 3731 896 3802 potuerat,
921 3727 1035 3785 numeri
1059 3723 1180 3803 pluralis
1202 3734 1398 3804 potueramus
1419 3734 1528 3803 potue·

229 3830 302 3888 ratis
323 3837 497 3905 potuerant:
521 3827 624 3887 eodem
644 3826 733 3886 modo
755 3832 888 3903 tempore
903 3826 1002 3886 futuro
1025 3829 1087 3887 sire
1103 3827 1191 3888 modo
1207 3828 1384 3907 promissivo
1407 3831 1528 3891 numeri

227 3929 384 4006 singularis
406 3937 509 4008 potero
532 3930 643 4008 potoris
666 3927 788 4004 poterit,
817 3928 933 3987 numeri
956 3925 1076 4004 pinralis
1103 3931 1267 4006 poterimus
1290 3930 1427 4008 poteritis
1445 3928 1452 4012 Ι
1471 3948 1527 4010 po·

188 4037 336 4092 suerunt.
381 4030 470 4091 modo
501 4029 615 4089 infinito
648 4029 781 4089 numeris
814 4034 842 4087 et
873 4029 1007 4105 personis
1042 4031 1172 4091 confusis
1203 4038 1339 4109 tempore¹
1371 4034 1528 4110 praesenti

225 4149 328 4208 posse,
350 4139 484 4211 tempore
506 4130 666 4208 praeterito
688 4130 827 4208 potuisse.
872 4129 959 4188 modo
984 4132 1111 4207 optativo
1142 4140 1277 4211 tempore
1297 4134 1449 4210 praesenti
1471 4151 1527 4195 nn·

227 4233 302 4292 meri
324 4232 480 4309 singularis
502 4233 613 4292 utinam
635 4232 762 4308 possim,
785 4230 896 4288 utinam
919 4233 1029 4307 possiS,
1050 4234 1161 4293 utinam
1182 4235 1289 4312 possim
1318 4236 1438 4295 numeri
1459 4235 1526 4314 piu·

226 4332 295 4396 ralis
314 4334 424 4393 utinam
440 4335 596 4411 possimus,
613 4334 723 4393 utinam
739 4331 865 4409 possitis,
884 4332 994 4391 utinam
1009 4334 1137 4409 possint:
1161 4334 1266 4396 eodem
1283 4336 1373 4396 modo
1387 4341 1528 4414 tempore

226 4436 386 4513 praeterito
407 4434 504 4511 speeie
525 4435 697 4510 imperfecta
720 4432 835 4492 numeri
854 4430 1010 4505 singularis
1034 4437 1144 4494 ruinam
1165 4454 1294 4514 possem,
1318 4440 1432 4498 utinam
1453 4456 1533 4516 pos-

189 4550 292 4605 ooses,
328 4537 440 4596 utinam
470 4542 586 4613 possot;
620 4535 736 4595 numeri
760 4531 881 4612 piuraiis
913 4534 1022 4592 utinam
1047 4553 1213 4611 possemus,
1248 4540 1362 4599 utinam
1384 4540 1538 4617 possetis,

226 4639 337 4699 utinam
360 4643 493 4715 possent:
532 4635 635 4695 eodem
657 4635 746 4694 modo
765 4633 868 4695 eodem
891 4640 1023 4710 tempore
1045 4638 1143 4713 speeie
1165 4641 1299 4716 perfecta
1322 4641 1439 4702 numeri
1461 4642 1546 4701 sin-

297 4848 330 4900 ³⁴
349 4854 468 4915 poterunt
485 4861 514 4896 ru
531 4846 642 4911 poterint
660 4844 683 4895 n
