3314 5506
213 386 275 448 aaa
520 409 522 412 ⁴
779 378 935 462 [senen]

262 486 280 529 i.
293 488 319 531 bd
332 488 381 529 eod.
396 487 446 529 lma.

120 564 123 569 '
212 565 383 638 cuiuslibet,
406 574 548 648 punctum
564 566 601 629 ad
616 574 705 647 caput
718 566 834 629 litterae
855 568 1007 647 ponimus:
1029 565 1081 629 nbl
1101 585 1208 629 sensns
1229 565 1378 653 necdumli
1390 567 1466 649 plenu

213 675 258 731 ast
279 676 310 731 ot
330 670 479 749 respirare
500 677 635 751 oportet,
662 669 700 732 ad
723 669 851 732 mediam
873 668 1002 732 litteram
1025 668 1130 732 damus
1151 677 1312 750 punctum:
1342 669 1390 733 nbi
1405 689 1467 734 suaa

212 770 301 832 linem
323 769 454 852 inplendi
476 789 581 834 sensns
603 773 642 834 ita
662 769 885 851 suspendimus,
907 778 941 834 ut
960 772 1061 834 suum
1080 770 1110 833 id
1124 771 1204 852 quod
1218 775 1352 855 seqrritur
1364 771 1467 836 mbloera

215 871 384 942 debeamus,
407 874 497 935 imam
517 872 647 936 litteram
670 880 780 954 puncto
803 880 948 935 notamus.
977 874 1075 935 omnis
1096 874 1175 936 enim
1197 891 1248 936 res
1267 875 1378 937 initium
1396 873 1466 945 balet

189 976 398 1054 coequentiam
427 982 457 1037 et
483 973 643 1037 clausulam
671 983 736 1049 aut,
763 983 797 1037 nt
821 975 903 1037 dicas
930 974 993 1047 bic,
1027 976 1143 1037 initium
1176 985 1363 1056 angmentum
1389 984 1466 1038 daun

217 1074 391 1157 [declinatio
413 1076 479 1138 tinia
501 1078 544 1138 sic
566 1084 613 1138 est
633 1075 766 1158 positio].
795 1077 901 1157 incipis
922 1078 1129 1157 pronuntiare,
1152 1076 1310 1155 distinguis
1329 1076 1465 1158 partimin

216 1195 321 1240 sensus
342 1179 400 1247 sic,
424 1185 458 1239 ut
477 1178 617 1240 ostendas
638 1196 794 1260 superesse
816 1195 890 1260 quae
911 1178 1067 1241 iniorenda
1087 1185 1171 1250 aunt,
1193 1186 1224 1240 et
1238 1197 1293 1260 per
1306 1179 1405 1260 gradu
1419 1197 1466 1261 pro

216 1281 380 1342 nuntiando
407 1278 567 1343 clausulam
596 1279 683 1351 iacie;
716 1289 747 1343 et
773 1279 843 1342 indo
865 1279 943 1342 alind
965 1278 1055 1343 simili
1075 1280 1163 1343 modo
1186 1282 1297 1343 iaciens
1317 1283 1465 1364 principium,

217 1380 376 1444 adtitulans
408 1383 516 1443 seriem
550 1390 641 1444 totam
673 1382 779 1445 ordine
812 1380 983 1445 demonstra
1015 1390 1163 1446 commata
1196 1382 1361 1465 [pluraliter
1389 1383 1465 1445 didtnr

181 1502 336 1546 rooomnn
357 1491 387 1546 et
408 1482 483 1546 baec
504 1484 676 1567 commata}
699 1484 785 1545 colon
801 1486 880 1546 enim
896 1483 1071 1557 membrum,
1093 1502 1210 1547 eomnn
1232 1486 1361 1547 meisum.
1380 1501 1464 1547 sonna

216 1589 280 1668 ipsa
302 1595 347 1648 est
367 1588 582 1666 pentemimero
603 1587 634 1648 in
654 1587 811 1649 scansione
832 1587 922 1650 totins
942 1603 1053 1649 versus.
1083 1585 1252 1649 membrum
1274 1596 1319 1649 est
1336 1586 1403 1669 qood
1418 1602 1466 1647 ne·

218 1686 314 1750 dimus
335 1706 391 1769 ρετ
412 1697 566 1751 commata.

656 2382 1074 2485 n1snn11.

432 2621 488 2683 DE
515 2622 764 2685 unionibus
790 2621 1015 2686 PARTIBVS
1041 2622 1296 2686 cassionis.

185 2778 208 2820 n
306 2759 405 2822 Primo
438 2758 515 2821 libro
548 2760 585 2821 de
618 2759 801 2839 expositione
828 2767 895 2820 octo
923 2760 1051 2838 partium
1079 2760 1221 2822 orationis
1249 2759 1414 2840 disputatum
1435 2760 1475 2814 est

221 2862 279 2924 hoc
302 2880 371 2924 vcro
393 2861 470 2923 libro
492 2862 600 2923 artium
623 2868 823 2942 opportunum
847 2862 983 2924 duximus
1005 2861 1042 2923 ad
1064 2859 1179 2934 locum,
1203 2879 1261 2941 quo
1277 2860 1361 2924 modo
1375 2856 1477 2939 exposite

221 2973 304 3035 sunt,
329 2962 433 3025 ordine
456 2980 622 3024 recurrere.
666 2972 767 3043 partes
789 2964 931 3025 orationis
953 2963 1031 3044 apud
1046 2963 1175 3025 Graecos
1196 2962 1317 3024 totidem
1339 2969 1408 3031 sunt,
1426 2961 1478 3039 quot

222 3073 250 3128 et
272 3066 349 3146 apud
373 3066 508 3135 latinos,
539 3067 590 3145 qui
618 3062 772 3127 articulum
803 3083 862 3126 non
891 3064 1009 3127 babent.
1054 3065 1159 3127 Graeci
1187 3065 1265 3126 enim
1287 3079 1436 3147 pronomen
1453 3056 1479 3118 ab

221 3167 345 3230 articulo
369 3167 523 3237 differunt,
553 3168 593 3228 ita
621 3174 654 3228 ut
674 3185 732 3228 una
755 3186 824 3247 pars
845 3168 882 3229 sit
906 3184 1085 3247 pronomen,
1113 3164 1348 3235 alienationum
1374 3163 1419 3228 sed
1438 3177 1481 3222 non

188 3282 214 3323 ²⁰
228 3270 422 3333 adnumerant
443 3269 694 3340 interiectionem,
718 3287 778 3329 non
800 3287 864 3330 eam
888 3270 1036 3349 recipiunt
1057 3284 1191 3330 numero.
1227 3269 1264 3330 dc
1286 3267 1415 3329 omnibus
1432 3279 1482 3344 par·

222 3372 301 3434 tibus
323 3373 464 3433 orationis
487 3369 678 3432 declinabiles
700 3378 769 3431 sunt
789 3389 844 3451 ρετ
866 3379 1048 3442 sesostres,
1077 3389 1184 3432 nomen
1207 3388 1371 3451 pronomen
1391 3376 1418 3430 ct
1435 3383 1483 3446 par·

222 3476 373 3555 tioipinm;
396 3473 518 3534 verbum
542 3481 639 3534 antam
663 3490 717 3552 ρετ
738 3472 844 3534 modos
865 3480 999 3551 tempora
1022 3490 1223 3553 personasque
1246 3472 1384 3535 decurrit

308 3576 399 3638 Casus
421 3574 492 3636 dicti
514 3582 598 3645 sunt,
626 3573 705 3655 quod
734 3592 789 3653 per
810 3593 861 3635 eos
883 3576 981 3635 omnia
1002 3576 1033 3635 in
1056 3572 1252 3636 declinatione
1273 3572 1389 3636 cadunt.
1428 3567 1504 3649 unda¹

223 3678 341 3759 quidam
370 3695 455 3739 casus
483 3679 613 3757 quinquo
641 3694 705 3737 esso
732 3683 850 3756 putent,
880 3685 1002 3757 excepto
1030 3677 1224 3738 nominativo:
1263 3674 1312 3736 bie
1338 3676 1412 3737 enim
1440 3687 1488 3733 ren

185 3790 211 3830 ²⁵
224 3781 378 3859 proponit,
403 3797 462 3840 non
477 3778 583 3840 flectit:
608 3779 699 3840 ceteri
715 3794 793 3848 vero,
817 3779 884 3859 qnia
906 3777 1029 3842 flectunt
1052 3776 1201 3860 [cadunt]‚
1217 3795 1304 3840 casus
1318 3785 1397 3839 recte
1410 3769 1488 3858 appel·

224 3880 331 3943 lantur.
362 3881 558 3942 nominativus
573 3880 668 3940 dictus
691 3889 751 3952 est,
774 3878 852 3960 quod
875 3898 929 3959 ρετ
951 3899 1018 3940 enm
1041 3881 1195 3942 nominare
1218 3898 1272 3941 nos
1294 3878 1401 3962 aliquid
1420 3875 1489 3956 signi·

224 3983 361 4051 iioemus,
385 3992 418 4043 nt
439 3981 487 4042 bic
510 3983 665 4062 megistum
689 3984 833 4060 genitivus
855 4000 939 4044 casus
955 3982 1051 4044 dictus
1073 3990 1131 4052 ost,
1154 3980 1234 4062 quod
1256 4000 1311 4061 ρετ
1334 4000 1399 4044 eum
1419 3994 1491 4060 genu

225 4084 367 4162 cuiusque
389 4081 434 4143 τεΙ
455 4101 520 4144 rem
542 4084 756 4162 significamus,
779 4092 812 4146 ut
832 4084 920 4145 huius
942 4085 1088 4162 magistri;
1118 4083 1245 4154 danna,
1268 4082 1348 4164 quod
1371 4101 1423 4164 ρετ
1441 4095 1491 4144 oin

226 4183 296 4244 dare
327 4202 382 4245 nos
410 4182 519 4264 aliquid
541 4183 628 4247 eboni
650 4185 863 4264 significemus,
886 4193 919 4247 ut
940 4185 1009 4247 huic
1031 4187 1185 4266 magistro;
1215 4187 1411 4257 accusativus,
1431 4177 1491 4266 quod

187 4292 214 4336 ³⁰
226 4304 280 4367 per
295 4304 362 4347 eum
378 4304 517 4348 accusare
538 4305 593 4350 nos
615 4286 741 4369 aliquem
756 4288 967 4366 signilloemus,
990 4294 1024 4348 ut
1044 4289 1123 4349 hunc
1146 4288 1334 4366 magistrum
1360 4287 1492 4352 vocalius

226 4387 303 4469 qnod
326 4405 381 4468 ρετ
403 4407 469 4449 eum
492 4405 597 4451 vocare
620 4407 674 4451 nos
696 4388 822 4471 aliquem
845 4389 1058 4468 significemus,
1086 4397 1119 4450 ot
1139 4408 1157 4451 o
1179 4389 1337 4469 magister3
1365 4389 1492 4453 ablatus

295 4611 409 4662 {astatus
428 4609 453 4658 L
537 4609 554 4660 8
573 4609 646 4678 iacis]
665 4625 725 4661 snos
741 4626 809 4665 sorr.
831 4624 888 4662 raoa
908 4611 933 4660 L
1013 4608 1031 4660 9
1048 4609 1156 4661 adtituia
1173 4625 1245 4664 εεττ.
1265 4610 1402 4662 adtitulana
1421 4612 1441 4661 d

227 4681 397 4731 demonstrato
414 4687 541 4746 gemmata
559 4680 584 4730 L
673 4680 705 4732 10
729 4681 784 4731 εοΙο
802 4682 869 4731 enim
886 4680 1058 4731 membrorum
1079 4682 1103 4731 Ia
1192 4681 1224 4733 ll
1245 4696 1322 4745 qnam
1338 4681 1447 4732 εεῶωεε
1461 4690 1495 4745 per

226 4757 363 4800 commate:
382 4768 417 4800 ω
434 4749 470 4800 Ι)ε
488 4749 611 4799 maiorib:
632 4751 731 4815 partib:
755 4752 877 4801 orationis
898 4750 951 4815 los
970 4764 1146 4802 raroannrava
1170 4765 1278 4803 saorra:
1297 4751 1303 4817 Ι
1323 4751 1405 4803 Primo
1422 4752 1443 4801 d

230 4819 260 4870 ld
278 4828 428 4886 oportunum
446 4819 560 4870 diximus
581 4821 604 4869 Ι,
693 4821 724 4871 17
745 4836 892 4888 percurrere
911 4820 935 4870 L
1022 4820 1056 4874 23
1074 4822 1161 4871 omnia
1178 4821 1370 4873 inclinationem
1388 4822 1411 4872 L
1471 4816 1496 4867 ἥ

230 4892 290 4958 quia
308 4889 443 4941 flectuntur
461 4890 556 4940 eadunt
567 4904 642 4940 casus
660 4900 726 4945 reete
744 4891 887 4957 appellatur
905 4890 929 4942 L
998 4890 1033 4945 28
1051 4891 1091 4942 vel
1108 4888 1174 4960 rem]
1188 4891 1310 4957 sortasse
1327 4893 1367 4943 rel
1382 4901 1468 4960 patrum
