3314 5506
681 380 892 446 PRAEFATIO
1381 394 1418 444 xr

127 571 207 634 sinis
229 569 394 655 excerptis
415 569 462 633 ita
489 567 709 647 consentiunt,
734 575 772 631 ut
793 567 935 632 dubitari
958 576 1097 652 nequeat
1118 569 1196 653 quin
1218 567 1271 631 vel
1294 590 1336 631 ex
1358 567 1419 633 hoc

127 674 198 758 ipso
225 671 309 736 libro
331 671 384 737 vel
413 693 454 735 ex
483 691 613 756 prorsus
636 667 735 733 simili
756 670 981 755 Bongarsiana
1001 667 1059 732 illa
1080 670 1184 754 petita
1204 670 1283 734 sint:
1318 668 1361 735 ef.
1385 692 1418 755 p.

130 784 178 847 17,
202 784 231 843 4.
256 785 284 853 7,
308 782 327 841 5
350 796 421 859 sqq.
458 770 605 836 Putschii
626 772 784 835 rationem
805 774 936 837 retinuit
957 770 1143 836 Fridericus
1164 770 1418 852 Lindemannus,

128 877 184 961 qui
206 885 381 961 utrumque
403 874 522 940 librum
544 873 585 938 ad
608 873 705 937 fidem
726 873 846 938 codicis
862 872 1123 937 Vindobonensis
1146 895 1166 936 a
1187 894 1222 936 se
1244 872 1363 938 conlati
1384 874 1419 939 in

128 979 231 1063 primo
259 976 425 1043 volumine
451 977 735 1062 grammaticorum
762 975 952 1041 Latinorum
980 975 1092 1040 edidit.
1135 975 1231 1040 huius
1254 983 1419 1062 excerpts,

129 1101 308 1165 quaecum
335 1078 468 1164 reliquis
494 1078 711 1143 Lindemanni
739 1077 866 1142 schedis
894 1076 935 1142 ad
958 1098 1009 1140 me
1031 1076 1141 1142 adlata
1163 1087 1269 1158 erant,
1292 1079 1418 1164 ipsein

131 1180 264 1246 edendis
286 1179 337 1244 his
361 1181 453 1245 libris
477 1190 606 1246 secutus
622 1203 704 1244 sum.
727 1202 804 1244 narn
824 1180 932 1264 ipsum
954 1179 1096 1244 codicem
1119 1201 1184 1243 non
1205 1177 1285 1243 vidi.
1308 1200 1419 1265 quam·

131 1305 225 1368 quam
253 1291 364 1346 autem
392 1280 489 1347 facile
515 1284 656 1347 concedo
684 1282 944 1347 Lindemannum
969 1283 1076 1346 minus
1106 1280 1293 1367 diligenter,
1322 1304 1419 1367 quam

132 1385 201 1450 lieri
233 1385 390 1465 debebat,
424 1385 618 1470 scripturam
645 1406 744 1449 manu
771 1385 885 1470 scripti
912 1383 1033 1449 codicis
1066 1383 1278 1464 indicavisse,
1311 1394 1419 1448 tamen

130 1509 212 1573 qnae
239 1487 281 1553 ab
307 1485 365 1551 illo
394 1486 515 1552 omissa
544 1497 620 1552 sunt
649 1508 713 1550 non
741 1495 807 1550 tarn
833 1486 949 1572 gravia
976 1507 1047 1550 esse
1075 1484 1271 1550 videbantur
1297 1486 1331 1549 in
1357 1484 1419 1550 hoe

131 1589 319 1675 praesertim
347 1587 504 1654 librorum
536 1609 670 1673 genere,
706 1597 743 1651 ut
775 1587 881 1652 denuo
913 1587 1058 1652 codicem
1087 1587 1319 1652 excutiendum
1348 1608 1419 1651 esse

131 1691 360 1757 existimarem.
405 1689 463 1754 sed
490 1690 749 1755 Lindemannum
776 1691 809 1754 in
837 1689 978 1754 editione
1005 1689 1168 1754 interdum
1196 1691 1263 1754 suis
1290 1688 1419 1754 schedis

131 1790 353 1878 neglegentius
376 1814 472 1856 usum
493 1814 564 1857 esse
585 1793 706 1857 inveni.
750 1813 813 1878 quo
836 1791 959 1855 factum
981 1800 1032 1855 est
1059 1801 1181 1855 utnon
1203 1790 1294 1855 nulla
1315 1789 1418 1871 aliter,

131 1903 226 1982 atque
248 1893 368 1959 abillo
391 1894 514 1959 factum
536 1903 620 1976 erat,
643 1916 663 1958 a
684 1916 736 1958 me
757 1894 987 1959 indicarentur.
1017 1902 1185 1978 praeterea
1208 1915 1248 1957 ex
1270 1892 1419 1957 Parisino
1530 1942 1533 1947 «

133 1996 243 2061 codice
265 2017 372 2081 pauca
394 1996 563 2082 adscripsi.
608 2018 683 2060 nam
705 2018 789 2083 quae
811 2019 849 2062 eo
871 1997 1075 2061 eontinentur
1097 2016 1160 2059 non
1183 1994 1288 2060 solum
1310 1992 1418 2077 negle-

130 2099 317 2181 gentissime
332 2098 375 2164 ab
397 2098 532 2164 homine.
546 2100 686 2185 inperito
709 2121 752 2163 ex
766 2098 865 2165 Probi
888 2097 970 2163 libro
993 2108 1148 2183 excerpta
1169 2107 1203 2162 et
1223 2098 1259 2161 in
1279 2117 1419 2181 conpen-

132 2200 219 2264 dium
240 2199 384 2281 redacta,
407 2201 577 2266 sedetiam
592 2211 659 2266 tam
673 2202 789 2265 vitiose
812 2202 933 2286 scripta
955 2211 1046 2281 sunt,
1069 2209 1105 2263 ut
1120 2200 1273 2283 exiguam
1289 2199 1418 2262 omnino

132 2302 304 2367 utilitatem
325 2302 514 2389 praebeant.
548 2303 687 2390 denique
709 2325 751 2368 ex
774 2303 868 2368 editis
891 2299 1145 2387 exemplaribus,
1169 2322 1306 2387 quorum
1329 2297 1419 2364 nulla

132 2413 179 2468 est
201 2406 378 2470 auctoritas
401 2405 443 2469 ad
459 2406 654 2491 scripturam
675 2405 949 2485 constituendam,
973 2426 1012 2468 ea
1034 2425 1117 2489 quae
1140 2402 1239 2488 digna
1260 2424 1333 2467 esse
1354 2423 1418 2466 me·

131 2507 232 2570 moria
252 2506 450 2571 videbantur
471 2506 621 2593 adposita
642 2517 726 2572 sunt.

213 2608 293 2673 Post
314 2607 475 2673 catholica
496 2608 594 2674 Probi
617 2608 711 2694 posui
732 2608 926 2673 instituta
954 2609 1099 2673 artium
1121 2607 1174 2672 vel
1196 2617 1297 2671 artem
1320 2607 1419 2672 mino·

132 2732 212 2789 rem,
235 2720 272 2774 ut
294 2720 391 2797 autea
413 2710 592 2774 dicebatur.
637 2731 734 2795 quem
760 2709 879 2774 librum
901 2710 1048 2794 Angelus
1070 2709 1178 2774 Maius
1206 2708 1300 2774 class.
1332 2719 1417 2774 auct.

130 2810 241 2876 volV
263 2835 295 2897 p.
314 2820 374 2882 153
390 2833 461 2898 sqq.
484 2833 567 2876 anno
591 2818 672 2883 1833
695 2834 738 2876 ex
759 2812 869 2877 codice
889 2812 1048 2877 Vaticano
1070 2833 1135 2876 nou
1157 2811 1268 2877 addito
1290 2813 1419 2877 nomine
1492 2887 1499 2893 ,

131 2914 272 2979 auctoris
304 2915 430 2997 primus
463 2913 575 2977 edidit.
619 2913 660 2978 de
692 2913 802 2978 codice
838 2924 961 2995 autem,
994 2936 1090 3000 quem
1124 2915 1302 2999 expressit,
1339 2913 1420 2980 haec

131 3017 261 3101 scripsit
288 3017 321 3079 in
350 3014 552 3100 praefatione
579 3038 610 3102 p.
640 3015 803 3097 XXXIV,
832 3025 1045 3103 ‘quamquam
1076 3016 1170 3080 multi
1202 3017 1236 3080 in
1268 3018 1421 3082 vaticana

131 3116 328 3183 bibliotheca
349 3119 431 3181 sunt'
446 3116 542 3181 valde
562 3119 662 3201 prisci
683 3120 967 3203 grammaticorum
988 3118 1162 3183 latinorum
1184 3117 1327 3198 codices,
1349 3118 1420 3182 nul·

131 3219 180 3283 lus
202 3230 311 3284 tamen
334 3218 375 3283 ad
397 3218 489 3283 illum
504 3219 645 3301 accedit,
668 3242 709 3284 ex
725 3242 788 3306 quo
804 3242 999 3306 anonymum
1013 3221 1261 3306 grammaticum
1283 3222 1418 3305 sumpsi·

131 3342 218 3385 mus:
243 3329 293 3384 est
315 3321 401 3384 enim
422 3319 555 3384 ultimae
575 3344 709 3407 prorsus
732 3323 935 3408 antiquitatis
958 3320 1140 3404 κειμήλιον,
1163 3320 1278 3386 litteris
1300 3324 1419 3407 partim

131 3423 298 3509 quadratis
321 3423 479 3508 scriptum
500 3424 533 3486 in
555 3423 743 3489 membrana
770 3425 918 3510 pertenui
940 3447 979 3489 ac
1000 3422 1178 3509 laevigata,
1207 3446 1280 3488 cum
1302 3424 1417 3510 priscis

133 3523 434 3603 emendationibus,
458 3547 541 3611 quae
564 3527 735 3611 partimin
759 3529 822 3592 oris
846 3526 980 3607 codicis,
1004 3528 1123 3612 partim
1136 3529 1170 3592 in
1192 3548 1326 3613 corpore
1347 3528 1418 3613 ipso

133 3627 228 3708 fiunt3
256 3648 322 3691 non
349 3626 511 3691 mediocre
539 3649 618 3690 sane
644 3626 796 3692 volumen
822 3631 855 3697 in
891 3639 937 3709 4.,
966 3627 1054 3693 foliis
1076 3638 1228 3692 constans
1257 3635 1333 3708 289,
1361 3649 1419 3692 seu

132 3730 258 3814 paginis
287 3736 359 3798 577.
385 3765 420 3775 -
445 3728 551 3793 codex
578 3730 663 3792 enim
691 3729 732 3794 ad
760 3741 889 3796 sextum
916 3731 1132 3814 septimumve
1159 3728 1281 3794 Christi
1309 3752 1419 3794 saecu·

132 3830 196 3893 lum
228 3829 343 3894 referri
376 3828 497 3894 debet’
541 3829 626 3895 hunc
658 3831 802 3896 codicem
836 3834 937 3918 igitur
963 3834 1009 3897 ita
1037 3833 1200 3918 expressit
1231 3831 1349 3912 editor,
1382 3841 1420 3897 ut

132 3954 250 4017 pauca,
274 3953 357 4017 quae
378 3932 413 3995 in
434 3930 545 3996 codice
567 3943 719 4021 corrupta
741 3944 862 4015 essent,
885 3936 1075 4020 corrigeret,
1098 3932 1193 4021 plura
1214 3933 1420 4019 neglegentia

132 4033 368 4098 transcribendi
391 4046 621 4121 corrumperet.
664 4057 739 4099 nam
767 4038 1000 4101 accuratiorem
1029 4035 1173 4100 eiusdem
1194 4035 1315 4100 codicis
1338 4035 1419 4098 noti·

132 4138 209 4199 tiam
237 4135 316 4199 mihi
343 4136 494 4222 praebuit
521 4135 744 4223 apographum
770 4138 805 4200 in
835 4138 963 4203 schedis
991 4137 1207 4202 Lindemanni
1239 4137 1417 4200 inventum.

132 4239 163 4300 in
184 4259 250 4323 quo
271 4239 420 4322 quamvis
443 4237 522 4302 nihil
551 4237 728 4302 indicatum
756 4240 799 4302 sit
825 4239 865 4304 de
893 4239 976 4304 libro
1007 4261 1105 4302 manu
1128 4239 1262 4323 scripto,
1290 4259 1332 4301 ex
1353 4259 1418 4323 qno

132 4339 253 4404 lactum
275 4348 326 4402 est
347 4339 585 4425 apographum,
609 4349 716 4404 mmen
738 4362 803 4404 non
825 4341 939 4406 dubito
962 4342 1040 4427 quin
1063 4362 1104 4405 ex
1126 4339 1285 4404 Vaticano
1307 4338 1418 4405 codice

131 4440 328 4526 descriptum
361 4442 413 4504 sit.
457 4463 532 4504 nam
563 4462 628 4505 non
660 4443 763 4506 solum
797 4444 956 4528 scriptura
988 4465 1061 4508 cum
1096 4443 1243 4506 Romana
1278 4439 1418 4505 editione

131 4544 291 4607 consentit
301 4589 310 4621 ,
334 4542 391 4607 sed
413 4543 510 4607 etiam
525 4564 677 4607 numerus
699 4545 908 4629 paginarum,
931 4547 1062 4630 quaein
1077 4545 1223 4629 margine
1239 4542 1418 4629 apographi

130 4645 292 4710 indicatae
315 4654 407 4724 sunt,
430 4644 514 4708 idem
538 4656 604 4725 est,
626 4667 722 4731 quem
744 4647 778 4710 in
800 4645 913 4710 codice
935 4668 1006 4711 esse
1028 4647 1135 4712 Maius
1158 4646 1245 4710 dicit.
1290 4654 1341 4708 est
1362 4666 1418 4709 au·

130 4757 192 4810 tem
220 4746 264 4812 ab
294 4744 380 4810 Italo
408 4746 550 4825 homine,
579 4747 686 4833 siquid
714 4770 757 4812 ex
783 4748 889 4812 for‘ma
916 4747 1097 4813 litterarum
1117 4746 1310 4812 concludere
1331 4746 1417 4824 licet,

129 4851 206 4914 satis
229 4857 404 4929 accurate,
426 4860 463 4914 ut
483 4849 627 4929 videtur,
650 4871 693 4914 ex
714 4858 824 4915 vetere
845 4851 956 4917 codice
978 4850 1185 4937 descriptum.
1227 4871 1303 4913 nam
1325 4859 1357 4914 et
1379 4871 1419 4914 ea
