3314 5506
177 345 235 406 too
746 343 872 435 ¹enom

225 475 247 515 p·
260 461 349 503 ill-lb
362 460 389 502 n.
1226 473 1248 514 p·
1263 459 1367 503 298420
1380 457 1408 501 V.

175 539 296 601 vertam,
323 539 354 592 nt
373 532 540 608 genetivum
562 548 660 591 msnm
684 533 800 592 numeri
820 529 941 611 pluralis
962 530 1097 600 efficiant,
1120 529 1178 592 boc
1196 533 1227 592 in
1241 514 1346 593 metris
1365 530 1411 593 rel
1427 533 1455 593 in

173 635 330 694 structuris
350 628 553 714 conpetenlter
574 631 774 694 tractabimus

257 734 329 796 ltem
351 736 380 794 in
402 734 457 796 bac
478 753 567 814 supra
590 735 665 796 dicta
689 736 783 796 torma
805 735 861 795 boc
883 753 1046 806 monemus,
1071 735 1149 814 quod
1170 734 1244 796 baec
1261 735 1321 796 dno
1339 737 1455 797 nomina

172 845 300 906 tantum,
328 837 358 897 id
387 844 431 897 est
456 843 523 897 uter
546 835 634 905 alter,
665 855 751 916 quam
778 839 904 898 maxime
929 844 1052 916 propter
1076 844 1240 899 structuras
1267 839 1404 914 genetivo
1429 844 1464 899 ct*

146 939 267 1004 edauvo
294 957 364 999 casn
392 940 507 999 numeri
532 938 689 1016 singularis
716 941 758 1000 sic
784 938 918 1000 anomale
947 939 1117 999 confirmata
1139 939 1197 1012 sint
1218 920 1375 1008 declinari,
1403 939 1457 1000 boc

171 1048 216 1102 est
234 1039 321 1101 buius
342 1041 435 1101 utrius
457 1040 526 1100 bnic
544 1041 611 1110 utri,
634 1038 859 1102 buinsalterins
873 1037 886 1124 ΙΙ
902 1040 970 1101 hnic
992 1039 1092 1111 alteri;
1121 1049 1152 1100 at
1177 1057 1246 1101 tero
1266 1058 1322 1119 per
1342 1049 1457 1103 ceteros

71 1119 80 1137 ¹
171 1160 257 1204 casus
278 1142 314 1203 ad
334 1159 438 1202 sonnm
461 1143 526 1220 apri
548 1141 676 1203 debeant
696 1141 845 1204 declinari.
888 1160 968 1202 nunc
990 1143 1077 1203 etiam
1106 1142 1162 1202 boc
1183 1159 1353 1212 monemus,
1379 1142 1457 1223 quod

170 1243 244 1305 bace
262 1262 350 1322 snpra
374 1243 450 1304 (licta
473 1243 531 1303 dnn
547 1245 672 1304 'nomina
699 1251 820 1322 propter
842 1252 936 1305 metra
960 1245 991 1304 in
1011 1244 1104 1305 isdem
1126 1260 1215 1322 supra
1235 1243 1322 1305 dictis
1340 1242 1457 1306 casibus

171 1354 202 1407 et
223 1344 358 1406 anomale
392 1353 420 1405 et
447 1363 507 1405 non
528 1344 661 1406 anomale
693 1348 836 1423 permissa
867 1348 926 1406 sint
957 1345 1105 1407 declinari.
1151 1344 1202 1407 scd
1235 1344 1310 1406 baec
1338 1347 1455 1407 nomina

133 1467 158 1509 m
171 1464 229 1524 qua
251 1433 298 1512 (le⁴
310 1465 397 1507 cansa
426 1449 455 1508 in
475 1465 566 1526 supra
587 1448 672 1509 dictis
692 1447 809 1508 casibus
836 1456 958 1528 propter
982 1454 1145 1508 structuras
1170 1448 1213 1507 sic
1230 1445 1368 1509 anomale
1388 1464 1456 1508 eon·

169 1549 283 1610 iirmata
308 1551 365 1609 sint
392 1550 576 1629 pronuntiari
607 1558 637 1611 et
664 1550 694 1611 in
726 1551 828 1610 metris
856 1549 990 1611 anomale
1019 1556 1049 1609 et
1069 1552 1127 1608 bon
1148 1547 1282 1613 anomale
1312 1550 1455 1629 permissa

168 1652 230 1711 sint
256 1650 410 1720 declinari,
441 1670 507 1712 cnm
534 1651 571 1711 ad
601 1653 745 1712 rationem
772 1659 936 1712 metrorum
960 1650 1006 1712 vel
1035 1657 1250 1712 structurarum
1281 1651 1454 1722 venerimus,

170 1751 229 1814 illic
250 1760 441 1832 conpetenter
463 1752 663 1814 tractabimus.

253 1854 327 1915 ltem
348 1856 378 1915 in
400 1855 455 1916 bac
474 1874 563 1935 snpra
586 1858 693 1934 scripta
715 1854 825 1922 forma,
854 1873 910 1934 qna
933 1854 1059 1915 diximus
1086 1854 1203 1932 generis
1225 1853 1382 1916 masculini
1402 1872 1450 1914 no·

133 1975 157 2017 n
170 1958 248 2017 mina
270 1956 394 2017 ablativo
414 1975 483 2018 casu
505 1959 620 2017 numeri
642 1955 798 2034 singularis
818 1956 945 2017 olittera
967 1957 1117 2016 terminari
1140 1962 1168 2015 et
1185 1957 1363 2016 nominant-o
1384 1974 1451 2017 casu

169 2055 285 2121 uulneri
314 2057 470 2137 singularis
491 2077 524 2119 er
548 2058 651 2120 litteris
676 2058 806 2128 deliniri,
827 2059 999 2139 quaeritur,
1029 2075 1121 2137 quare
1147 2057 1195 2117 bic
1216 2057 1332 2119 Teucer
1360 2066 1390 2120 et
1409 2058 1453 2118 bic

169 2143 301 2222 Teucrus
322 2159 446 2236 legatur.
490 2179 582 2240 qnare
603 2160 661 2220 boc
681 2178 850 2230 monemus,
876 2161 1014 2240 quoniam
1037 2176 1241 2239 quaecumque
1264 2161 1384 2220 nomina
1405 2178 1451 2238 ge·

133 2295 138 2306 ·
169 2265 248 2324 neris
276 2260 428 2322 masculini
457 2260 582 2321 ablativo
607 2281 676 2322 casn
709 2264 825 2323 numeri
852 2259 1009 2337 singularis
1033 2280 1050 2321 o
1078 2258 1174 2321 littera
1203 2263 1399 2322 terminantur
1425 2268 1452 2320 et

168 2365 277 2443 gradus
300 2362 462 2424 collationis
484 2365 617 2442 recipere
639 2381 698 2423 non
722 2371 852 2441 possunt,
876 2361 949 2423 baec
969 2370 1092 2441 propter
1111 2369 1204 2423 metra
1224 2361 1271 2422 rol
1291 2369 1452 2423 structuras

130 2468 312 2544 supermissa
330 2472 399 2524 sunt
416 2483 451 2524 ex
473 2472 597 2542 utraque
619 2464 711 2525 lorma
734 2465 884 2525 declinari.
917 2464 968 2524 secl
990 2464 1063 2525 haec
1086 2483 1143 2543 qua
1166 2464 1201 2524 tle
1225 2483 1312 2525 causa
1333 2473 1452 2545 propter

168 2576 262 2629 metra
290 2567 334 2628 vel
359 2575 525 2628 structuras
552 2587 588 2627 ex
616 2575 739 2647 utraque
767 2568 861 2627 iorma
895 2567 1038 2643 permissa
1067 2568 1125 2626 sint
1150 2565 1311 2635 *declinam
1345 2565 1404 2627 hoc
1424 2567 1451 2626 in

167 2670 322 2731 structuris
340 2666 385 2728 vel
407 2670 509 2729 metris
532 2676 724 2747 conpetenter
746 2667 947 2728 tractabimus.
1333 2664 1342 2676 ’

242 2759 328 2832 'Sane
362 2788 397 2840 cr
431 2771 486 2830 bac
519 2770 612 2831 iorma
646 2772 764 2848 generis
790 2768 959 2840 masculini,
994 2788 1051 2850 qna
1080 2769 1363 2832 diximus·ablativo
1384 2788 1452 2832 casn

167 2875 282 2935 numeri
315 2871 469 2950 singularis
500 2873 617 2933 nomina
638 2893 655 2931 o
679 2871 773 2933 littera
806 2874 958 2932 terminari
985 2880 1014 2932 et
1034 2873 1212 2932 nominativo
1236 2890 1306 2932 casn
1339 2874 1452 2934 numeri

129 2975 323 3053 asingularis
345 2993 377 3035 er
401 2973 504 3036 litteris
533 2975 662 3044 definiri,
691 2974 748 3034 boc
775 2992 930 3034 monemus
954 2973 1034 3054 quon
1063 2992 1149 3052 quam
1176 2973 1303 3052 plurima
1334 2975 1450 3035 nomina

166 3078 278 3156 possint
307 3076 447 3138 exbiberi.
491 3077 527 3137 tle
551 3076 643 3136 iorma
670 3077 787 3155 generis
816 3074 982 3143 masculini,
1013 3092 1070 3153 qua
1092 3075 1217 3136 ablativo
1240 3093 1310 3137 casu
1338 3077 1451 3138 numeri

166 3178 322 3258 singularis
342 3182 460 3240 nomina
484 3200 501 3239 o
521 3178 616 3240 littera
635 3179 831 3240 terminantur
854 3186 883 3238 ot
904 3179 1082 3237 nominativo
1101 3197 1170 3238 casn
1191 3180 1308 3239 numeri
1325 3179 1451 3257 singula·

166 3282 206 3342 ris
229 3300 262 3341 er
285 3278 389 3343 litteris
408 3281 595 3349 defirrinntnr,
619 3291 760 3360 qnantum
783 3282 858 3341 ratio
880 3279 1030 3357 poscebat,
1052 3282 1249 3341 tractavimus.

251 3382 292 3444 lie
313 3385 364 3444 vir.
408 3403 611 3464 quaecumque
633 3384 753 3443 nomina
780 3384 896 3461 generis
918 3381 1070 3442 masculini
1092 3380 1218 3443 ablativo
1237 3399 1307 3442 casu
1337 3384 1452 3444 numeri

127 3484 323 3564 aosingularis
347 3505 365 3545 o
390 3484 485 3547 littera
513 3487 707 3546 terminantur
730 3494 760 3545 et
784 3486 963 3544 norninativo
986 3503 1054 3544 casu
1083 3485 1198 3544 numeri
1226 3483 1383 3562 singularis
1410 3486 1452 3544 sir

164 3586 273 3666 syllaba
302 3588 494 3656 deliniuntur,
521 3595 643 3664 utputa
668 3587 704 3647 ab
725 3587 783 3646 boc
805 3588 866 3646 viro
893 3586 940 3646 hic
959 3588 1017 3656 eir,
1047 3586 1120 3645 baec
1139 3586 1175 3646 atl
1199 3585 1255 3646 boc
1283 3586 1451 3665 exemplum

165 3687 362 3748 declinantur:
396 3690 511 3749 numeri
535 3688 692 3765 singularis
724 3689 770 3747 bic
799 3690 841 3747 vir
868 3688 958 3749 buius
987 3690 1038 3748 viri
1068 3688 1137 3748 huic
1162 3690 1222 3748 tiro
1256 3688 1335 3749 bnnc
1358 3688 1451 3749 vinnm

165 3790 247 3849 ovir
269 3788 306 3848 ab
331 3789 386 3848 boc
409 3792 487 3858 viro,
522 3792 637 3850 numeri
658 3789 779 3867 pluralis
808 3790 838 3848 bi
860 3792 913 3849 viri
944 3791 1052 3851 borum
1074 3792 1205 3851 virorum
1235 3789 1282 3849 his
1303 3791 1376 3851 viris
1397 3789 1452 3851 hos

164 3892 242 3950 ciros
264 3909 282 3950 o
302 3890 356 3950 riri
374 3890 409 3950 ab
432 3889 478 3951 his
501 3892 577 3949 viria.
623 3909 701 3949 nnnc
724 3893 753 3950 in
773 3891 827 3951 liae
850 3894 943 3951 istruna
965 3896 1082 3967 genueris
1105 3893 1272 3961 masculini,
1295 3910 1354 3972 qua
1378 3893 1451 3953 ‹tixi-

127 4003 152 4045 ³⁶
165 4010 231 4052 mus
249 3990 373 4051 ablativo
396 4009 465 4052 casn
488 3993 602 4052 numeri
618 3992 775 4069 singularis
796 3995 912 4053 rrorrrina
937 3995 1067 4056 olittera
1090 3985 1242 4057 'terminari
1265 4002 1294 4056 et
1316 3997 1450 4055 nomina·

162 4094 221 4153 tivo
245 4111 312 4153 casu
328 4090 341 4176 Η
357 4094 470 4153 numeri
494 4092 658 4176 singulalris
679 4095 722 4153 cir
740 4092 849 4173 syllaba
868 4096 998 4166 deliniri,
1020 4097 1077 4157 boc
1098 4116 1267 4165 monemus,
1292 4097 1373 4177 quod
1394 4099 1451 4157 sint

164 4192 260 4273 aliqua
287 4197 424 4263 nomina,
454 4213 529 4274 quae
557 4196 702 4256 interdum
731 4205 851 4274 propter
878 4205 971 4257 metra
999 4198 1043 4258 cel
1072 4208 1235 4259 structuras
1260 4217 1294 4260 ex
1323 4198 1450 4260 ablativo

163 4316 233 4357 casn
256 4299 370 4357 numeri
392 4298 547 4376 singularis
569 4316 586 4356 o
610 4297 743 4358 ultimum
765 4306 794 4356 et
818 4300 846 4357 in
869 4316 917 4357 tarn
940 4299 1051 4359 litteras
1074 4307 1260 4370 concertant,
1283 4307 1315 4360 nt
1337 4303 1451 4379 geneti-

163 4418 228 4459 vum
252 4417 351 4459 casum
376 4403 490 4461 numeri
521 4398 641 4479 plnrabs
666 4401 809 4467 efficiant,
838 4407 959 4477 utputa
988 4400 1024 4460 ab
1046 4402 1102 4461 boc
1122 4404 1183 4462 uro
1211 4402 1319 4463 borum
1341 4405 1447 4462 virum.

232 4607 248 4653 ‘2
268 4605 430 4652 tractabimus
449 4620 464 4650 r
482 4605 646 4654 tractanimns
667 4603 713 4652 nn
801 4606 816 4652 5
833 4605 924 4654 sintii
947 4616 1006 4655 suin
1026 4606 1047 4655 n
1131 4606 1216 4657 bsint
1234 4609 1257 4658 R
1276 4618 1335 4657 sunt
1357 4608 1381 4658 B

165 4672 196 4722 13
215 4675 377 4722 tractabimus
394 4675 417 4724 n
435 4675 596 4723 tractauimns
612 4674 638 4722 B
709 4672 740 4723 19
757 4674 900 4722 collationis
918 4675 942 4723 B
959 4676 1138 4726 conlocutionis
1154 4678 1177 4727 n
1247 4677 1287 4731 uel
1307 4677 1348 4726 Br
1368 4679 1448 4743 perii

231 4741 264 4792 21
284 4744 324 4792 uel
344 4745 449 4794 nean
518 4744 1015 4795 22tractabimusrtractnuimusliB
1083 4746 1294 4798 nainnexn
1366 4750 1399 4799 37
1417 4764 1447 4798 ex

163 4826 206 4863 aaa.
229 4813 259 4869 n,
276 4814 338 4865 adn.
359 4814 383 4862 B
453 4813 486 4863 39
504 4811 592 4863 borum
612 4816 694 4863 uirum
710 4814 750 4862 Br
768 4813 857 4863 horum
876 4817 987 4865 uirorum
1003 4816 1026 4865 n
