3314 5506
217 384 279 446 426
803 382 922 444 SlillVll

1196 490 1213 534 r.
1227 491 1290 537 ια’.
1301 490 1328 532 rt
1338 491 1382 533 eoa.
1393 492 1432 533 m.

217 567 326 648 ptelam
349 568 504 630 solutionis
526 569 682 639 accedunt,
707 578 738 632 nt
760 579 806 630 est
820 565 834 653 ss
848 570 979 650 dactylus
993 573 1025 631 in
1039 589 1125 632 versu
1140 570 1263 632 heroico
1277 568 1321 632 rel
1333 570 1465 632 trocbams

217 669 326 751 syllaba
354 679 452 731 antem
474 670 561 749 longa
584 672 642 731 duo
664 672 754 733 babet
776 682 917 754 tempora,
940 673 1038 734 brevis
1059 691 1160 735 unum.
1203 672 1272 734 ideo
1293 681 1383 736 antem
1401 691 1465 735 uuum

218 773 342 834 dicimus
365 781 480 852 tempus
501 776 530 834 in
553 773 650 842 brevi,
673 776 811 854 quoniam
834 778 942 836 cursim
965 775 1131 856 prolertur3
1154 775 1214 838 duo
1236 785 1333 838 autem
1352 778 1380 837 in
1398 776 1465 854 longa

217 876 285 953 ‹ytria
309 877 422 935 tractim
446 883 475 935 ct
497 895 563 936 curn
586 877 710 955 quadani
736 895 832 947 mora,
863 886 892 939 et
918 885 1032 938 tantum
1054 896 1211 956 possumus
1233 877 1401 958 prolerendo
1417 877 1466 937 tus

192 975 323 1039 ⁵breres
346 979 487 1057 temporis
510 995 699 1049 consumere,
723 987 864 1060 quantum
887 978 956 1040 dum
979 997 1068 1040 unam
1090 979 1210 1058 longam
1233 979 1408 1060 proferimus

707 1167 755 1229 DE
776 1165 1016 1229 ACCENTlBVS.

304 1304 448 1363 docentus
474 1302 571 1363 dictus
599 1310 643 1362 est
670 1304 752 1382 quasi
780 1301 920 1363 adcantus
947 1301 1109 1364 secundum
1133 1303 1277 1373 Graecos,
1300 1302 1348 1383 qui
1366 1312 1467 1380 uporp

219 1402 297 1465 δίαν
325 1412 439 1465 rorant.
483 1423 549 1466 nam
579 1403 656 1483 apud
684 1405 813 1466 Graecos
840 1397 923 1484 πρός
944 1403 1052 1466 dicitur
1073 1403 1126 1476 ad,
1149 1412 1253 1466 cantus
1276 1422 1342 1465 raro
1360 1393 1419 1487 ᾠδή
1433 1419 1467 1459 re

220 1515 312 1566 catrrr.
343 1504 429 1585 plane
451 1507 511 1566 sire
534 1512 688 1566 accentum
710 1505 791 1568 dieas
812 1506 871 1566 sive
894 1515 995 1567 tonum
1018 1508 1078 1568 sive
1099 1513 1251 1578 tenorem,
1273 1505 1350 1567 idem
1368 1512 1406 1566 est
1422 1501 1468 1583 [aut

181 1619 206 1661 ¹⁰
221 1609 276 1668 lmc
299 1603 368 1688 est}
412 1609 508 1668 omnis
535 1614 674 1667 accentus
695 1616 745 1669 aut
767 1615 869 1669 acutus
892 1615 937 1669 est
959 1612 972 1666 l
993 1617 1042 1669 aut
1063 1608 1271 1670 circumflexus
1292 1620 1318 1669 Α.
1337 1614 1423 1668 acutus
1438 1602 1468 1662 di·

220 1712 296 1770 ritur
323 1719 476 1777 accentus,
505 1711 641 1789 quotiens
670 1712 777 1770 cursim
807 1709 948 1789 syllabam
977 1709 1170 1788 proferimus,
1199 1718 1232 1770 ut
1253 1727 1347 1777 arma;
1374 1709 1469 1768 cirrum

222 1813 313 1872 llerxus
336 1830 419 1881 roro,
444 1813 579 1892 quotiens
602 1813 733 1879 tractim,
758 1821 789 1872 ut
812 1812 902 1872 lllusa.
949 1830 1015 1871 narn
1039 1814 1133 1890 graris
1156 1812 1325 1872 aecentnsl
1348 1810 1375 1868 in
1394 1808 1469 1868 latino

220 1932 356 1973 sermone
380 1932 472 1992 paene
496 1932 580 1973 usum
605 1931 663 1972 non
686 1913 789 1983 babet,
814 1914 870 1973 nisi
892 1913 970 1992 quod
986 1913 1031 1975 rel
1054 1932 1120 1974 cum
1144 1922 1229 1974 aerato
1251 1911 1296 1972 vel
1318 1909 1470 1971 circumiere

221 2019 288 2093 poni
314 2022 423 2094 potest,
447 2017 476 2075 in
500 2015 547 2075 lris
569 2013 682 2075 seilicet
704 2014 831 2094 syllabis,
855 2033 930 2094 quae
946 2033 1034 2095 supra
1051 2015 1144 2077 dictos
1159 2022 1301 2076 accentus
1315 2031 1370 2073 non
1384 2010 1471 2072 babent

183 2135 207 2177 rs
221 2137 296 2177 rrrrns
319 2126 414 2177 autem
439 2136 537 2178 sermo
559 2135 650 2177 unum
674 2118 779 2194 recipit
801 2124 970 2187 accentum,
995 2117 1179 2178 relocatum
1203 2116 1249 2177 rel
1271 2114 1470 2176 circumflexum:

221 2228 378 2298 utrumque
409 2229 505 2279 antem
535 2218 621 2279 simul
648 2217 758 2278 babere
787 2237 845 2278 non
874 2226 980 2297 potest.
1026 2227 1165 2280 accentus
1191 2219 1224 2278 in
1252 2236 1286 2278 ea
1313 2214 1410 2296 syllaba
1435 2219 1471 2279 tsi

220 2339 295 2400 qnae
323 2319 388 2399 plus
415 2328 508 2381 sonat.
559 2339 646 2400 quam
676 2338 738 2380 rem
769 2319 1032 2398 deprehendimus,
1067 2323 1091 2382 si
1123 2321 1268 2398 fingamus
1301 2337 1353 2379 nos
1377 2316 1472 2396 aliquem

221 2421 310 2502 louge
338 2424 464 2501 positum
493 2421 630 2483 clamare.
675 2423 839 2483 invenimus
868 2424 946 2483 enim
978 2422 1104 2483 naturali
1126 2424 1241 2483 ratione
1263 2420 1341 2482 illam
1363 2417 1472 2500 syllabam

221 2523 286 2602 plus
309 2543 429 2593 sonare,
453 2543 527 2605 qnae
550 2526 657 2584 retinet
679 2531 848 2593 accentum,
871 2529 959 2603 alque
974 2542 1067 2603 usque
1083 2524 1188 2585 eodem
1204 2525 1299 2585 nisum
1314 2524 1387 2584 roris
1399 2535 1473 2582 asten·

183 2625 302 2686 audere.
348 2634 485 2687 acuemus
513 2635 609 2686 atatem
640 2634 838 2705 corrputantur
861 2644 919 2685 nou
943 2644 959 2685 a
982 2625 1131 2705 prioribus
1153 2625 1287 2704 syllabis,
1310 2624 1360 2686 sed
1380 2622 1411 2684 ab
1428 2618 1474 2680 ulti·

222 2730 290 2797 mis,
321 2727 351 2788 id
380 2736 424 2788 est
445 2736 625 2797 retrorsum,
656 2747 710 2788 nec
731 2736 855 2808 possunt
878 2726 1038 2792 ascemlcre
1060 2730 1117 2788 nisi
1139 2746 1233 2808 usque
1256 2727 1290 2788 ad
1313 2728 1418 2788 tertiam
1435 2718 1475 2799 syl·

220 2830 316 2890 labam
340 2848 354 2890 a
378 2832 445 2890 line.
490 2831 594 2891 Graeci
622 2839 740 2892 acutum
769 2837 922 2890 accentum
945 2831 976 2889 in
998 2828 1094 2890 tribus
1122 2828 1242 2909 syllabis
1264 2834 1386 2908 ponunt,
1405 2824 1477 2885 idest

222 2935 251 2992 in
276 2931 376 2993 rrltima
401 2943 430 2991 et
451 2932 629 3011 paenultima
653 2932 698 2991 vel
721 2931 984 3011 antepaenultima;
1008 2932 1232 2993 circumflexum
1256 2949 1325 2991 vero
1338 2922 1369 2989 in
1382 2923 1476 2988 duabus

222 3034 250 3093 iel
275 3043 320 3096 est
341 3037 371 3093 in
396 3034 494 3095 ultima
519 3044 547 3094 et
570 3034 757 3113 paemrltima.
802 3034 943 3094 Latinitas
966 3040 1063 3094 atrlem
1085 3035 1116 3093 in
1139 3032 1241 3095 ultima
1263 3030 1371 3113 syllaba
1390 3025 1476 3089 nullum

184 3153 209 3194 ao
223 3139 305 3215 ponit
327 3128 490 3197 accentum.
535 3136 612 3196 unde
636 3138 667 3196 lit
688 3145 721 3196 ut
742 3144 845 3197 acutus
867 3144 1005 3196 areentus
1027 3136 1103 3215 apud
1126 3136 1247 3196 Latinos
1269 3134 1342 3194 duos
1362 3127 1480 3211 possideat

223 3240 318 3309 locos,
342 3238 554 3318 pacrmltimnm
582 3247 610 3298 et
638 3237 931 3318 antepaenultimum,
956 3238 1162 3298 eireumllexus
1184 3255 1277 3297 rrnrrnr
1300 3232 1479 3314 paenultimam

222 3349 344 3401 tautum.
388 3343 418 3400 in
452 3339 659 3420 monosyllabis
692 3339 824 3417 partibus
858 3341 998 3399 orationis
1031 3342 1168 3419 quotiens
1200 3338 1310 3418 syllaba
1339 3331 1480 3397 naturaliter

222 3443 310 3522 lorrga
333 3453 389 3512 est,
414 3444 635 3503 circumllexum
659 3441 748 3502 habet
771 3448 938 3510 accentum,
969 3450 1001 3502 ut
1022 3459 1070 3500 res
1094 3441 1161 3509 dos;
1183 3437 1196 3524 ll
1217 3441 1353 3520 quotiens
1373 3455 1434 3498 vero
1450 3427 1481 3491 rel

224 3545 396 3607 naturaliter
418 3546 516 3606 brevis
540 3554 584 3605 est
606 3543 650 3603 rel
673 3545 818 3620 positione
840 3543 943 3621 longa,
968 3552 1084 3602 acutum
1101 3540 1191 3602 lrabet
1213 3549 1377 3609 accentum,
1398 3547 1426 3599 ut
1442 3549 1482 3594 nrt

184 3650 271 3707 aruir
296 3667 364 3708 rrox.
410 3667 476 3707 nam
507 3649 536 3706 in
566 3644 735 3707 accentibus
758 3644 867 3724 syllaba
890 3647 949 3705 sire
973 3643 1145 3706 naturaliter
1167 3643 1265 3703 brcris
1288 3645 1346 3702 sire
1367 3639 1482 3719 positione

223 3749 311 3827 longa
334 3749 538 3810 iudillereuter
561 3750 713 3826 arripitur.
760 3748 788 3806 in
813 3745 961 3826 disyllabis
985 3766 1053 3807 vero
1076 3763 1152 3807 unus
1173 3744 1281 3805 modus
1304 3753 1359 3814 est,
1381 3743 1424 3822 qui
1441 3738 1483 3795 cir·

223 3851 398 3910 rumllexnm
422 3852 549 3910 ostendit
572 3858 740 3919 accentum,
765 3852 901 3929 quotiens
916 3851 998 3927 prior
1013 3846 1186 3909 naturaliter
1205 3846 1294 3924 longa
1310 3854 1353 3906 est
1367 3852 1394 3905 et
1406 3840 1484 3902 utana

224 3950 395 4011 rratnraliter
417 3951 530 4020 brevis,
560 3958 592 4010 nt
619 3958 695 4010 meta
719 3952 804 4011 Creta
833 3952 934 4012 lloma.
980 3950 1065 4011 aliter
1088 3968 1157 4009 vero
1186 3957 1304 4010 acutum
1326 3942 1485 4015 trauersae

224 4051 327 4112 ambae
350 4061 453 4112 natrrra
477 4053 582 4130 longae
606 4054 728 4121 luerint,
752 4061 784 4112 ut
806 4052 899 4131 leges,
923 4056 982 4113 sire
997 4053 1143 4131 positione
1164 4048 1287 4129 longae,
1311 4057 1342 4110 ut
1363 4049 1486 4127 prinecps

185 4168 210 4208 3⁵
224 4156 284 4213 sire
308 4154 479 4215 naturaliter
501 4155 618 4224 breves,
643 4154 671 4214 id
695 4162 739 4214 est
761 4154 835 4215 duae
858 4153 1000 4234 syllabae,
1023 4161 1054 4214 ut
1078 4171 1148 4231 ego,
1173 4161 1205 4213 ut
1225 4155 1265 4213 ait
1281 4151 1414 4230 Virgilius
1432 4151 1490 4206 ‘asi

224 4275 289 4333 ego
313 4275 402 4335 quac
426 4257 546 4317 dirum
569 4256 730 4317 inccrlo’.
754 4259 795 4317 sic
818 4265 847 4317 et
868 4258 929 4316 siro
944 4259 1025 4336 prior
1040 4257 1185 4335 positione
1200 4254 1289 4332 longa
1305 4256 1350 4321 sit,
1373 4261 1491 4313 alanna,

224 4360 284 4418 sive
313 4360 476 4434 posterior,
506 4367 537 4418 ut
564 4358 672 4428 trabs,
702 4358 811 4438 ubique
839 4367 957 4428 ueritus,
985 4368 1018 4419 ut
1045 4358 1183 4426 (lirinum,
1219 4365 1358 4417 accentus
1384 4364 1433 4415 est.
1468 4351 1492 4409 ln

225 4459 382 4539 trisyllabis
411 4469 440 4520 et
468 4460 661 4540 tetrasyllabis
690 4471 718 4522 et
746 4461 885 4539 deinceps
916 4462 997 4537 (uam
1021 4478 1141 4521 necesse
1170 4466 1214 4519 est
1241 4466 1273 4518 ut
1295 4457 1494 4537 trisyllaborum

226 4565 368 4622 rationem
398 4564 496 4622 onrrria
525 4561 707 4642 posasyllalm
732 4571 906 4642 sequantur,
935 4563 1069 4644 eoquod
1093 4561 1244 4640 usquead
1269 4570 1329 4621 tres
1351 4558 1497 4640 syllabasa

297 4750 307 4798 l
326 4764 400 4798 uerso
416 4750 441 4797 P
511 4752 524 4797 7
539 4752 582 4812 qui
598 4751 726 4815 prosirliau
743 4758 834 4799 norunt
850 4765 908 4799 nam
928 4750 997 4816 ayrud
1015 4764 1104 4814 grecos
1123 4763 1260 4800 mrwcoara
1277 4749 1369 4798 dicitur
1388 4748 1419 4797 ad
1437 4748 1460 4797 P

229 4818 259 4866 10
276 4822 345 4869 aerati
359 4827 498 4870 notamom.
515 4821 540 4868 P
610 4820 641 4870 19
659 4835 739 4883 risque
754 4821 842 4869 eadem
863 4822 888 4869 P
932 4819 987 4891 ‘35
1004 4816 1139 4885 Virgilius]
1161 4818 1303 4869 Aeultb
1375 4818 1409 4870 36
1425 4815 1503 4867 inoedu

226 4889 248 4936 is
263 4898 296 4938 et.
311 4906 333 4943 c.
353 4891 408 4938 siue
427 4891 451 4938 P
519 4890 553 4941 39
566 4900 686 4952 sequatur
703 4891 728 4938 P
