3346 5506
557 388 751 451 insuavia
770 390 910 451 tnvlt'n
938 391 1099 452 lob-179
1427 394 1468 452 ib

233 507 346 563 avum
363 507 391 550 a.
1263 505 1417 560 μαθων.

677 590 715 632 ns
727 590 872 633 ascarico
887 589 969 634 cnsv.

262 680 414 743 sonorus
434 698 523 742 casus
539 681 655 742 numeri
676 679 831 757 singularis
851 687 963 758 septem
986 678 1033 741 bis
1055 678 1159 740 littoris
1181 680 1320 742 visiloitnr
1336 688 1467 752 butum,

192 783 240 855 boo
254 790 298 844 cst
317 781 472 844 vocalibus
492 782 630 862 quinque,
653 801 668 842 a
692 800 709 842 o
729 783 739 842 i
760 801 777 842 o
800 801 828 851 u,
852 780 1076 843 semivocalibus
1093 780 1222 851 duabus,
1244 800 1273 843 m
1295 800 1320 843 s.
1363 782 1473 861 barum¹

191 885 363 965 dandamim
385 886 531 957 rationem
552 884 722 955 subicimus,
745 902 803 962 qua
826 884 1015 944 dinoscantur
1037 883 1163 953 nomina,
1187 883 1328 962 quemad
1347 884 1468 945 modum

191 986 343 1049 secundum
366 985 479 1048 iormaa
500 1004 568 1049 snas
589 1004 643 1065 per
664 1004 749 1047 casus
769 984 963 1047 declinentur.
1093 1054 1095 1060 ¹
1494 1011 1507 1049 s

265 1089 308 1151 ne
328 1105 356 1151 a.
400 1087 536 1150 alittera
558 1087 700 1150 ablativus
722 1106 808 1149 casus
836 1088 952 1148 numeri
976 1085 1132 1165 singularis
1162 1087 1334 1149 terminatus
1360 1106 1467 1167 genera

193 1190 255 1254 baec
275 1191 331 1253 tria
352 1191 484 1251 continet
505 1197 627 1260 mamm,
650 1187 844 1251 masculinum
865 1188 1037 1252 femininum
1058 1207 1223 1251 conminus.
1297 1232 1300 1239 -

239 1318 243 1327 ·
266 1291 309 1355 be
330 1309 441 1371 genem
462 1291 634 1354 masculino.
679 1290 831 1353 masculini
856 1292 974 1370 generis
995 1290 1129 1358 nomina,
1157 1308 1233 1368 quae
1253 1290 1379 1353 ablativo
1400 1309 1469 1355 casn

193 1393 299 1455 numeri
317 1393 475 1473 singularis
501 1413 518 1455 a
539 1393 634 1455 littera
650 1394 860 1461 terminantur,
883 1391 958 1477 baec
977 1392 1154 1454 nominativo
1176 1411 1245 1456 casu
1270 1396 1388 1456 numeri
1409 1395 1469 1456 sin·

194 1493 295 1573 gnlaris
316 1502 456 1577 quattuor
475 1495 524 1557 bis
543 1496 646 1558 formis
668 1494 848 1557 definiuntur
870 1500 991 1563 tantum,
1012 1513 1027 1555 a
1050 1496 1078 1555 ia
1099 1512 1131 1555 as
1153 1513 1195 1556 es.
1233 1504 1236 1511 '
1484 1515 1508 1557 vo

266 1597 311 1661 oo
330 1616 357 1659 a.
402 1614 604 1677 quaecumque
631 1597 749 1658 nomina
782 1597 900 1674 generis
922 1595 1075 1671 masculini
1098 1595 1224 1659 ablativo
1254 1615 1325 1659 casn
1353 1599 1469 1661 numeri

193 1699 381 1779 singularias
412 1698 509 1760 littera
541 1701 735 1760 terminantur
764 1707 793 1759 at
821 1698 996 1759 nominativo
1022 1717 1092 1759 casn
1122 1699 1238 1760 numeri
1265 1701 1468 1777 singularias

191 1800 276 1863 littera
300 1808 369 1882 post
389 1807 599 1862 consonantem
618 1800 811 1871 definiuntur,
845 1808 878 1863 nt
897 1807 966 1879 puta
987 1799 1025 1860 ab
1048 1799 1105 1860 boc
1125 1800 1246 1862 Catilina
1269 1800 1317 1863 bic
1338 1796 1468 1873 Catilina,

191 1903 255 1966 baec
274 1903 314 1965 ad
335 1903 394 1965 hoc
413 1901 580 1982 exemplum
601 1901 802 1964 declinantur:
837 1903 954 1963 numeri
977 1900 1134 1979 singularis
1166 1903 1213 1964 bic
1234 1902 1356 1965 Catilina
1380 1904 1469 1966 huius

191 2004 322 2069 Catilinae
349 2005 419 2067 hnic
442 2002 581 2066 Catilinae
600 2004 680 2066 bunc
698 2003 851 2065 Catilinam
874 2024 891 2065 o
909 2003 1030 2066 Catilina
1052 2003 1088 2064 ab
1115 2005 1172 2065 boc
1194 2002 1329 2076 Catilina,
1352 2007 1468 2067 numeri
1483 2025 1523 2090 vs¹

190 2106 301 2186 plorabo
336 2108 368 2170 hi
386 2106 526 2171 Catilinae
555 2107 664 2169 borum
688 2105 876 2168 Catilinarum
909 2104 954 2166 bis
975 2103 1103 2166 Catilinis
1137 2106 1192 2166 bos
1216 2104 1352 2169 Catilinas
1373 2127 1392 2167 o
1414 2108 1468 2169 Ca·

190 2208 279 2271 tilinae
313 2208 350 2271 ab
373 2209 421 2271 bis
443 2208 581 2271 Catilinis.
626 2209 668 2270 sic
690 2215 720 2270 et
740 2207 795 2270 alia
817 2209 934 2285 generis
956 2206 1109 2269 masculini
1131 2209 1263 2278 nomina,
1291 2227 1366 2288 quae
1388 2208 1468 2271 abla-

189 2312 239 2372 liro
256 2330 328 2374 casn
350 2312 468 2373 numeri
486 2308 651 2393 sinllgularis
666 2330 682 2372 a
696 2310 792 2371 littera
812 2311 1007 2371 terminantur
1028 2316 1058 2368 et
1073 2310 1250 2371 nominativo
1267 2328 1337 2373 casu
1353 2313 1469 2375 numeri

188 2412 338 2492 singularis
361 2431 378 2474 a
399 2412 496 2475 littera
519 2421 588 2491 post
612 2419 823 2474 consonantem
854 2411 1046 2481 definiuntur,
1075 2411 1112 2472 ad
1142 2411 1308 2492 exemplum
1331 2412 1469 2477 Catilinas

189 2532 234 2592 ner
257 2533 365 2578 omnes
389 2532 475 2576 casus
498 2514 690 2578 declinantur.
736 2532 815 2575 nunc
837 2513 895 2574 boc
916 2530 1073 2575 monemus
1102 2514 1132 2574 in
1152 2514 1209 2575 bac
1231 2515 1324 2577 iorma
1349 2517 1468 2593 generis
1481 2534 1508 2577 ao

189 2616 350 2686 annolini,
383 2633 440 2696 qna
461 2616 588 2678 diximus
616 2615 741 2678 ablativo
765 2634 834 2677 casu
856 2617 979 2677 numeri
1006 2614 1202 2693 singularias
1225 2616 1321 2681 littera
1349 2619 1468 2680 nomina

188 2720 333 2781 bnninari
352 2725 382 2781 et
403 2708 580 2779 nominativo
602 2737 672 2780 casu
695 2719 811 2779 numeri
832 2715 990 2795 singularis
1011 2736 1026 2778 a
1048 2718 1144 2780 littera
1171 2726 1239 2798 post
1259 2729 1468 2783 consonantem

189 2820 304 2891 deliniri,
327 2820 406 2900 quod
425 2840 462 2882 cx
476 2839 511 2882 ea
531 2818 597 2899 plus
614 2839 701 2900 qnam
722 2819 842 2881 ducenti
865 2820 1048 2898 septuaginta
1070 2828 1130 2881 tres
1152 2823 1226 2890 soni,
1249 2821 1307 2884 hoc
1321 2830 1366 2883 ost
1380 2841 1467 2904 quam
1543 2896 1549 2909 ⁸

189 2921 305 2983 lucania
325 2923 586 3002 septuaginta‘tria
607 2924 741 2992 nomina,
769 2939 829 2982 nou
852 2923 965 3001 possint
988 2921 1130 2984 exhiberi.
1176 2923 1213 2984 de
1235 2924 1329 2985 iorma
1352 2927 1468 3004 generis

189 3022 342 3093 masculini,
363 3043 420 3105 qua
439 3024 565 3086 ablativo
580 3043 650 3085 casu
669 3025 785 3085 numeri
801 3022 956 3101 singularis
978 3026 1095 3086 nomina
1116 3044 1132 3085 a
1153 3024 1248 3088 littora
1272 3029 1467 3090 terminantur
1480 3044 1506 3086 aa

189 3134 213 3186 at
230 3127 410 3189 nominativo
425 3144 496 3187 casn
517 3127 632 3189 numeri
647 3125 802 3204 singularis
816 3144 832 3187 a
847 3124 942 3186 littera
961 3134 1029 3206 post
1050 3135 1259 3189 consonantem
1279 3127 1467 3199 deliniuntur,

190 3235 323 3306 mantum
343 3229 420 3290 ratio
440 3227 590 3307 poscebat,
613 3229 812 3290 tractavimus.

263 3329 307 3393 lle
327 3331 365 3391 ia.
410 3348 613 3411 quaecumque
636 3331 752 3391 nomina
780 3330 898 3407 generis
925 3328 1077 3392 masculini
1103 3329 1228 3391 ablativo
1253 3348 1322 3392 casn
1350 3334 1467 3393 numeri

189 3431 338 3510 muniaris
365 3451 381 3494 a
409 3431 506 3494 littera
533 3434 729 3494 terminantur
760 3438 789 3493 ot
814 3433 992 3493 nominativo
1022 3450 1091 3493 caan
1118 3433 1234 3493 nvvmeri
1257 3431 1414 3510 singularis
1440 3435 1465 3495 ia

189 3530 283 3599 moris
303 3534 492 3603 deliniuntur,
515 3542 546 3595 nt
565 3542 634 3613 puta
657 3533 693 3595 ab
715 3534 774 3597 hoc
794 3535 876 3596 Sosia
896 3534 945 3594 bic
968 3534 1061 3602 Sosia,
1084 3532 1156 3594 baec
1176 3533 1212 3595 ad
1228 3534 1285 3595 boc
1300 3533 1466 3613 exemplum
1479 3552 1506 3595 ro

189 3634 380 3698 bdmaotor:
412 3637 527 3696 nnnreri
555 3634 711 3713 singularis
743 3635 792 3698 laic
813 3636 895 3697 Sosia
923 3636 1012 3703 bnins
1033 3636 1133 3697 Sosiae
1159 3636 1229 3698 lanio
1255 3638 1357 3699 Sosiae
1388 3636 1468 3700 buno

189 3736 293 3801 &aum
315 3737 433 3799 oSosia
462 3736 498 3798 ab
521 3736 577 3799 boc
599 3739 696 3808 Sosia,
725 3739 841 3799 numeri
865 3737 987 3817 pluralis
1008 3737 1039 3797 lri
1062 3738 1162 3800 Sosiae
1187 3738 1294 3801 borum
1315 3738 1467 3802 Sosiorum

189 3836 227 3900 liv
244 3839 338 3903 Sosiis
360 3838 416 3901 bos
435 3838 533 3900 Sosiae
553 3859 571 3900 o
591 3841 692 3901 Sosiae
714 3839 751 3900 ab
771 3838 817 3899 bis
837 3840 937 3902 Sosiis.
982 3841 1025 3901 sic
1048 3848 1077 3902 et
1097 3840 1152 3901 alia
1175 3843 1293 3919 generis
1313 3840 1467 3903 masculini

188 3943 310 4010 mnino,
333 3958 410 4020 quaa
431 3939 555 4002 ablativo
577 3960 647 4004 casu
668 3943 786 4004 numeri
808 3941 965 4021 singularis
989 3962 1005 4004 a
1030 3943 1126 4005 littera
1149 3944 1346 4006 terminantur
1367 3950 1397 4004 et
1414 3962 1467 4005 no·

188 4044 319 4106 minativo
339 4059 411 4105 casn
432 4045 547 4105 numeri
569 4040 725 4122 singularis
746 4045 773 4105 ia
795 4043 913 4114 litteris,
937 4063 995 4105 non
1019 4047 1046 4107 ia
1067 4044 1190 4125 syllaba,
1213 4046 1409 4116 deliniuntur,
1429 4046 1466 4109 ad
1479 4062 1505 4105 ao

188 4144 346 4225 anaplum
369 4144 471 4207 Sosiae
497 4162 551 4223 por
573 4163 676 4207 omnes
695 4164 782 4209 casus
806 4144 1001 4209 declinantur.
1045 4166 1125 4209 nunc
1146 4150 1175 4210 in
1199 4148 1257 4209 bac
1278 4165 1368 4226 supra
1390 4148 1467 4210 dicta

188 4246 271 4309 torma
293 4246 355 4309 boc
375 4263 544 4319 monemus,
566 4248 645 4327 qnod
670 4267 873 4329 quaecumque
894 4250 1011 4311 nomina
1034 4251 1152 4328 generis
1178 4248 1291 4311 scilicet
1314 4250 1467 4313 mascvdini

187 4366 268 4411 unnvn
290 4347 455 4430 quemlibet
476 4367 575 4410 casum
598 4348 635 4411 ad
657 4349 781 4412 iormarn
804 4351 904 4412 Sosiae
927 4351 1025 4413 lacere
1048 4352 1253 4421 inveniuntur,
1276 4351 1349 4413 baec
1370 4352 1467 4414 dativo

188 4458 211 4509 et
230 4450 356 4515 ablativo
378 4468 449 4511 casn
470 4453 585 4512 numeri
606 4451 727 4531 pluralis
749 4461 817 4514 anto
839 4452 970 4514 ultimam
994 4460 1204 4515 consonantem
1224 4472 1278 4533 par
1301 4454 1374 4515 duaa
1392 4456 1401 4513 i
1421 4454 1465 4514 lit·

187 4557 255 4613 teras
274 4551 460 4615 scribuntur.
502 4570 581 4614 nunc
600 4555 629 4614 in
652 4554 707 4616 bac
728 4574 818 4637 snpra
841 4554 916 4616 dicta
942 4554 1035 4616 iornra
1059 4557 1219 4634 qvvaeritnr,
1242 4574 1298 4637 qua
1321 4557 1358 4618 de
1377 4574 1464 4617 carrsa
1477 4569 1505 4613 vo

245 4798 278 4851 31
296 4815 313 4850 ι
331 4799 419 4850 littera
435 4802 600 4851 terminantur
614 4802 638 4853 B
654 4803 678 4852 ia
696 4802 785 4852 litteris
802 4803 955 4853 deliniuntur
974 4803 996 4854 n
1083 4803 1118 4855 35
1135 4804 1288 4855 delinivvntnr
1305 4821 1319 4855 a
1338 4804 1424 4857 linitur
1442 4804 1466 4855 B

186 4871 343 4919 terminantur
359 4870 384 4921 R
453 4868 486 4921 37
508 4869 557 4922 hoo
573 4886 705 4923 monemus
723 4873 748 4923 B
765 4873 828 4924 haec
846 4889 977 4925 monemus
995 4874 1019 4926 ll
