3314 5506
243 381 302 444 428
731 370 853 433 sentit
877 369 1031 453 [senuit]

1065 478 1083 523 r.
1096 480 1215 523 17⁰⁴00d.
1228 479 1278 524 on.
1304 481 1452 536 ponaer.

240 562 364 625 multum
386 569 522 640 superest
544 559 581 620 de
602 559 763 629 sententia,
787 560 865 639 quod
887 566 986 621 nmen
1009 562 1177 622 necessario
1199 569 1367 642 separatum
1384 581 1442 625 mox
1456 564 1487 625 ie

240 666 394 728 ferendum
415 666 465 725 sit:
494 662 580 725 buius
601 669 745 743 punctum
767 661 911 724 adimam
932 661 1061 724 litteram
1083 665 1231 742 ponimus.
1275 664 1368 727 media
1386 673 1435 735 est,
1452 665 1486 727 obi

240 770 303 831 lere
324 774 436 829 tantum
459 764 495 825 de
517 766 661 826 sententia
684 771 832 842 superest,
855 771 996 844 quantum
1018 766 1077 827 iam
1098 765 1240 842 diximus,
1263 784 1329 829 cum
1351 775 1435 829 tameo
1450 784 1483 826 re·

241 870 410 951 spirandum
434 870 486 930 sit:
509 867 597 928 buius
618 874 760 946 punctum
784 865 820 927 ad
842 867 970 928 mediam
992 866 1122 930 litteram
1150 871 1299 948 ponimus.
1339 871 1370 930 in
1388 868 1484 930 lectione

214 980 299 1034 stota
321 973 463 1033 sententia
485 968 644 1050 perihodos
666 969 782 1040 dicitur,
805 970 889 1031 cuius
910 978 1010 1048 partes
1031 978 1100 1032 sunt
1121 970 1185 1032 cola
1207 981 1238 1033 et
1259 976 1404 1035 commata.
1422 969 1484 1032 eoba

240 1075 356 1158 quidam
380 1074 517 1135 dixerunt
537 1072 719 1144 membrum,
742 1090 859 1133 comma
881 1090 1009 1135 caesum.

640 1361 689 1424 DE
710 1362 893 1426 PARTIBVS
915 1362 1124 1426 emmonis.

323 1492 402 1564 lluae
430 1508 499 1563 sunt
524 1497 703 1580 principales
730 1508 831 1580 partes
852 1502 1010 1567 orationis,
1040 1518 1146 1561 nomen
1170 1509 1200 1563 et
1221 1499 1359 1571 verbum,
1384 1519 1416 1562 eo
1432 1498 1491 1580 qnod

239 1610 320 1686 ipsae
342 1603 419 1666 solae
442 1603 554 1664 iaciunt
576 1601 789 1673 elocutionem,
817 1611 850 1664 ut
879 1602 1001 1664 ‘Cicero
1023 1604 1142 1683 scripsit
1152 1608 1173 1674 ²,-
1199 1601 1354 1682 ‘Virgilius
1373 1603 1493 1672 nette

204 1712 304 1771 resine
325 1710 398 1785 ipsis
420 1704 500 1766 nulla
523 1703 578 1765 alia
601 1723 670 1783 pars
692 1703 785 1784 inplet
809 1704 1015 1765 elocutionem.
1062 1723 1128 1766 nam
1152 1704 1271 1785 quando
1293 1706 1412 1767 dicimus
1429 1707 1493 1785 ‘ipse

240 1810 365 1888 legens’,
388 1812 487 1869 miuus
509 1816 554 1869 est
577 1806 700 1886 aliquid,
724 1814 796 1886 puta
818 1806 909 1867 ‘dixit
919 1812 938 1877 ',
962 1815 994 1866 ut
1024 1809 1062 1867 sit
1085 1810 1167 1886 ‘ipse
1189 1805 1292 1885 legens
1313 1806 1410 1868 dixit’.
1445 1807 1493 1865 lri·

241 1909 365 1973 stoteliei
387 1910 459 1971 duas
482 1909 584 1970 dieunt
607 1928 672 1970 esse
694 1917 793 1986 partes
816 1911 972 1979 orationis,
997 1926 1104 1970 nomen
1120 1918 1149 1971 et
1172 1909 1308 1980 verbum,
1331 1910 1417 1972 Stoici
1428 1912 1493 1989 quie

240 2033 303 2093 que,
327 2015 511 2091 grammatici
533 2020 608 2082 octo,
632 2010 767 2090 plerique
790 2029 903 2081 novem,
919 2010 1054 2091 plerique
1077 2010 1195 2082 decem,
1219 2011 1354 2092 plerique
1375 2011 1493 2072 undecim

239 2119 473 2177 interiectionem
497 2113 602 2173 Graeci
625 2131 684 2173 non
707 2116 825 2193 penitus
847 2131 905 2173 non
929 2112 1053 2181 habent,
1082 2113 1135 2175 sed
1157 2117 1236 2176 inter
1258 2123 1358 2194 partes
1379 2115 1494 2175 orationis

203 2235 298 2278 tenen
325 2224 496 2297 conpetant.
541 2234 595 2277 nos
629 2215 753 2278 articulo
782 2234 841 2277 non
869 2219 987 2295 penitus
1018 2234 1167 2287 caremus,
1203 2215 1256 2278 sed
1288 2219 1320 2277 in
1349 2219 1494 2298 pronomine

238 2328 439 2400 conputamus.
484 2328 546 2381 tres
568 2327 668 2398 partes
690 2321 834 2379 orationis
863 2326 931 2380 sunt
955 2336 1029 2396 quae
1052 2317 1169 2381 casibus
1192 2317 1390 2389 declinantur,
1410 2333 1495 2379 nonen

238 2440 403 2503 pronomen
426 2424 630 2502 participium,
654 2429 683 2482 et
707 2439 764 2481 nna
787 2439 863 2498 quae
884 2419 1084 2500 temporibus,
1107 2420 1137 2483 id
1160 2429 1206 2482 est
1227 2420 1367 2491 verbum;
1401 2429 1494 2482 ceterae
1533 2486 1536 2495 ¹

240 2544 342 2587 omues
370 2532 507 2602 quattuor
534 2542 593 2584 non
622 2523 817 2585 declinantur.
861 2526 1028 2602 quaesitum
1057 2532 1116 2594 est,
1146 2522 1264 2603 quando
1285 2541 1355 2604 pars
1381 2523 1496 2584 orationis

238 2631 315 2688 nlius
338 2629 436 2702 portis
461 2630 603 2686 orationis
631 2625 728 2686 officio
757 2624 902 2704 iungitur,
931 2634 1031 2687 utrum
1059 2629 1106 2688 ius
1133 2644 1218 2687 suum
1247 2628 1373 2688 retineat
1398 2643 1433 2687 an
1450 2626 1496 2685 eins

201 2746 227 2788 eo
238 2732 372 2806 recepiat,
387 2732 472 2790 cuites
486 2731 592 2808 accipit
609 2728 864 2806 significationem.
881 2745 949 2789 nam
966 2728 1138 2807 frequenter
1151 2730 1319 2790 invenimus
1332 2724 1346 2811 ΙΙ
1361 2736 1389 2789 et
1402 2728 1496 2789 nomina

237 2852 291 2915 pro
314 2816 460 2894 adverbiis
488 2834 597 2911 posita,
627 2840 660 2892 ut
682 2836 845 2892 ‘torvum
868 2830 1032 2901 elamat',
1061 2839 1090 2892 et
1119 2829 1258 2892 adverbia
1279 2848 1335 2909 pro
1356 2826 1497 2891 nominibus

178 2996 195 3029 ο
238 2938 344 3015 posita,
370 2942 401 2995 ut
424 2940 543 2995 ‘mano
567 2939 724 2994 novum’.
770 2951 861 3012 quare
885 2933 1037 2994 sciendum
1060 2941 1105 2994 est
1127 2936 1285 3011 qnoniam,
1310 2936 1336 2996 si
1356 2931 1498 2994 nomenoi

238 3056 291 3117 pro
314 3035 452 3098 adverbio
476 3039 684 3108 constitutum,
713 3037 817 3114 incipit
845 3053 904 3096 non
927 3054 1013 3116 posse
1037 3033 1188 3096 declinari.
1226 3039 1336 3097 etenim
1358 3053 1421 3097 cum
1440 3032 1498 3094 desi·

238 3149 287 3201 nat
316 3158 381 3201 esse
409 3137 488 3219 quod
516 3147 561 3199 est
588 3147 617 3199 et
645 3145 778 3199 transeat
805 3139 836 3197 in
864 3136 1048 3207 adverbium,
1068 3140 1182 3218 incipit
1207 3140 1266 3198 iam
1291 3140 1334 3200 sic
1356 3156 1412 3199 noo
1431 3150 1498 3216 posse

199 3241 394 3311 ndeelinari,
424 3258 510 3319 quem
542 3239 577 3300 ad
605 3240 725 3301 modurn
754 3257 809 3299 nec
837 3237 908 3299 illud
941 3238 1112 3299 adverbium
1145 3238 1320 3301 naturaliter
1353 3238 1498 3301 declinator.

236 3347 306 3406 item
337 3342 505 3404 adverbium
534 3346 559 3403 si
587 3351 718 3404 transeat
751 3344 782 3401 in
818 3342 1063 3419 significationem
1092 3344 1236 3413 neminie,
1269 3361 1330 3403 non
1364 3353 1498 3420 numquam

238 3445 416 3515 declinatur,
440 3448 579 3525 quoniam
603 3445 749 3524 signifieat
771 3462 835 3504 eam
858 3451 972 3521 partem
988 3446 1146 3513 orationis,
1170 3462 1245 3524 quae
1267 3447 1373 3524 recipit
1395 3441 1499 3505 declina·

236 3551 357 3610 tionem.
402 3548 480 3609 unde
511 3557 556 3609 est
588 3546 661 3608 illud
693 3546 770 3626 apud
804 3544 952 3616 Plautum,
986 3551 1019 3606 ‘a
1052 3549 1174 3624 primo
1206 3549 1305 3608 mani
1339 3539 1500 3625 usquead

161 3647 165 3653 ’
236 3657 458 3731 vesperam'.
490 3654 592 3728 utique
615 3648 702 3710 modo
726 3666 812 3709 mane
835 3666 941 3708 nomen
966 3656 1023 3718 est,
1047 3648 1206 3709 boemano
1228 3648 1317 3709 buius
1339 3653 1429 3711 manis
1446 3645 1499 3706 boio

199 3756 317 3813 morani
339 3752 395 3813 hoc
418 3771 503 3812 mane
527 3751 562 3812 ab
585 3753 641 3812 boo
664 3754 753 3811 mani.
798 3769 865 3812 nam
889 3753 914 3812 si
937 3749 1107 3812 adverbium
1139 3760 1232 3821 esset,
1256 3769 1313 3812 nec
1333 3769 1423 3830 genus
1440 3748 1499 3810 rut·

237 3864 338 3935 peret,
361 3872 416 3915 nec
437 3853 651 3934 praepositioni
673 3852 900 3929 adiungeretur,
924 3872 979 3914 nec
994 3862 1095 3933 posset
1116 3855 1127 3914 i
1148 3855 1314 3915 terminari.

306 4125 323 4175 6
340 4140 451 4176 caesum.
471 4142 585 4178 exrtrcrr
606 4141 679 4178 sarrs
698 4141 794 4185 norant,
810 4141 906 4178 retusa
926 4130 1108 4179 conuenraar'o'
1125 4142 1141 4177 t
1158 4141 1248 4177 sonoro
1269 4142 1365 4180 raornri
1391 4136 1501 4178 urrant!

238 4196 318 4247 esrP
386 4198 447 4246 teo
462 4212 583 4248 ranrtovs
601 4193 743 4262 onsrrours]
767 4200 833 4248 tucri
852 4213 885 4247 on
904 4213 1024 4248 enervens
1043 4211 1176 4249 operiente
1195 4212 1268 4246 anais
1288 4213 1378 4250 nonant
1393 4206 1502 4248 orroeon

238 4268 361 4316 Psoron
381 4281 537 4318 ouanutrrer
566 4283 592 4319 vu
622 4282 753 4319 seevuoau
781 4283 873 4318 ouuerr
900 4283 1038 4318 corrrouen
1064 4282 1295 4325 conuenramvss
1380 4265 1501 4319 Bnerbnn

238 4352 308 4388 etorr
324 4338 435 4401 eoquod
452 4339 477 4386 P
545 4337 742 4389 lleloeutiooem
762 4351 840 4390 ructu
860 4345 886 4386 nt
900 4339 925 4386 P
993 4337 1026 4387 10
1039 4340 1138 4402 quendo
1158 4337 1268 4387 dicimus
1285 4338 1340 4404 ipse
1356 4339 1440 4404 legens
1451 4334 1504 4386 dixit

237 4407 392 4457 aristotelici
403 4420 436 4463 ς.·
451 4409 551 4473 quando
569 4410 678 4459 dicimus
695 4410 750 4474 ipse
767 4407 858 4472 legens
869 4407 942 4468 dixit,
958 4423 1004 4472 pro
1019 4411 1118 4458 nomine
1136 4407 1268 4472 ponimns,
1283 4408 1433 4458 Aristotelici
1444 4405 1504 4457 editio

237 4477 396 4529 Ascenvicno
469 4477 497 4527 ll
517 4478 558 4544 sit]
580 4480 602 4529 si
621 4479 646 4526 P
717 4477 1192 4542 19etiuspamsoraeontsom.pe
1279 4475 1314 4528 20
1335 4476 1504 4544 recipiatcnint

237 4563 283 4597 om.
303 4551 341 4598 P:
362 4547 417 4597 eins
437 4550 510 4598 euius
530 4550 622 4614 accipit
638 4547 850 4614 significationem
869 4561 886 4604 ς
971 4548 1002 4599 21
1021 4545 1129 4612 torvum]
1154 4549 1234 4612 Verp,
1256 4549 1320 4599 Aen.
1341 4548 1382 4597 Vll
1403 4547 1451 4600 329

238 4620 271 4668 22
290 4615 371 4683 mane]
394 4619 472 4682 Verp.
488 4634 575 4685 penny.
595 4619 692 4669 111325
780 4615 814 4667 28
832 4617 900 4682 apud
918 4615 1043 4685 Plautum]
1068 4619 1178 4670 ,tloetett
1199 4618 1231 4667 lll
1252 4624 1278 4680 2,
1298 4618 1333 4668 80
1348 4617 1409 4682 (767
1426 4617 1458 4675 ll)
1475 4613 1505 4665 eol

238 4703 337 4755 semper
353 4688 394 4736 bic
412 4697 545 4751 estusque
563 4705 578 4738 a
593 4689 661 4738 mani
679 4688 867 4753 edvesperum,
884 4703 953 4753 quem
970 4704 1066 4738 uersum
1083 4690 1114 4738 de
1133 4689 1220 4738 endem
1238 4684 1506 4751 radesponensem

235 4760 288 4820 psit
306 4760 409 4809 Seruius
424 4761 449 4809 t'o
472 4760 550 4824 Verq.
567 4761 631 4811 Aen.
651 4760 672 4806 V
690 4757 735 4809 19:
752 4759 786 4820 cf.
806 4758 916 4824 Pompei.
937 4772 965 4820 p.
986 4758 1038 4810 358
1126 4774 1140 4807 a
1159 4760 1242 4823 primo
1262 4759 1329 4808 moni
1347 4758 1472 4822 Pompeiae
1483 4769 1506 4818 p·

238 4827 300 4879 88a
319 4832 400 4893 primo
419 4830 530 4878 maoeP
597 4829 631 4879 29
650 4841 820 4893 ιιεεροτιιιης
890 4827 971 4879 auae
990 4829 1160 4885 boemones
1242 4829 1506 4897 lincopensem

237 4900 367 4949 terminari
385 4901 410 4949 P
425 4914 471 4948 neo
487 4908 576 4965 poscet
593 4898 752 4954 termineric
