3314 5506
547 390 745 454 tnsrirvra
768 390 910 453 ARTIVM
930 389 1092 454 398-411
1408 389 1467 452 113

230 522 252 564 p.
265 508 312 550 aaa.
322 509 348 551 ar
364 507 390 549 n.
910 547 916 559 ,
1249 518 1270 558 ρ.
1286 505 1375 549 ora-n
1390 505 1416 547 v.

182 584 252 650 nari,
272 599 341 642 cnm
365 579 401 641 ad
425 581 569 640 rationem
592 585 754 640 metrorum
778 579 822 640 rel
844 585 1058 642 structurarum
1079 579 1256 650 venerimus,
1277 576 1337 638 illic
1359 596 1468 672 conpes

182 692 278 745 tenter
294 682 495 744 tractabimus.
541 699 620 741 nnnc
642 683 672 742 in
695 682 751 742 bac
773 683 867 742 torma
889 683 1006 760 generis
1027 681 1138 750 neutri,
1160 699 1218 760 qua
1241 680 1368 741 diximus
1389 678 1469 740 abla-

181 788 236 848 tiro
258 803 331 846 casn
345 781 359 866 ΙΙ
374 785 490 846 numeri
511 782 668 862 singularis
690 785 807 845 uomina
830 803 847 844 ο
869 783 965 845 littera
983 783 1134 843 terminari
1155 791 1185 844 et
1199 784 1376 844 nominativo
1399 800 1469 842 casu

181 889 296 949 numeri
317 886 473 964 singularis
495 903 546 947 um
568 884 677 965 syllaba
699 895 767 964 post
790 888 800 946 i
822 884 950 947 litteram
972 885 1101 954 deliniri,
1123 884 1180 944 hoc
1202 903 1366 952 monemus,
1388 882 1470 964 qnod

182 1009 216 1051 eo
238 989 360 1068 plurimi
382 991 457 1059 soni,
480 989 538 1048 hoc
560 997 604 1049 est
626 1007 661 1048 eo
685 986 812 1066 plurima
835 989 969 1055 nomina,
993 989 1105 1065 possint
1128 986 1286 1048 exbiberi'
1317 986 1354 1046 de
1375 986 1468 1046 lorma
1497 1009 1509 1047 1

183 1092 300 1170 generis
322 1092 435 1160 neutri,
457 1108 515 1169 qua
537 1089 663 1151 ablativo
686 1076 756 1149 casu
782 1091 897 1151 numeri
919 1089 1075 1167 singularis
1101 1091 1220 1149 nomina
1242 1108 1260 1148 n
1287 1088 1382 1150 littera
1412 1095 1471 1148 ter·

184 1195 334 1256 minentur
355 1200 385 1253 et
406 1188 594 1275 nomilnatiro
617 1210 686 1252 casu
710 1193 824 1253 numeri
844 1190 1001 1268 singularis
1021 1210 1069 1252 urn
1092 1191 1201 1272 syllaba
1224 1199 1292 1271 post
1312 1194 1321 1252 i
1345 1190 1471 1253 litteram

182 1295 371 1365 deliniuntur,
391 1303 533 1375 quantum
555 1296 631 1355 ratio
652 1294 800 1372 poscebat,
824 1294 1023 1375 tractavimus.

178 1395 181 1399 ’
266 1396 309 1458 lle
335 1414 412 1456 rum.
457 1414 660 1475 quaecumque
688 1396 807 1456 nomina
834 1398 952 1476 generis
979 1397 1078 1457 neutri
1110 1394 1234 1457 ablativo
1263 1413 1333 1458 casu
1358 1397 1474 1458 numeri

184 1496 339 1578 singrrlaris
359 1493 492 1559 o'littera
514 1500 709 1559 terminantur
736 1506 765 1559 et
787 1498 964 1558 nominativo
987 1517 1057 1559 casu
1083 1500 1200 1560 numeri
1227 1497 1385 1576 singularis
1406 1515 1513 1559 11111111

185 1599 293 1682 syllaba
313 1600 504 1670 deliniuntur,
526 1608 558 1660 ut
574 1609 643 1679 puta
663 1600 700 1661 ab
722 1600 779 1660 boe
799 1618 853 1660 oro
876 1601 934 1661 hoc
956 1619 1052 1670 ovum,
1074 1601 1147 1661 baec
1168 1601 1204 1662 ad
1223 1583 1284 1662 'boc
1308 1597 1474 1680 exemplum

185 1703 385 1766 declinantur:
422 1703 537 1764 numeri
562 1702 718 1781 singularis
750 1702 808 1762 hoo
830 1720 916 1763 ovum
949 1703 1036 1763 buius
1058 1703 1105 1762 ori
1134 1702 1203 1764 buin
1224 1721 1280 1764 ovo
1311 1702 1369 1762 boc
1387 1720 1474 1762 orum

185 1823 312 1866 eorum
341 1803 456 1865 abhoc
481 1822 552 1868 oro.
584 1805 700 1865 numeri
730 1802 851 1882 pluralis
880 1804 953 1867 haec
977 1823 1029 1865 ova
1060 1804 1167 1865 borum
1190 1822 1312 1866 ovorum
1345 1804 1391 1866 bis
1413 1805 1476 1864 oris

184 1907 254 1968 baec
278 1924 332 1966 ora
354 1926 372 1966 o
392 1924 450 1996 ora·
468 1905 506 1967 ab
524 1906 570 1967 bis
586 1907 656 1967 oris.
701 1907 743 1967 sic
765 1905 866 1967 atalia
889 1908 1006 1984 generis
1023 1908 1126 1967 'neutri
1148 1907 1275 1976 nomina,
1297 1924 1373 1987 quae
1394 1904 1501 1994 abia·-

183 2010 237 2069 tiro
257 2026 330 2069 castr
352 2008 467 2068 numeri
481 2007 638 2085 singularis
657 2007 786 2069 olittera
809 2009 1004 2070 terminantur
1023 2015 1051 2069 et
1072 2009 1248 2070 nominative
1264 2026 1335 2070 casn
1355 2009 1473 2070 numeri
1489 2028 1513 2068 rs

184 2109 341 2188 mgrrlaria
359 2127 428 2170 vum
447 2108 552 2169 litteris
570 2110 751 2170 deliniuntur
773 2111 809 2171 ad
833 2111 1000 2190 exemplum
1021 2112 1066 2170 ovi
1088 2128 1141 2188 per
1160 2129 1263 2172 omnes
1279 2128 1365 2173 casus
1384 2107 1474 2172 decli-

184 2219 299 2274 nantur.
346 2228 426 2272 nunc
453 2213 483 2270 in
506 2211 562 2273 lrac
588 2213 682 2272 torma
705 2231 794 2292 supra
819 2214 930 2291 'scripta
958 2213 1128 2293 quaeritur,
1159 2231 1215 2291 qua
1243 2197 1396 2274 decanea
1417 2212 1475 2274 boc

186 2332 268 2376 orum
292 2322 323 2376 et
339 2331 399 2374 non
414 2313 554 2374 boccum
577 2313 699 2375 dicatur.
733 2315 787 2375 bac
804 2316 840 2375 de
858 2333 954 2385 cansa,
979 2315 1116 2393 quoniam
1139 2333 1342 2395 quaecumque
1358 2315 1474 2375 nomina

187 2418 301 2494 generis
319 2417 417 2477 nentri
440 2418 663 2494 genetivocasu
683 2417 798 2477 numeri
821 2415 977 2493 singularis
1000 2417 1025 2477 vi
1043 2415 1153 2496 syllaba
1176 2418 1381 2486 terminantur,
1404 2416 1478 2477 baec

188 2521 364 2580 nominativo
393 2537 463 2579 casu
489 2520 607 2580 numeri
635 2517 792 2596 singularis
821 2536 888 2579 rum
915 2516 1023 2598 syllaba
1052 2519 1246 2589 deliniuntur:
1276 2526 1306 2581 et
1330 2518 1396 2580 ideo
1419 2518 1514 2578 bocco

188 2637 286 2690 orum,
320 2638 383 2681 non
414 2621 471 2681 boc
500 2640 569 2682 oum
603 2621 700 2681 lacere
732 2622 949 2698 pronuntiatur.
994 2624 1128 2682 nuncin
1156 2621 1211 2682 hac
1240 2622 1334 2682 lorma
1360 2621 1477 2700 generis

145 2777 149 2789 .
190 2724 290 2792 nentri,
311 2741 379 2808 ‘qna
403 2722 530 2783 diximus
553 2722 677 2784 ablativo
704 2741 772 2783 casu
800 2723 916 2784 numeri
938 2722 1096 2802 singularis
1120 2725 1238 2785 nomina
1262 2743 1279 2784 o
1300 2723 1396 2785 littera
1416 2731 1476 2784 ter·

190 2827 289 2887 minari
310 2832 342 2885 et
361 2826 539 2886 nominativo
562 2843 632 2886 casn
654 2827 770 2886 numeri
791 2825 949 2903 singularis
970 2845 1037 2886 cum
1059 2825 1163 2887 litteris
1184 2826 1313 2894 deliniri,
1336 2826 1394 2886 boc
1415 2842 1478 2885 mo·

191 2942 296 2996 murus,
321 2926 401 3006 meod
420 2946 456 2988 ex
477 2945 510 2988 ea
530 2944 589 2987 non
613 2946 700 3006 quam
721 2927 821 3007 plures
842 2929 917 2997 soni,
940 2928 998 2989 boc
1020 2935 1064 2989 est
1086 2946 1144 2989 non
1165 2946 1253 3007 quam
1275 2927 1402 3007 plurima
1424 2943 1479 2986 no·

191 3032 270 3098 nina,
293 3029 412 3109 possint
431 3028 573 3090 exbiberi.
606 3030 642 3091 de
665 3032 758 3091 lorma
778 3032 894 3109 generis
914 3031 1020 3101 nentri,
1044 3050 1101 3111 qua
1122 3029 1246 3091 ablativo
1270 3047 1339 3090 casu
1362 3028 1477 3089 numeri
1491 3047 1517 3086 as

188 3131 343 3212 angularis
366 3131 484 3191 nomina
507 3150 523 3191 o
546 3130 639 3193 littera
663 3134 859 3194 terminantur
881 3140 910 3193 et
924 3134 1101 3194 nominativo
1124 3151 1194 3194 casu
1212 3133 1329 3215 numeri
1351 3129 1478 3208 singula·

189 3235 223 3295 na
245 3252 320 3296 rum
340 3231 445 3292 litteris
466 3233 660 3308 definiuntur,
689 3241 830 3314 quantum
853 3237 929 3296 ratio
955 3234 1104 3313 poscebat,
1122 3237 1319 3296 tractavimus.
1335 3231 1349 3316 ΙΙ

267 3336 312 3398 lie
332 3353 377 3396 ns.
422 3353 624 3416 quaecumque
643 3338 759 3398 nomina
782 3340 899 3417 generis
921 3337 1018 3398 neutri
1044 3336 1168 3397 ablativo
1191 3355 1261 3396 casu
1282 3335 1397 3396 numeri
1419 3334 1479 3394 sin·

153 3439 294 3523 ⁸solaris
316 3456 336 3499 o
359 3435 454 3498 littera
475 3439 672 3500 terminantur
693 3447 722 3500 et
743 3441 921 3501 nominativo
944 3458 1013 3500 casu
1036 3438 1150 3500 numeri
1172 3438 1328 3517 singularis
1350 3453 1386 3497 us
1404 3434 1479 3496 litte·

179 3543 221 3603 rte
243 3549 317 3621 post
339 3547 549 3601 consonantem
569 3541 756 3611 deliniuntur,
781 3551 813 3602 ut
831 3548 902 3621 puta
924 3541 960 3602 ab
976 3541 1033 3602 boc
1048 3540 1152 3619 pelago
1176 3541 1235 3625 boo
1252 3538 1383 3618 pelagus,
1406 3537 1480 3598 baeo
1493 3554 1518 3595 ao

180 3645 218 3706 ad
239 3644 302 3705 buc
324 3640 490 3721 exemplum
515 3642 712 3704 declinantur:
742 3646 857 3705 numeri
879 3642 1035 3723 singularis
1055 3642 1112 3704 boc
1134 3642 1256 3723 pelagus
1279 3642 1366 3702 buius
1384 3639 1480 3720 pelagi

179 3742 254 3808 huic
272 3743 383 3826 pelago
405 3744 463 3805 boc
482 3743 603 3824 pelagus
624 3765 641 3806 o
662 3746 785 3826 pelagus
806 3746 843 3807 ab
865 3747 921 3806 boc
944 3734 1059 3826 pelago.
1103 3745 1177 3806 baec
1205 3761 1360 3806 numerum
1379 3740 1480 3822 plura·

180 3842 243 3910 lem
266 3848 367 3909 lacere
394 3845 596 3924 prohibentur.
641 3866 720 3909 nuno
747 3851 775 3908 in
799 3850 854 3910 bac
876 3851 970 3910 lorma
995 3850 1111 3927 generis
1133 3848 1246 3916 neutri,
1274 3864 1332 3927 qua
1356 3845 1482 3906 diximus

182 3950 315 4012 ablativo
337 3967 408 4011 casu
438 3952 553 4011 numeri
581 3950 738 4028 singularis
767 3954 884 4011 nomina
908 3970 926 4011 o
949 3950 1043 4012 littera
1074 3950 1224 4011 terminari
1251 3956 1281 4009 et
1303 3947 1481 4008 nominativo

186 4070 259 4114 casu
280 4053 399 4114 numeri
417 4053 574 4130 singularis
592 4071 628 4113 ns
649 4050 752 4114 litteris
774 4062 839 4132 post
861 4062 1070 4115 consonantem
1095 4052 1218 4120 deliniri,
1237 4050 1295 4111 boc
1315 4060 1480 4116 monemus,
1495 4065 1521 4106 as

192 4154 268 4232 (prod
294 4174 330 4216 er
353 4173 387 4216 ea
417 4153 593 4234 plusquam
622 4161 732 4234 septem
756 4157 837 4225 soni,
866 4156 922 4216 hoc
947 4163 991 4217 est
1014 4155 1190 4235 plusquam
1218 4159 1330 4231 septeni
1355 4151 1482 4218 nomina,

196 4257 383 4336 nonpossint
404 4256 547 4318 exbiberi.
592 4258 628 4319 de
651 4258 744 4319 torma
766 4260 884 4335 generis
904 4260 1017 4326 nentri,
1044 4277 1100 4336 qua
1121 4256 1246 4316 ablativo
1271 4273 1340 4315 casu
1368 4252 1484 4313 numeri

208 4356 351 4434 angularis
375 4360 493 4419 nomina
515 4378 533 4419 o
552 4359 648 4421 littera
675 4361 870 4422 terminantur
900 4367 926 4421 et
947 4361 1125 4420 nominativo
1149 4376 1218 4418 casu
1248 4357 1362 4416 numeri
1384 4356 1484 4430 singn-

209 4453 265 4518 laris
289 4480 325 4521 us
352 4459 458 4523 litteris
488 4471 554 4540 post
580 4470 789 4523 consonantem
823 4460 1025 4546 (intimabitur,
1058 4469 1199 4540 quamam
1227 4461 1300 4520 ratio
1334 4454 1484 4536 poscebat,

216 4561 388 4624 britannus.
1496 4575 1522 4616 ro

273 4807 491 4866 linctabimuar
508 4814 675 4865 tractauirnns
692 4813 740 4865 nB
828 4813 860 4866 16
877 4828 937 4862 nom
958 4811 1048 4862 litteris
1066 4811 1088 4861 li
1108 4825 1168 4860 rrum
1188 4808 1286 4875 syllaba
1302 4808 1328 4858 B
1402 4806 1436 4856 24
1455 4820 1486 4854 ex
1566 4858 1569 4866 ,

228 4876 504 4937 11Β11111011111111

267 4983 413 5036 GRAUAT.
429 4993 501 5034 LAT.
519 4993 580 5034 1111.
1267 4962 1285 5022 8
