3346 5506
766 1279 987 1380 SERVII

528 1468 602 1561 llll
644 1469 889 1563 uultis
933 1468 1229 1565 llillillll.

776 1709 978 1719 ——-—-—..

232 1956 306 2000 so*
326 1957 353 2001 n
366 1958 406 2000 ,n
430 1957 471 1999 p„
607 1876 761 1938 SERVWS
783 1876 1076 1940 uunrvmrnno
1093 1862 1157 1941 n‘ri.
1253 1882 1260 1889 ·

315 2020 518 2116 Superduum,
541 2040 648 2111 amice,
672 2039 736 2100 iore
751 2041 851 2120 putavi
876 2036 881 2122 Ι
900 2048 930 2102 et
948 2048 1016 2120 post
1029 2040 1240 2102 Terentianum
1263 2048 1358 2105 metra
1378 2041 1526 2123 digerere,

206 2157 299 2201 scum
326 2143 399 2202 sats's
419 2159 496 2216 quoe
522 2143 597 2202 mibi
615 2144 700 2203 lectio
715 2149 875 2219 poetarum
897 2139 977 2203 aliud
1000 2144 1097 2222 egenti
1119 2141 1268 2205 obtulerat
1289 2144 1424 2224 exposita
1447 2142 1527 2205 ride·

230 2251 345 2304 rentur.
389 2261 481 2323 quare
496 2243 664 2314 Horatium,
687 2262 755 2305 cum
776 2246 808 2305 in
824 2244 980 2326 Campania
1003 2246 1129 2317 otiarer,
1152 2238 1272 2326 excepi,
1292 2264 1383 2326 quem
1404 2263 1526 2326 sepera-

230 2346 283 2406 tim
311 2365 377 2407 mes
406 2364 461 2424 per
488 2345 619 2424 singulos
647 2354 751 2408 cantus
778 2353 890 2408 servato
919 2364 1055 2408 versuum
1082 2346 1274 2428 replicatione
1296 2353 1452 2411 necteres.
1496 2354 1527 2409 et

230 2448 298 2527 quia
326 2446 376 2508 ille
403 2447 510 2508 fidicen
537 2466 597 2509 uno
627 2450 712 2509 metri
743 2465 853 2527 genere
880 2446 1014 2528 pluribus
1042 2463 1129 2530 saepe
1158 2451 1251 2512 utitur
1277 2447 1431 2521 cautibus,
1454 2448 1526 2512 satis

230 2550 288 2610 erit
314 2548 406 2614 semel
433 2551 548 2610 retiorm
575 2548 689 2611 reddita
719 2557 885 2611 ceterorum
908 2549 1128 2613 similitudinem
1150 2552 1255 2632 primis
1275 2549 1412 2613 versibus
1432 2551 1525 2613 deno·

192 2658 304 2713 roure.
347 2669 407 2713 non
436 2650 509 2713 mibi
538 2659 635 2713 autem
664 2651 879 2713 criminandum
908 2659 995 2732 puto,
1023 2654 1048 2713 si
1075 2653 1105 2713 in
1128 2660 1254 2715 tractatu
1275 2652 1389 2715 Latinis
1410 2652 1524 2717 cneo

228 2755 391 2826 miscuero,
421 2770 489 2815 cum
516 2761 680 2815 metrorum
707 2752 782 2816 ratio
811 2752 898 2815 buius
924 2752 1042 2834 linguae
1070 2765 1155 2833 egeat
1181 2754 1310 2817 sollertia
1334 2762 1366 2817 et
1385 2752 1524 2837 adprime

228 2856 276 2917 bis
297 2854 403 2917 litteris
424 2860 462 2918 sit
483 2855 608 2918 erudita.
652 2853 725 2916 vale.

777 2944 939 2951 ------—-—
970 2944 977 2951 ι

313 3044 423 3106 Decem
450 3062 555 3104 norem
584 3052 696 3104 tantum
725 3043 795 3103 odas
817 3044 904 3104 variis
926 3042 1047 3104 Flaccus
1069 3053 1232 3106 metrorum
1256 3043 1523 3123 compositionibus

228 3147 336 3215 texuit,
360 3164 483 3226 quiscum
507 3145 609 3207 decem
631 3146 662 3205 in
685 3146 781 3224 primo
804 3145 966 3206 carminum
990 3143 1083 3215 libro,
1105 3147 1137 3205 in
1159 3145 1253 3207 tribus
1275 3144 1397 3226 reliquis
1421 3148 1521 3226 singu·

191 3258 216 3299 ¹⁵
230 3246 286 3318 las,
310 3250 340 3309 in
363 3248 479 3328 epodon
502 3266 553 3308 sex
575 3248 695 3327 repperi
718 3248 897 3309 constitutas.

314 3350 412 3411 Prima
436 3351 526 3429 igitur
548 3349 605 3410 ode
627 3347 798 3409 monocolos
820 3356 873 3409 est.
904 3366 971 3409 uam
987 3366 1098 3419 versus,
1114 3350 1164 3429 qui
1186 3348 1387 3429 asclepiadeus
1403 3349 1520 3419 dicitur,

229 3460 345 3513 constat
366 3450 507 3533 spondio,
535 3449 650 3512 duobus
672 3450 851 3511 choriambis
879 3458 909 3510 ot
935 3450 1101 3529 pyrrichio;
1136 3469 1263 3531 ususque
1285 3459 1330 3511 est
1352 3450 1410 3511 bac
1432 3452 1521 3513 metri

228 3556 441 3635 compositione
464 3551 599 3614 cantibus
621 3551 724 3619 tribus,
741 3570 865 3632 quorum
889 3551 1050 3631 primordia
1066 3550 1235 3622 subnotavi,
1258 3552 1413 3613 Maecenas
1429 3554 1520 3614 atavis

227 3656 305 3717 edite
327 3655 460 3736 regibus,
483 3655 574 3734 Exegi
597 3661 819 3715 monumentum
844 3671 912 3714 acre
933 3655 1109 3733 perennius,
1139 3652 1285 3715 Donarem
1308 3661 1429 3733 pateras
1452 3673 1518 3734 gra·

188 3765 216 3807 ²⁰
229 3766 316 3838 taque
338 3757 520 3821 commodus.

311 3860 446 3920 Secunda
469 3860 525 3920 ode
547 3856 658 3921 dicolos
680 3866 725 3919 est
746 3857 940 3919 tetrastrolos.
975 3858 1064 3937 primi
1086 3858 1165 3917 enirn
1187 3866 1249 3918 tres
1271 3875 1387 3926 versus,
1411 3858 1520 3940 quibus

228 3979 336 4023 nomen
359 3971 404 4023 est
419 3961 541 4029 sailicis,
564 3967 700 4021 constant
714 3959 869 4030 trochaeo,
892 3958 1033 4039 spondio,
1050 3958 1164 4040 dactylo
1180 3966 1209 4020 et
1223 3957 1338 4020 duobus
1354 3959 1519 4029 trochaeis;

227 4070 349 4142 quartus
370 4082 454 4134 vero,
479 4063 529 4143 qui
551 4062 675 4122 adonius
699 4062 822 4131 dicitur,
847 4059 960 4140 dactylo
983 4070 1013 4122 et
1033 4061 1158 4141 spondio
1180 4060 1305 4141 pedibus
1327 4063 1518 4125 terminatur.

226 4165 318 4225 utitur
340 4172 437 4226 autem
460 4165 515 4225 bac
537 4166 625 4225 metri
647 4164 859 4244 compositione
882 4182 933 4224 sex
957 4171 986 4224 et
1007 4164 1108 4242 viginti
1131 4162 1280 4232 candbus,
1304 4180 1434 4242 quorum
1458 4166 1519 4246 pri·

187 4274 214 4316 ²³
227 4265 341 4327 mordis
364 4264 531 4336 subnotavi,
554 4266 614 4327 lam
637 4267 706 4327 satis
728 4268 817 4327 terris
839 4267 913 4325 nivis
935 4273 1022 4345 atque
1046 4264 1142 4335 dirae,
1165 4262 1292 4325 Mercuri
1314 4265 1444 4326 facunde
1466 4284 1520 4328 ne·

224 4387 279 4449 pos
305 4366 443 4438 Atlantis,
471 4367 564 4439 Quem
593 4370 688 4430 vuum
716 4377 767 4429 aut
793 4368 883 4430 beroa
906 4366 968 4447 lyra
991 4364 1035 4427 vel
1058 4367 1134 4438 acri,
1163 4365 1224 4427 Vile
1253 4363 1369 4447 potabis
1391 4367 1519 4430 modicis

224 4469 374 4539 sabinum,
397 4469 515 4548 lnteger
529 4470 604 4531 vitae
620 4468 798 4551 scelerisque
813 4488 917 4549 purius,
940 4468 1062 4530 Parcius
1076 4471 1190 4530 iunctas
1204 4471 1339 4549 qiiadunt
1358 4468 1518 4541 fenestras,

293 4659 442 4722 Subscriptio
466 4666 507 4709 est
524 4659 695 4722 discrepantia
715 4660 858 4721 scripturae
880 4657 973 4707 codicis
994 4657 1110 4708 Parisini
1124 4655 1192 4709 75³0
1254 4658 1278 4705 -4
1299 4655 1373 4726 diger
1393 4671 1409 4699 ι
1436 4657 1516 4708 eliud.

223 4731 377 4793 scripturam
391 4730 482 4778 lacuna
498 4728 696 4779 membranarum
710 4728 824 4781 inustam
840 4735 949 4793 aequato
962 4743 1062 4778 numero
1079 4728 1219 4777 litterarum
1236 4742 1301 4792 qnae
1320 4728 1460 4792 perierunt
1474 4745 1517 4780 rr

222 4800 293 4850 stitui
371 4798 489 4868 bouem]
508 4799 577 4863 quod
646 4798 848 4849 dsimilitudine
920 4797 950 4848 ll
970 4806 1045 4864 egent
1061 4805 1086 4847 et
1104 4798 1214 4848 sollertis
1233 4796 1343 4862 etprime
1359 4795 1403 4848 bis
1423 4798 1517 4851 litteris

223 4869 323 4921 erudite
392 4868 426 4920 26
443 4870 499 4920 lura
516 4868 558 4920 nel
576 4869 614 4918 eri
681 4868 716 4919 27
733 4868 851 4917 caninum
