3346 5506
703 1121 763 1171 v11

276 1254 713 1352 1111115111111
746 1259 805 1351 lll
834 1257 1203 1356 iltttnttttstt.

652 1515 830 1525 n—--—-

181 1703 209 1760 ln
223 1703 314 1761 codice
330 1701 452 1759 Parisino
468 1719 494 1758 n.
510 1706 578 1758 1536
593 1703 694 1760 saeculi
710 1705 796 1761 octavi
812 1706 980 1778 grammatici
996 1704 1053 1760 1555
1068 1707 1222 1778 argumenti
1237 1703 1272 1778 (v.
1288 1705 1386 1762 lllleil

116 1787 135 1841 iu
143 1787 220 1862 prael.
232 1787 312 1845 roll.
321 1805 347 1862 p.
355 1784 441 1864 xviii)
454 1787 473 1843 1.
483 1790 562 1841 148-
570 1791 617 1842 153
625 1788 767 1845 exhibetur
776 1797 901 1845 notarum
913 1789 1072 1852 laterculus,
1084 1792 1162 1846 ouius
1174 1791 1207 1847 ad
1219 1806 1260 1845 me
1273 1807 1386 1865 apogra-

113 1871 180 1942 plnm
191 1872 254 1930 olim
265 1872 341 1929 misit
351 1873 462 1952 5511555,
472 1873 620 1946 inscriptus
631 1889 712 1929 manu
728 1875 837 1947 antiqua
848 1875 949 1945 incipit
959 1881 1043 1930 notas
1052 1875 1134 1937 iuris,
1142 1891 1222 1931 manu
1234 1876 1386 1931 recentiore

112 1955 195 2029 incipit
212 1958 248 2014 de
269 1958 443 2013 breviaturis
459 1971 517 2028 per
531 1956 730 2028 alphabetum,
751 1974 805 2013 non
821 1958 945 2015 diversus
960 1958 993 2014 ab
1009 1974 1056 2022 55,
1077 1976 1157 2033 quem
1178 1960 1313 2031 glossario
1335 1976 1385 2015 sno

111 2040 169 2099 16115
183 2060 207 2098 a.
223 2041 369 2117 561653
384 2040 420 2112 (ν.
435 2040 578 2098 hibericos
594 2042 686 2098 Trium
703 2043 817 2099 lontium
833 2044 904 2117 apud
920 2043 1098 2101 Lcibnitzinm
1114 2060 1214 2100 necess.
1231 2043 1295 2100 hist.
1311 2043 1386 2115 288)

108 2128 275 2184 1551515115
290 2134 354 2201 post
369 2135 495 2200 excerpta
510 2143 541 2183 es
556 2126 651 2183 isidori
667 2127 840 2202 etymologiis
853 2130 995 2189 let-ao
1009 2129 1125 2184 inseruit
1139 2128 1245 2203 Papias,
1261 2144 1293 2183 ex
1304 2127 1386 2202 Papia

104 2213 279 2285 repetiverunt
288 2209 507 2285 lindenbrogius
522 2230 548 2285 p.
560 2214 702 2266 151-115
718 2221 745 2268 51
756 2211 901 2270 Putschins
914 2230 940 2287 p.
948 2216 1141 2277 1636-1666;
1157 2212 1385 2286 5565Ρ55155515

99 2305 145 2368 155
166 2312 276 2373 555555
296 2295 441 2371 appellari.
463 2312 626 2369 quamquam
645 2313 678 2352 ex
698 2315 780 2370 snpra
801 2297 881 2354 dictis
901 2306 1014 2372 apparet
1035 2297 1196 2355 laterculum
1219 2297 1306 2354 tribus
1329 2296 1386 2352 lere

96 2380 209 2439 15555115
224 2380 303 2455 Papia
322 2395 384 2436 esse
398 2380 583 2437 uetustiorem.
601 2411 638 2423 -
655 2381 827 2439 bateroulum
843 2401 857 2439 a
873 2382 991 2455 Papiano
1007 2399 1062 2438 non
1078 2383 1229 2442 diversum,
1245 2383 1297 2439 nisi
1313 2381 1386 2455 qnod

89 2467 444 2524 155555555515515115555
466 2465 609 2539 quaedam,
636 2466 668 2521 65
689 2466 788 2540 qnilms
809 2484 871 2522 mon
891 2476 1001 2541 agetur.
1024 2468 1122 2524 5115561
1145 2470 1171 2524 15
1193 2466 1286 2524 556155
1308 2475 1385 2523 55155

86 2550 154 2626 ‘oni
170 2567 252 2624 lllricl
267 2566 301 2622 de
317 2552 470 2628 hurizhts’.
494 2575 587 2641 postca
603 2570 760 2623 monasterii
776 2567 946 2625 laboriensis
962 2587 984 2623 s.
1001 2568 1126 2629 Plell'ers.
1143 2585 1213 2624 5555
1229 2569 1386 2625 monasterii

80 2642 270 2711 Einsidlensis
291 2649 514 2707 5555115326
537 2646 739 2724 (1511161110)
762 2651 808 2708 illo
831 2655 906 2727 ipso,
929 2654 975 2727 qni
997 2653 1075 2709 solus
1096 2654 1152 2708 lere
1174 2653 1252 2709 uobis
1273 2654 1387 2709 servavit

77 2737 202 2796 8555515
225 2752 297 2793 5555
313 2734 462 2792 conlectam
478 2735 632 2792 Latinarum
656 2738 862 2811 inscriptionum
884 2737 1007 2811 syllogen
1030 2740 1245 2812 antiquissimam
1266 2739 1385 2793 omniurn

73 2834 207 2897 quarum
223 2821 320 2878 5511115
336 2819 369 2877 56
383 2836 435 2876 555
449 2815 586 2894 pervenit:
603 2821 705 2894 legitur
719 2821 756 2877 ibi
772 2821 791 2877 1.
810 2825 901 2877 1-16
916 2824 1063 2896 inscriptus
1079 2825 1131 2879 sic:
1147 2823 1287 2894 incipiunt
1301 2827 1385 2877 notae

68 2902 161 2964 Iulii
174 2905 320 2963 Caesaris.
350 2903 452 2966 Abeo,
478 2906 525 2978 qul
541 2906 650 2979 scripsit
664 2906 798 2969 codicem,
819 2906 981 2963 laterculum
998 2910 1025 2962 in
1041 2907 1110 2963 lianc
1125 2908 1239 2963 lormam
1254 2923 1309 2962 non
1325 2921 1386 2961 esse

68 2992 246 3053 1156551515,
269 2987 317 3046 556
332 2988 497 3063 descriptum
513 3004 544 3044 ex
558 2989 628 3046 libro
644 2993 797 3064 antiquiore
813 2991 853 3047 vol
870 2990 935 3048 illud
951 2990 1028 3046 hdem
1045 2990 1123 3053 lacit,
1149 2992 1221 3065 quod
1237 2989 1384 3046 laterculus

63 3076 206 3134 mutilus
220 3083 263 3131 551
277 3073 384 3149 (incipit
397 3075 467 3130 enim
483 3073 565 3148 paulo
581 3083 644 3149 post
659 3076 764 3131 initium
780 3075 887 3132 litterae
905 3074 933 3150 C)
955 3075 1048 3132 556155
1064 3077 1190 3149 integro;
1217 3075 1384 3148 descriptum

65 3171 183 3219 autem
198 3174 260 3216 esse
280 3160 405 3216 existimo
427 3174 459 3215 ox
473 3158 566 3216 codiee
581 3160 799 3217 lieiohenoriensl
816 3161 861 3235 qni
879 3169 971 3216 sertus
987 3168 1029 3215 est
1043 3163 1071 3216 iu
1086 3159 1242 3232 Reginbcrti
1258 3159 1383 3231 catalogo

58 3256 116 3303 ἢ.
129 3248 183 3302 666
203 3251 312 3301 exarato
333 3241 464 3316 (Neugart
483 3245 566 3318 episc.
582 3245 674 3301 Consi.
696 3263 722 3318 p.
739 3244 814 3317 518),
842 3247 867 3300 15
890 3262 944 3318 555
967 3244 1176 3302 continebantur
1197 3242 1298 3299 ‘notae
1319 3242 1388 3298 Iulii

62 3328 229 3388 Caesaris
241 3335 270 3384 et
284 3328 356 3384 tiber
369 3328 457 3384 Plinii
471 3327 597 3385 Secundi
616 3331 778 3386 denatura
800 3329 926 3384 rernm'.
971 3330 1058 3403 ipsam
1084 3328 1157 3385 illam
1179 3328 1383 3402 inscriptionem

55 3405 155 3474 lieet
176 3429 307 3472 revocare
321 3415 412 3487 possis
433 3412 601 3471 1551555556
623 3431 720 3471 555155
735 3416 762 3471 6.
779 3416 900 3471 Caesaris
920 3431 982 3470 cum
997 3415 1178 3470 homanorum
1200 3414 1274 3468 notis
1294 3411 1383 3486 aliqua

54 3504 199 3558 batione
214 3498 388 3556 coniunctum
404 3492 449 3571 (cl.
465 3497 539 3555 Suet.
555 3499 630 3555 Caes.
644 3498 697 3571 56),
714 3509 803 3557 tannen
819 3499 905 3556 satius
920 3501 980 3562 crit
1000 3498 1097 3555 collata
1112 3499 1273 3572 praesertim
1289 3495 1384 3552 similis

55 3585 216 3660 syllegae
237 3582 339 3640 codicis
353 3580 468 3640 Parisini
489 3584 705 3658 praescriptione
719 3586 816 3657 incipit
831 3589 915 3641 notas
933 3586 1019 3653 iuris,
1046 3584 1083 3639 ita
1098 3582 1247 3657 explicare,
1269 3589 1300 3638 ut
1315 3581 1384 3637 male

53 3659 289 3746 interpretatus
312 3667 348 3724 sit
368 3667 457 3725 scriba
478 3670 682 3743 inscriptionem
707 3672 845 3742 incipiunt
865 3676 949 3726 55155
969 3670 1040 3725 iuris
1062 3669 1150 3725 civilis
1169 3668 1265 3742 primis
1285 3665 1384 3723 litteris

50 3748 120 3810 1.
135 3755 164 3813 0.
185 3754 338 3811 indicatam.
362 3783 396 3792 -
425 3752 525 3810 Tabula
546 3752 662 3828 Papiana
684 3770 715 3811 ex
737 3767 814 3830 parte
836 3773 884 3811 suo
905 3753 1018 3810 meliore
1041 3752 1180 3810 descendit
1201 3768 1232 3807 ox
1253 3768 1284 3808 ea
1304 3768 1383 3825 quam

53 3840 173 3897 115565
194 3838 329 3895 edidimus
350 3836 473 3895 Vaticana
498 3846 659 3914 potestque,
681 3848 814 3915 utsupra
839 3859 864 3915 p.
880 3842 932 3894 363
952 3839 1019 3900 disi.
1043 3837 1163 3895 adhiberi
1187 3838 1219 3893 ad
1242 3837 1383 3911 pristinam

53 3912 166 3981 illius
195 3924 310 3981 lormam
338 3923 541 3981 restituendam.
584 3925 771 3982 additamenta
801 3933 904 3988 autem,
936 3940 1004 3999 quae
1025 3924 1058 3980 65
1074 3940 1123 3980 555
1146 3922 1244 3979 5615511
1273 3922 1385 3977 huiusce

58 4006 200 4067 tabulae
214 4008 355 4069 55561155,
384 4006 514 4082 pleraque
529 4010 647 4082 pessima
669 4020 733 4067 sunt
754 4018 781 4066 et
802 4013 899 4068 aetatis
920 4011 1030 4067 omuino
1051 4008 1195 4072 barbaram
1226 4005 1290 4081 5516
1312 4005 1385 4080 5556

55 4094 254 4153 oneremus
283 4092 319 4149 ibi
349 4093 477 4165 quasdam
507 4094 616 4151 notulas
651 4099 820 4171 pertinentes
849 4095 882 4153 ad
913 4097 1056 4152 thesauros
1086 4094 1213 4150 litteratis
1249 4091 1384 4166 lapidibus

60 4174 207 4237 «1551555
227 4177 437 4250 investigandos.
466 4180 587 4253 benique
608 4181 681 4254 quod
701 4180 899 4256 alphabeticum
917 4181 1039 4238 ordinem
1054 4196 1109 4237 non
1125 4178 1152 4234 in
1167 4177 1265 4252 primis
1279 4183 1384 4233 tantum

66 4250 98 4311 l
111 4263 206 4332 itteris,
227 4262 371 4321 sedetiam
391 4265 419 4319 in
435 4264 562 4321 55555615
576 4266 710 4342 Papiauus
728 4265 877 4323 laterculus
900 4266 1041 4328 observat.
1062 4272 1091 4321 et
1105 4266 1195 4339 ipsum
1216 4261 1326 4335 signnm
1341 4267 1384 4316 est

73 4351 207 4423 (55151515
226 4347 396 4406 recentioris.
426 4350 466 4429 ,ht
487 4366 538 4424 per
552 4367 581 4407 se
601 4352 705 4410 inutilis
725 4351 875 4409 laterculus
894 4350 941 4407 ille
955 4348 1089 4425 Pupienus
1110 4356 1199 4405 155155
1214 4362 1248 4404 55
1263 4344 1384 4421 prodest.

79 4435 166 4506 quod
181 4450 230 4511 per
241 4450 302 4490 cum
314 4439 389 4490 certa
404 4436 510 4492 ratione
524 4444 632 4494 constat
646 4437 679 4494 de
689 4436 880 4495 additamentis
895 4435 982 4494 codici
993 4432 1158 4491 lilasidleasl
1170 4430 1301 4504 proprllt.
1316 4442 1387 4496 (11110

80 4524 165 4577 11555
178 4520 296 4594 primunr
312 4517 430 4575 5655155
444 4526 472 4577 51
487 4519 569 4596 longe
591 4522 708 4598 potioris
721 4521 803 4597 pretii
819 4527 885 4580 sunt
898 4536 980 4597 55515
994 4516 1100 4595 syllam
1348 4510 1384 4560 ¹¹¹¹
1415 4522 1421 4531 '

87 4592 270 4662 Elusidlensis
279 4602 342 4659 libri
357 4603 534 4681 archetypum
548 4610 673 4673 exaravit.
689 4608 714 4664 is
725 4607 869 4683 l‘rplanam
883 4604 993 4683 5516551
1003 4600 1048 4679 syl

92 4692 223 4767 sumpsit.
246 4688 295 4746 sed
309 4689 490 4749 5551515655
505 4691 595 4753 littera
608 4695 629 4751 li
644 4689 716 4771 (nam
730 4694 754 4749 1
768 4692 958 4755 5111655551.
972 4690 1002 4749 br

96 4784 147 4832 uon
161 4770 348 4851 reperiuntur)
363 4776 470 4835 auxisse
484 4793 547 4834 eum
562 4778 751 4855 compluribus
764 4777 835 4837 locis
853 4774 929 4837 illam
942 4790 976 4837 51
