3346 5506
446 405 495 467 DE
518 405 668 467 CENTVbl
690 405 829 468 nuruis
852 405 902 467 vn
925 404 1039 473 l—lX
1062 413 1101 474 10
1325 460 1329 467 .
1354 414 1417 477 465

170 521 202 562 ιι.
216 510 278 554 aare
295 511 322 553 as
335 510 359 554 r.
1208 515 1289 568 aare
1303 516 1328 558 aa
1341 514 1367 557 c.

639 643 689 705 DE
710 643 909 706 utsruasls.

212 774 338 857 Reliqua
367 775 507 859 deinceps
534 787 628 840 metra
655 798 714 841 non
742 798 776 842 ea
804 779 869 860 lege
897 798 953 860 qua
975 781 1129 859 superiora
1150 781 1324 842 referemus.
1368 779 1418 842 illa

77 876 206 938 enim
234 877 313 940 velut
339 880 461 941 confusa
484 880 608 960 digessi,
636 881 711 942 haec
737 882 816 943 velut
837 882 970 963 dispersa
992 881 1107 961 collegi.
1152 883 1203 944 sed
1227 901 1260 943 er
1284 882 1419 963 plurimis

76 978 262 1061 quinque
284 988 315 1042 et
335 982 438 1060 viginti
459 984 526 1044 usui
547 982 690 1044 tradenda
711 983 834 1045 subieci.

211 1082 257 1144 De
280 1080 390 1144 falisco.
435 1084 568 1146 laliscum
590 1094 704 1147 constat
726 1085 819 1146 tribus
842 1085 963 1166 dactylis
987 1093 1015 1147 et
1037 1085 1205 1167 pyrrichio,
1228 1093 1261 1146 ut
1284 1094 1328 1146 est
1350 1086 1442 1161 hoc„

420 1185 504 1247 docta
526 1184 625 1248 lalisca
647 1187 760 1249 Serene
782 1205 912 1268 reparas.

215 1283 286 1368 lile
307 1286 505 1367 pherecratio.
556 1289 774 1368 pherecratium
805 1297 919 1351 constat
940 1289 1063 1369 spondio
1086 1288 1201 1369 dactylo
1229 1289 1364 1370 spondio,
1387 1297 1419 1349 ut

67 1387 153 1440 est
187 1384 270 1458 hcc,

418 1509 503 1570 reges
525 1510 657 1572 purpura
678 1501 832 1555 monstrat.

58 1671 79 1732 ¹
207 1589 257 1652 De
280 1588 423 1670 glyconio.
462 1592 628 1673 glyconium
651 1602 766 1656 constat
786 1595 912 1674 spondio
933 1594 1104 1655 choriambo
1127 1594 1293 1674 pyrrichio,
1317 1601 1350 1656 ut
1372 1603 1420 1656 est
1434 1632 1458 1673 ,ο

80 1693 192 1754 roc,

418 1796 467 1857 odi
488 1796 677 1858 Parthenium
701 1816 813 1859 nemus.

204 1895 256 1960 De
290 1895 476 1977 asclepiadis.
521 1897 730 1979 asclepiadium
767 1907 881 1962 constat
916 1899 1056 1981 spondio,
1091 1900 1208 1963 duobus
1229 1900 1419 1970 choriambis,

56 1993 299 2076 pyrrichio,
321 2005 354 2060 ut
376 2008 421 2061 est
441 2000 512 2071 hoc,

418 2103 494 2164 ritae
516 2121 586 2182 pars
608 2103 713 2165 melior
734 2122 822 2184 quam
844 2104 903 2164 cito
925 2101 1043 2166 labitur.
1433 2144 1457 2186 15

205 2201 258 2266 De
285 2201 406 2265 alcaico.
450 2203 591 2267 alcaicum
621 2213 735 2268 constat
756 2205 896 2286 spondio,
925 2203 1020 2266 tribus
1042 2204 1238 2278 choriambis,
1259 2206 1421 2287 pyrrichio,

59 2291 121 2345 ¹¹1
157 2314 229 2366 est
251 2305 324 2375 hoc,

333 2426 388 2488 pro
410 2407 454 2469 las
476 2408 615 2470 Aeacides
637 2407 795 2488 procubuit
816 2408 871 2471 sub
893 2409 1006 2471 Paridis
1028 2426 1126 2471 manu.

210 2507 258 2573 lle
280 2508 419 2590 elegiaco.
463 2510 625 2588 elegiacum
649 2516 763 2572 constat
785 2510 822 2572 de
843 2511 1072 2591 penthemimeri
1095 2512 1189 2591 prima
1211 2510 1352 2583 heroica,
1373 2530 1419 2572 se-

71 2595 226 2672 ⁰¹¹1¹da
248 2609 407 2692 dactylica,
429 2620 462 2673 ut
484 2620 529 2673 est
550 2612 620 2684 hoc,
1431 2655 1457 2696 w

418 2721 530 2775 maeret
551 2713 664 2775 diffusis
685 2714 760 2777 flens
781 2714 876 2795 elegia
886 2718 1002 2785 comis.

215 2813 257 2878 be
280 2813 402 2879 aeolico.
445 2814 589 2878 aeolicum
611 2825 727 2881 constat
746 2818 844 2898 primo
865 2817 941 2898 pede
964 2815 1106 2898 disyllabo
1128 2814 1261 2899 quolibet
1283 2824 1314 2878 et
1332 2824 1420 2897 quat·

87 2883 201 2970 1¹¹⁰?
221 2916 358 2998 dactylis,
380 2923 413 2978 ut
434 2924 479 2978 est
499 2917 571 2991 boc,

417 3019 534 3101 Sappho
557 3021 712 3102 conposuit
732 3020 809 3083 male
830 3031 910 3084 casta
931 3029 1077 3102 poemata.

105 3202 163 3267 m
218 3120 257 3184 lie
278 3121 386 3184 miuro.
421 3123 552 3184 miurum
575 3131 689 3184 constat
709 3125 749 3185 ita
770 3130 804 3184 ut
824 3122 991 3191 heroicum,
1014 3123 1067 3184 sed
1088 3122 1240 3204 pyrrichio
1262 3119 1456 3208 clauditur,²5

187 3229 229 3284 ost
248 3223 321 3296 hoc.

416 3334 544 3388 mortem
565 3333 759 3388 contemnunt
778 3325 897 3389 laudato
918 3325 1040 3389 vulnere
1063 3327 1163 3390 Getae.
1189 3323 1203 3411 ΙΙ

215 3427 257 3491 lle
284 3429 429 3511 priapeio.
471 3429 636 3510 priapeium
664 3435 779 3489 constat
806 3427 843 3490 de
869 3426 1005 3508 glyconio
1034 3436 1063 3490 et
1089 3427 1296 3508 pherecratio,
1320 3436 1353 3490 ut
1375 3436 1421 3490 est

416 3632 668 3712 Hellespontiacos
689 3639 771 3694 tuum
794 3649 905 3694 numen
926 3634 1056 3712 protegit
1076 3632 1188 3694 hortos.

214 3734 257 3799 lle
278 3734 441 3818 phalaecio.
486 3734 668 3814 phalaecium
691 3742 806 3797 constat
826 3734 967 3815 spondio,
989 3734 1120 3816 dactylo,
1144 3733 1239 3796 uibus
1261 3734 1417 3808 trochaeis,

105 3831 163 3901 {ri
182 3845 228 3900 est
248 3836 319 3911 hoc,

99 4045 123 4067 N
199 3993 213 4046 l
234 3989 273 4042 De
291 3992 401 4042 diosmis
418 3998 557 4042 metrorum
575 3992 714 4058 generibus
733 4005 752 4048 ς
821 3990 991 4043 2ederemus
1007 3994 1033 4042 P
1083 3989 1231 4041 beomlnsa
1249 3991 1275 4041 P
1325 3990 1420 4041 ‹isub-

98 4058 176 4116 ¹eci
193 4077 265 4116 corr.
282 4061 420 4113 subieciam
433 4062 460 4112 N
526 4064 543 4112 5
561 4061 598 4111 De
615 4060 705 4112 falisco
723 4086 758 4098 —
776 4059 891 4130 reparas]
908 4060 1085 4128 ityphallicnm
1100 4061 1168 4125 quod
1186 4067 1361 4111 tetrametrum
1379 4069 1421 4112 est

95 4136 229 4187 §casm
245 4132 327 4182 tribus
343 4130 451 4197 dactylis
466 4140 491 4181 et
510 4130 649 4197 pyrrichio,
667 4140 693 4182 ut
712 4140 750 4182 est
765 4131 823 4196 hoc,
841 4133 885 4196 qui
902 4147 987 4182 serere
1006 4132 1137 4197 ingenium
1157 4131 1226 4182 uolet
1243 4146 1335 4198 agrum
1353 4145 1370 4188 ς

93 4196 139 4258 Q
158 4215 254 4255 moue
267 4209 369 4269 reparat
387 4204 413 4252 P
429 4200 587 4266 Pheronyme
601 4217 677 4268 paras
690 4203 825 4253 hischino
896 4202 1030 4266 idsctylo
1049 4212 1074 4251 et
1094 4200 1248 4257 trochaeos
1316 4202 1419 4254 hman-

93 4275 211 4328 δοται
227 4272 255 4323 Ρ
311 4269 344 4323 10
361 4270 393 4322 de
410 4272 530 4339 glyconio
545 4273 685 4339 gliconium
704 4274 731 4324 N
748 4273 781 4322 dc
799 4273 910 4339 gliconio
929 4271 1066 4339 gliconium
1085 4272 1110 4320 P
1157 4271 1326 4322 choriambico
1345 4273 1371 4323 P

96 4336 158 4401 18
176 4342 212 4394 de
229 4340 402 4408 asclepiadeio
414 4341 611 4408 asclepiadeinm
629 4343 779 4394 1³:1aerma
795 4343 990 4394 membranam
1008 4350 1048 4391 est
1064 4344 1090 4392 in
1108 4341 1133 4391 Ν
1185 4340 1339 4392 choriambis
1357 4357 1417 4408 pyr·-

92 4412 220 4469 §lobiis
233 4413 260 4462 P
323 4411 356 4462 lb
373 4412 442 4462 ritae
458 4437 493 4447 —
513 4412 545 4463 17
564 4419 591 4461 nt
610 4422 649 4462 est
663 4411 711 4463 hoc
728 4430 776 4465 om.
795 4413 835 4463 P.-
848 4415 914 4464 ritae
930 4428 991 4480 pars
1009 4411 1098 4461 melior
1116 4413 1141 4461 in
1156 4414 1247 4462 lacuna
1262 4428 1308 4463 om.
1324 4411 1351 4461 Ν

98 4477 158 4541 18
176 4495 286 4534 manum
301 4493 319 4538 ς
335 4495 427 4532 manns
444 4482 471 4530 P
523 4481 554 4532 19
571 4482 604 4531 de
621 4480 815 4547 penthimimere
835 4482 904 4534 Pde
919 4483 1099 4549 pentemimere
1114 4483 1140 4531 N
1153 4482 1213 4532 bina
1226 4481 1417 4548 penthemimeri

93 4553 264 4611 &marin
281 4550 502 4619 dipenthemimeri
519 4554 624 4603 cosmed
636 4552 703 4604 idere
717 4555 743 4603 in
763 4551 864 4606 Pes-ent.
883 4554 971 4606 Maur.
989 4567 1017 4615 p.
1038 4551 1088 4602 287
1105 4551 1109 4555 ’
1176 4553 1209 4603 22
1230 4553 1383 4618 eologicinm
1401 4565 1418 4608 ς

308 4622 441 4674 Paucum
494 4621 528 4675 26
546 4621 583 4672 Da
601 4622 684 4672 miuro
700 4649 734 4660 -
752 4622 813 4689 167,
832 4624 848 4673 b
867 4623 985 4687 congruit
1001 4622 1116 4673 hocloco
1134 4624 1224 4673 omiaru
1240 4630 1300 4685 poet
1315 4620 1419 4685 sapphi-

100 4706 178 4749 Μ
192 4690 370 4758 mate,
385 4693 419 4745 21
433 4692 547 4744 habet?
598 4700 698 4743 constat
711 4702 755 4743 aut
768 4708 838 4744 corr.
853 4700 951 4742 constat
968 4692 1004 4740 ite
1020 4692 1083 4742 utN
1135 4693 1261 4742 clauditur
1280 4707 1326 4742 om.
1345 4694 1370 4742 P

104 4760 159 4821 δῖ
176 4758 301 4832 mam]
318 4770 404 4815 moute
420 4761 447 4813 Ρ
530 4768 712 4831 contempnunt
728 4762 754 4814 Ν
838 4763 874 4816 28
890 4761 1016 4829 gliconica
1031 4763 1057 4812 P
1140 4760 1176 4812 30
1194 4762 1418 4828 hellespontiacum

111 4830 245 4893 ul
257 4830 471 4903 Μαραιώθου
487 4839 547 4885 tuos
563 4835 588 4885 Ρ
641 4846 736 4885 nomen
754 4834 782 4885 P
848 4842 918 4885 ortos
929 4833 956 4884 P
1021 4831 1054 4884 31
1074 4832 1107 4884 de
1122 4832 1214 4883 lalecio
1233 4832 1351 4883 lalecinm
1370 4830 1421 4883 ΝΡ

112 4901 330 4977 ww!
397 4900 712 4960 nummos?

183 4982 471 5043 'flmmeum
881 5040 891 5057 ,
1176 4994 1216 5056 30
