3314 5506
230 404 292 469 ιιι
677 412 680 419 ·
795 394 948 480 [amour]

1300 518 1323 562 p.
1336 505 1439 551 ιιι-ιιι.

229 586 281 647 sed
304 585 461 667 conpendii
482 604 569 647 causa
591 586 774 647 institutores
799 585 888 646 huius
915 586 987 646 artis
1008 586 1038 645 in
1060 584 1182 648 brevem
1204 585 1396 650 definitionem
1411 584 1474 648 colle·

228 696 336 766 gerunt
368 689 599 749 coniunctiones.
643 705 712 749 nam
744 705 812 748 cum
845 694 1034 749 enumeratae
1065 689 1126 750 sint
1156 684 1315 768 plurimae,
1346 688 1410 750 adeo
1433 705 1474 748 non

228 808 332 851 omnes
360 789 501 852 collectae
529 798 611 861 sunt,
639 797 674 850 ιιι
699 791 731 850 ln
758 808 814 852 usu
841 791 1028 869 reperiantur
1054 807 1130 868 quae
1157 790 1190 850 in
1217 799 1281 852 arte
1307 792 1420 871 scriptae
1434 806 1476 850 oon

229 901 311 962 sunt,
339 901 372 953 ut
399 900 443 953 est
469 892 606 953 huiusce:
634 893 802 954 coniunctio
830 900 875 952 est
901 886 976 972 quae
1002 892 1034 952 in
1056 899 1119 954 arte
1140 909 1287 974 nusquam
1303 900 1353 954 est
1370 892 1476 954 adume-

148 972 158 990 ’
202 1003 304 1056 orata.
349 996 478 1075 quinque
506 1000 574 1055 sunt
601 994 843 1055 coniunctionum
871 993 1113 1072 significationes:
1145 1001 1215 1056 sunt
1235 996 1314 1056 enirn
1333 993 1476 1075 copulatlvvs

227 1095 421 1158 disiunctivae
444 1094 606 1176 expletivae
628 1094 761 1158 causales
781 1094 948 1157 rationales

311 1198 498 1279 copulativae
524 1197 619 1259 dictae
645 1205 714 1258 sunt
742 1216 793 1270 eo,
820 1197 899 1279 quod
927 1215 1047 1259 sensum
1076 1199 1266 1276 coniungant
1309 1196 1415 1279 qmndo
1431 1195 1477 1257 dlov

226 1300 299 1379 ‘ego
327 1309 357 1361 et
383 1309 416 1361 tu
443 1305 572 1371 eamus',
601 1299 682 1361 vides
709 1299 787 1379 quod
816 1301 984 1362 coniunctio
1013 1317 1133 1362 sensum
1155 1301 1321 1380 coniungit:
1354 1308 1478 1381 ιιιιιιιιιιι

226 1405 306 1463 enim
327 1403 373 1463 ire
395 1399 505 1463 debere
526 1402 664 1465 ostendit
692 1401 891 1481 disliunctivae
913 1400 1009 1463 dictae
1030 1410 1112 1474 sunt,
1136 1420 1195 1463 non
1217 1402 1297 1483 quod
1318 1400 1478 1464 domum

188 1521 213 1562 ιι
227 1502 408 1583 disiungant,
439 1503 493 1566 sed
514 1503 593 1584 quod
620 1521 754 1574 sensum,
783 1510 815 1564 ut
841 1520 909 1565 cum
931 1504 1055 1566 dicimus
1078 1508 1153 1584 ‘ego
1175 1514 1226 1567 aut
1246 1512 1280 1567 ιιι
1300 1505 1419 1574 eamm’,
1436 1517 1478 1563 ιιι

226 1614 385 1686 utrunque
396 1606 455 1667 ‚sed
475 1604 601 1668 alterum
618 1608 728 1668 iturum
744 1604 887 1676 ostendit;
906 1604 1032 1668 elocutio
1046 1614 1144 1668 tamen
1159 1607 1358 1686 coniungitur.
1378 1612 1477 1665 oeta-av

194 1736 199 1741 ·
225 1709 250 1768 si
266 1707 460 1770 elocutionem
475 1726 592 1788 quoque
608 1708 822 1788 disiungerent,
844 1726 893 1769 ιιι
914 1710 1062 1769 contraria
1082 1709 1246 1779 accideret,
1267 1716 1299 1769 ut
1314 1703 1477 1768 coniunctiori

225 1810 381 1872 disiunctio
394 1810 576 1872 cohaereret.
593 1810 753 1891 expletivae
765 1810 902 1872 dicuntur
916 1812 1148 1904 conipuctioues,
1161 1829 1238 1890 quae
1249 1828 1366 1872 sensum
1380 1805 1476 1887 expet

224 1931 300 1993 quae
314 1911 393 1993 apud
406 1913 534 1975 Graecos
548 1911 894 1995 παραπληρωματικοί
905 1911 1053 1973 dicuntur.
1077 1913 1130 1974 sed
1147 1912 1227 1993 apud
1239 1931 1291 1974 eos
1302 1931 1338 1973 ex
1351 1906 1477 1972 abundant

187 2035 211 2074 vs
224 2022 375 2096 ponuntur
397 2023 427 2076 et
448 2026 584 2077 ornatum
607 2023 719 2077 tantum
743 2013 866 2084 hahent,
890 2014 967 2095 apud
989 2033 1043 2075 nos
1072 2023 1103 2076 et
1124 2015 1279 2089 rationem.
1322 2015 1364 2074 vis
1383 2026 1476 2090 arguere

223 2117 350 2198 aliquem
373 2115 593 2196 neglegentem,
616 2124 647 2177 et
668 2116 742 2177 dicis
768 2115 811 2176 illi
834 2114 917 2194 ‘lege
930 2119 955 2176 ':
985 2115 1147 2196 obiurgasti
1174 2116 1294 2197 quidem
1320 2132 1386 2177 eum
1404 2108 1477 2188 negl-

223 2228 358 2298 geutem,
381 2218 459 2300 quod
475 2237 534 2280 non
557 2218 652 2298 legat,
674 2217 811 2282 sednon
833 2218 986 2279 ostendisti
1008 2217 1086 2299 quod
1107 2220 1243 2299 paenitus
1265 2215 1338 2279 nihil
1359 2224 1429 2296 agat;
1445 2211 1477 2272 dt

225 2320 339 2382 ‘saltim
362 2320 455 2400 lege',
478 2320 633 2383 ostendisti
655 2320 806 2382 hominem
828 2321 860 2381 iu
881 2317 1018 2381 omuibus
1040 2318 1256 2400 neglegentem,
1280 2323 1354 2381 inec
1367 2316 1477 2379 illudvet

222 2421 295 2485 illud
317 2424 394 2503 agis,
423 2420 521 2484 saltim
543 2424 600 2484 hoc
622 2440 691 2501 age,
720 2421 815 2484 saltim
844 2420 909 2501 lege
918 2428 938 2484 ’.
982 2421 1079 2484 addita
1101 2421 1175 2484 haec
1196 2423 1364 2484 coniunctio
1384 2415 1478 2500 explevit

184 2543 209 2584 ao
222 2524 294 2586 illud
328 2525 408 2606 quod
440 2526 539 2586 minus
572 2534 644 2587 erat.
688 2525 766 2585 inter
799 2523 931 2585 causales
964 2533 993 2585 et
1024 2523 1185 2586 rationales
1221 2523 1346 2586 multum
1375 2524 1478 2584 intus

221 2628 319 2708 primo
342 2628 420 2688 scire
442 2626 584 2689 debemus
606 2626 686 2688 aliud
709 2644 774 2688 esse
795 2644 922 2697 causam,
946 2625 1024 2687 aliud
1046 2629 1201 2688 rationem.
1245 2644 1333 2688 caussa
1358 2633 1400 2687 est
1425 2635 1478 2704 qvae

222 2730 303 2808 cogit
323 2728 360 2789 ad
388 2726 497 2807 aliquid
520 2728 703 2801 laciendum,
725 2731 801 2791 ratio
823 2747 880 2811 qua
902 2729 1012 2789 utimur
1034 2729 1063 2789 in
1085 2728 1235 2791 iaciendo:
1257 2737 1292 2789 ut
1306 2724 1479 2809 putandos

225 2829 347 2892 ‘occido
370 2831 521 2892 hominem
543 2840 573 2893 ct
594 2829 665 2892 tollo
687 2832 749 2893 eius
771 2830 966 2892 hereditatem
974 2833 995 2902 ’‚
1019 2849 1105 2893 causa
1120 2840 1174 2893 est
1203 2831 1281 2893 ratio
1300 2839 1346 2892 est
1364 2847 1416 2910 qua
1432 2825 1480 2906 ertia

220 2933 311 2994 utitur
338 2935 370 2992 in
400 2932 550 2994 iaciendo:
588 2951 646 3014 qno
674 2933 762 2995 modo
791 2952 859 2994 eum
886 2933 980 2995 debeo
1002 2933 1159 2994 occidere?
1186 2951 1315 3003 veneno,
1337 2932 1423 3001 lerro,
1440 2943 1479 3007 pet

184 3054 209 3097 ιι
223 3035 350 3097 mediam
380 3044 511 3106 noctem,
540 3054 594 3114 per
616 3036 714 3113 dieml
735 3055 799 3116 quo¹
815 3038 845 3096 iu
868 3034 951 3096 loco?
980 3037 1116 3116 quotiens
1138 3053 1210 3115 ergo
1239 3035 1277 3095 de
1300 3053 1383 3097 causa
1403 3032 1479 3111 loqur·

221 3140 278 3208 ris,
312 3135 420 3199 causali
448 3148 548 3207 utere;
577 3140 713 3218 quotiens
741 3138 778 3199 de
805 3141 932 3208 ratione,
960 3136 1096 3199 rationali
1123 3147 1218 3198 utere.
1263 3139 1306 3197 ‘si
1326 3135 1404 3196 illum
1422 3132 1480 3193 occi·

214 3240 301 3310 dam,
335 3237 407 3302 tollo
441 3241 505 3302 eius
537 3239 766 3301 hereditatem':
802 3243 826 3301 sl
855 3239 979 3301 causalis
1006 3248 1064 3311 ιιι,
1094 3239 1291 3300 benedixisti
1317 3240 1351 3298 si.
1394 3233 1480 3296 ‘debeo

219 3360 333 3402 veneno
355 3342 508 3414 occidere,
533 3341 627 3403 debeo
650 3342 742 3412 claru,
767 3360 840 3423 ergo
863 3341 993 3404 latebo’:
1017 3343 1154 3419 quoniam
1178 3359 1249 3419 ergo
1272 3340 1429 3402 coniunctio
1446 3352 1480 3395 ra-

219 3443 336 3505 tionalis
358 3451 417 3515 est,
440 3443 517 3505 bene
540 3444 648 3506 dixisti.
693 3444 765 3505 illud
788 3454 886 3505 tamen
914 3446 990 3505 scire
1012 3443 1169 3514 debemus,
1198 3443 1278 3523 quod
1300 3442 1350 3504 ubi
1371 3447 1431 3503 sunt
1447 3455 1481 3498 ra·

181 3544 357 3616 actionales,
383 3548 470 3608 etiam
493 3546 625 3609 causales
648 3566 712 3608 esse
733 3554 873 3628 possunt;
901 3545 953 3607 ubi
975 3555 1072 3608 autem
1097 3548 1102 3624 Ι
1121 3544 1254 3606 causales
1275 3553 1357 3614 sunt,
1379 3544 1482 3604 rationa-

217 3647 261 3709 les
288 3667 352 3710 esse
382 3666 441 3710 non
469 3657 601 3728 possunt.
646 3658 676 3711 et
703 3650 778 3710 ratio
805 3648 959 3710 manifesta
987 3655 1045 3718 est,
1074 3649 1141 3729 quia
1169 3646 1221 3708 ubi
1249 3655 1294 3709 est
1321 3664 1418 3717 causa,
1438 3658 1481 3703 nov

218 3753 315 3812 statim
337 3753 414 3812 inest
436 3752 525 3822 ratio;
549 3750 600 3813 ubi
623 3762 720 3814 autem
743 3760 787 3812 est
808 3752 898 3821 ratio,
922 3752 980 3812 iam
1002 3750 1058 3811 fuit
1079 3768 1175 3812 causa.

299 3853 432 3914 Diximus
465 3853 544 3932 quod
573 3855 629 3914 tria
657 3853 795 3914 accidunt
823 3853 1039 3925 coniunctioni,
1062 3860 1192 3932 potestas
1218 3852 1312 3929 figura
1342 3851 1420 3913 ordo.
1455 3847 1483 3907 lc

218 3962 362 4034 potestate
385 3958 584 4017 tractavimus.
615 3957 709 4034 ligura
732 3955 838 4016 accidit
860 3952 1001 4035 simplex,
1025 3961 1161 4024 ulnam,
1186 3957 1347 4033 conposita,
1370 3962 1400 4015 ιιι
1418 3967 1483 4012 nam·

180 4078 206 4119 ιι
220 4074 286 4135 que.
332 4055 405 4116 ordo
433 4058 672 4118 coniunctionum
709 4057 935 4120 sollicitudinem
962 4058 1086 4137 quaerit.
1130 4063 1200 4116 sunt
1228 4074 1356 4137 namque
1382 4057 1484 4117 coniun-

111 4172 113 4176 ’
218 4157 332 4217 stiones
353 4176 428 4237 quae
450 4177 569 4239 semper
590 4169 830 4240 praeponuntur,
859 4167 928 4221 sunt
948 4177 1024 4239 quae
1046 4176 1163 4238 semper
1184 4166 1412 4239 postponuntur,
1431 4159 1485 4216 sunl

216 4275 291 4338 quae
314 4267 343 4319 et
363 4263 508 4340 praeponi
530 4269 559 4322 et
580 4264 717 4344 postponi
738 4270 875 4343 possunt:
907 4270 937 4323 et
958 4269 1044 4343 atque
1067 4267 1111 4323 ast
1133 4278 1252 4340 semper
1273 4265 1484 4342 praeponuntur.

215 4379 273 4441 que
301 4369 330 4422 et
357 4371 454 4423 autem
486 4383 604 4444 semper
630 4373 862 4446 postponuntur:
901 4372 970 4426 sunt
997 4382 1073 4444 quae
1100 4361 1240 4444 mediam
1263 4362 1484 4443 significationem

215 4461 341 4535 habent,
365 4466 517 4544 utigitur.

284 4637 300 4686 4
317 4635 422 4686 huiusce
439 4635 490 4685 LF
502 4637 580 4688 husee
597 4640 619 4690 S
687 4640 853 4691 adnumerata
871 4639 892 4690 S
909 4648 1074 4688 annumerata
1089 4637 1115 4687 F
1127 4647 1277 4688 enumerata
1292 4638 1317 4688 L
1383 4633 1486 4688 seton·

214 4704 308 4755 tionem
326 4706 370 4756 FS
385 4706 537 4758 locutionem
557 4708 581 4756 L
665 4710 696 4760 le
715 4725 815 4774 quoque
832 4726 878 4761 om.
899 4707 938 4769 h,
959 4709 1021 4760 odd.
1036 4708 1083 4758 FS
1168 4706 1201 4758 14
1224 4699 1486 4775 peraptemmnocoet

213 4774 433 4840 paraplerometici
450 4778 474 4826 F
542 4778 589 4828 sed
603 4778 673 4842 apud
688 4795 732 4829 eos
744 4781 765 4831 S
778 4780 825 4831 sed
840 4779 908 4847 apud
925 4792 971 4827 uos
990 4779 1070 4841 (corr.
1084 4792 1129 4828 eos
1144 4780 1165 4840 l)
1184 4779 1237 4828 LF
1305 4778 1338 4831 19
1354 4777 1432 4828 saltim
1448 4773 1486 4823 iu·

212 4857 262 4910 age
283 4845 368 4896 saltim
391 4845 448 4914 lege
465 4846 512 4897 FS
526 4847 617 4898 saltem
636 4846 684 4898 hoc
707 4864 756 4916 age
775 4850 856 4901 sulem
874 4848 932 4915 lege
948 4849 973 4899 t
1055 4848 1090 4898 24
1107 4862 1154 4913 per
1169 4848 1281 4899 mediam
1302 4857 1398 4899 noctem
1415 4847 1485 4911 Sp&

213 4929 254 4964 me
271 4923 347 4966 noctu
360 4916 384 4966 L
402 4933 449 4983 per
464 4927 540 4970 noctu
553 4918 579 4967 F
