3314 5506
521 389 729 451 caranum
752 389 907 453 ias-ra
1085 468 1090 484 ⁶
1320 393 1358 454 ra

71 505 416 663 mappiffllmeamx.
460 593 526 637 nam
543 576 703 639 ‹leienstrix
726 577 937 639 rationabiliter
951 579 1041 640 debet
1063 579 1127 648 dici,
1148 508 1356 659 riisi'zdiuiiam

69 678 256 740 malescunt.
293 687 324 740 et
344 698 403 740 uon
426 696 601 757 numquam,
618 674 631 760 ΙΙ
648 680 780 755 quamvis
802 681 898 740 veniat
920 700 935 740 a
958 680 1063 749 verbo,
1089 687 1188 742 minen
1219 682 1359 743 feminino

67 799 99 840 or
119 782 207 847 tacit,
231 783 368 850 memini,
398 782 446 842 bic
469 781 592 842 ethaeo
617 799 739 842 memor.
783 781 840 842 bur
862 784 1016 844 terminata
1047 785 1151 844 tertiae
1178 791 1262 844 snut:
1289 801 1358 844 nam

65 885 104 943 ris
126 884 236 944 iaciant
253 886 398 963 genetivo,
423 902 441 943 u
463 891 531 944 aute
553 885 593 943 ris
615 882 767 953 babentia,
791 882 884 944 Tibur
904 883 1035 953 Tiburis:
1064 903 1154 945 unum
1178 886 1207 945 in
1225 887 1359 964 genetivo

65 989 134 1047 nin
157 1005 177 1045 o
200 993 370 1064 correptam
389 993 514 1053 mutans,
537 984 611 1046 ebur
634 984 740 1046 eboris.
1383 1011 1396 1050 5

148 1089 208 1149 (lar
224 1090 328 1150 tertiae
344 1097 411 1149 suut
426 1086 637 1155 declinationis,
661 1089 702 1148 ris
717 1087 830 1148 iaciunt
846 1088 989 1165 genetivo,
1014 1088 1161 1150 bomilcar
1177 1089 1359 1151 Bomilcaris.

63 1209 114 1251 cer
135 1193 309 1259 terminata,
340 1191 364 1250 si
386 1191 444 1251 siut
466 1192 584 1268 generis
603 1191 712 1258 omnis,
742 1191 845 1251 tertiae
868 1198 937 1251 sunt
963 1198 993 1252 et
1015 1194 1057 1252 ris
1080 1190 1186 1253 sacient
1213 1193 1357 1269 genetivo,

63 1293 112 1354 bic
134 1278 262 1354 et²haec
286 1302 317 1353 et
337 1293 394 1355 boc
420 1310 504 1362 acer,
539 1293 670 1371 quamvis
691 1292 829 1352 Horatius
858 1292 1035 1355 ‘solvitur
1057 1295 1154 1354 aeris
1185 1293 1357 1372 biempa’,

62 1395 152 1455 buius
171 1396 271 1462 acris;
297 1396 396 1456 hicet
415 1397 491 1456 baec
511 1399 616 1455 alacer
636 1396 867 1475 buiusclocn's,
887 1397 1019 1474 quamvis
1042 1395 1185 1472 Vergilius
1203 1395 1360 1456 ‘alacris

63 1497 237 1577 palmas'.
283 1498 329 1557 sin
360 1496 461 1565 aliter,
493 1496 641 1557 secundae
673 1505 776 1565 erunt,
811 1499 838 1557 ri
867 1497 1068 1559 terminabunt
1097 1500 1278 1575 genetivum,
1309 1505 1398 1559 antio

63 1603 181 1677 signum
205 1598 333 1660 caeleste
352 1606 403 1659 aut
419 1599 536 1660 tluviale
553 1597 660 1667 animal
680 1616 787 1660 cancer
804 1599 913 1667 cancri,
936 1617 1020 1660 sacer
1035 1601 1120 1667 sacri,
1142 1617 1241 1660 macer
1256 1600 1358 1667 macri,

64 1702 198 1780 exceptis
220 1700 346 1767 duobus,
370 1719 445 1780 quae
468 1703 599 1778 quamvis
619 1719 677 1761 non
699 1704 757 1762 sint
778 1702 895 1780 generis
917 1703 1021 1769 omnis,
1044 1708 1143 1763 tamen
1166 1702 1269 1766 tertiae
1291 1707 1360 1762 sunt

64 1803 288 1871 declinationis,
314 1802 488 1871 risiacinnt
513 1805 662 1882 genetivo,
691 1802 748 1863 boc
767 1805 846 1864 cicer
867 1804 985 1871 ciceris,
1016 1803 1065 1863 hic
1094 1822 1197 1865 carcer
1222 1804 1359 1864 carceris.

64 1907 162 1965 omnia
185 1913 286 1965 tamen
308 1906 486 1965 nominativo
509 1923 559 1966 cer
578 1906 788 1984 corripiuntur.
820 1923 891 1984 ergo
915 1905 1042 1966 breviter
1063 1906 1121 1967 hoc
1142 1905 1358 1967 observandum

64 2008 293 2086 praecipiamus.
338 2025 389 2068 cer
417 2010 572 2068 terminata
599 2009 718 2084 generis
739 2009 835 2068 uentri
864 2008 923 2068 cris
948 2009 1072 2077 iaciunt,
1105 2007 1257 2070 masculini
1282 1985 1357 2068 ¹vero
1370 2029 1396 2068 va

65 2111 118 2177 cri,
141 2116 269 2187 excepto
291 2126 351 2169 uno
376 2127 478 2170 carcer
500 2112 638 2171 carceris.
665 2127 753 2188 ¹ergo
774 2111 892 2188 generis
913 2110 1043 2171 leminini
1066 2110 1161 2171 solum
1184 2128 1235 2172 cer
1257 2112 1358 2171 termi-

65 2219 168 2272 natum
186 2228 248 2271 non
266 2213 424 2290 reperitur.
469 2215 527 2273 cir:
549 2212 605 2273 bac
624 2210 735 2292 syllaba
757 2211 870 2272 nullum
888 2229 994 2274 nomeu
1018 2213 1137 2291 repperi
1158 2212 1356 2272 terminatum.

65 2332 118 2374 cor
135 2314 330 2374 terminatum
352 2331 444 2374 unum
457 2313 690 2392 monosyllabum
710 2315 828 2393 repperi
849 2315 953 2375 tertiae
968 2313 1171 2375 declinationis
1185 2315 1232 2375 dis
1247 2312 1358 2374 iaciens

65 2419 246 2493 genetivum,
268 2415 326 2476 boc
349 2434 401 2476 cor
423 2414 509 2476 buius
531 2416 643 2484 cottiis,
667 2423 697 2476 et
714 2417 794 2496 siqua
818 2416 854 2476 ab
876 2434 911 2477 eo
933 2416 1128 2485 deducuntur,
1152 2435 1166 2476 s
1191 2416 1287 2477 littera
1307 2417 1358 2476 ad·

65 2519 124 2580 dita
147 2535 277 2578 concors
306 2517 475 2588 concordis,
503 2536 603 2579 secors
632 2518 763 2578 secordis
791 2519 868 2579 lacit.
913 2526 1012 2581 cetera
1039 2521 1137 2579 omnia
1160 2520 1295 2595 genetivo
1317 2520 1397 2578 risco

65 2621 187 2682 iaciunt
232 2637 288 2680 cur
305 2621 459 2680 terminata
477 2622 581 2681 tertias
602 2628 670 2680 sunt
691 2619 906 2689 declinationis,
935 2622 977 2681 ris
998 2621 1109 2682 iaciunt
1130 2588 1264 2697 genelivo
1286 2639 1305 2681 u
1326 2618 1357 2680 iu

65 2743 84 2783 o
103 2731 279 2800 correptam
297 2729 418 2790 mumta,
439 2724 522 2784 iecur
543 2723 657 2791 iecoris,
681 2731 710 2783 et
729 2724 811 2800 siqua
831 2722 900 2783 talia
921 2723 1077 2783 inveneris.

152 2825 214 2887 [lar
234 2823 346 2905 syllaba
368 2823 480 2886 nubum
502 2843 610 2885 nomen
636 2826 755 2903 repperi
780 2825 984 2894 terminatum
1012 2827 1063 2904 qui
1084 2825 1242 2894 invenerit,
1271 2827 1358 2885 etiam

65 2931 212 2991 rationem
235 2926 438 2988 declinationis
460 2927 656 2988 demonstret:
682 2927 779 2988 audivi
801 2945 908 2989 nomen
930 2927 1029 3006 oppidi
1051 2927 1170 2988 barbari
1194 2927 1251 2988 boc
1271 2926 1359 2987 Zidar

65 3032 187 3092 Zidaris.
221 3031 276 3090 der
297 3028 408 3109 syllaba
427 3031 580 3119 terminata
602 3036 632 3090 et
649 3031 849 3108 corripiuntur
870 3031 898 3090 in
917 3032 1094 3091 nominativo
1108 3039 1143 3109 ‚et
1158 3031 1269 3091 Graeca
1291 3035 1360 3091 sunt
1372 3047 1397 3087 ra

66 3142 132 3194 ete
155 3135 185 3193 in
208 3132 345 3210 genetivo
372 3132 515 3209 perdunt,
546 3131 693 3193 secundae
715 3131 919 3193 declinationis
940 3135 965 3192 ri
989 3133 1099 3193 iaciunt
1118 3135 1268 3210 genetivo,
1298 3132 1357 3194 lde·

67 3235 182 3296 eander
197 3234 362 3302 blenandri,
379 3231 544 3295 Alexander
555 3233 719 3299 Alexandri,
736 3229 749 3316 ll
765 3234 898 3295 Leander
912 3233 1056 3318 Leanidri,
1073 3234 1207 3295 Evander
1222 3234 1357 3301 Evandri,

65 3335 260 3397 Thersander
287 3334 483 3404 Thersaudri;
519 3338 651 3415 quamvis
679 3335 885 3397 Thersandrus
915 3343 944 3398 et
976 3336 1128 3396 Evandrus
1161 3334 1269 3396 lectum
1305 3343 1359 3396 est.

66 3440 114 3500 dir
136 3456 229 3500 uuum
254 3455 361 3498 nomen
389 3440 510 3517 repperi
538 3440 641 3500 tertiae
664 3437 867 3499 declinationis
886 3441 927 3500 ris
955 3439 1065 3499 iaciens
1092 3439 1273 3514 genetivum,
1302 3437 1358 3497 boc

66 3541 159 3604 Gadir
180 3541 273 3601 buius
295 3539 425 3601 Gadiris:
459 3557 566 3601 nomeu
590 3546 634 3600 est
656 3540 763 3618 oppidi.
809 3542 864 3601 dor
882 3541 1035 3601 terminata
1055 3541 1158 3600 tertiae
1178 3547 1247 3599 snnt
1268 3538 1358 3600 decli·
1371 3555 1397 3596 ao

67 3644 203 3709 nationis,
223 3642 266 3703 ria
287 3642 397 3702 faciunt
417 3642 566 3719 genetivo,
589 3662 606 3702 o
629 3644 658 3701 in
680 3642 814 3720 genetivo
836 3645 866 3703 in
889 3645 1031 3722 propriis,
1055 3643 1080 3701 si
1101 3643 1215 3702 inventa
1240 3640 1357 3708 inerint.

67 3753 205 3826 correpta
224 3744 388 3805 secundnm
408 3745 552 3804 rationem
574 3761 663 3822 snpra
686 3746 818 3822 positam.
853 3747 882 3805 in
904 3744 1085 3824 appellativis
1104 3762 1173 3804 vero
1189 3764 1207 3803 o
1226 3745 1359 3821 genetivo

67 3848 254 3926 promrcitur,
278 3847 364 3907 nidor
385 3846 509 3912 uideris,
532 3845 672 3924 splendor
693 3844 871 3924 splendoris:
899 3855 929 3908 et
947 3847 1030 3926 siqua
1052 3846 1107 3907 alia
1131 3844 1302 3925 appellativa
1325 3861 1360 3904 or

66 3949 179 4030 syllaba
208 3948 319 4009 tuerint
338 3951 507 4016 terminata,
532 3967 549 4008 ο
571 3950 601 4007 in
624 3949 758 4025 genetivo
781 3948 957 4028 producent,
980 3951 1111 4028 exceptis
1135 3967 1226 4028 supra
1248 3949 1359 4026 positis.

68 4071 143 4131 quae
157 4051 294 4131 quamvis
313 4052 370 4110 sint
390 4049 573 4130 appellativa,
596 4058 694 4110 tamen
711 4051 774 4132 oin
792 4052 926 4127 genetivo
947 4052 1119 4132 corripiunt,
1142 4052 1218 4111 sicut
1239 4052 1359 4128 propria
1373 4064 1398 4103 aa

68 4173 104 4213 or
123 4154 297 4220 terminata,
322 4159 354 4212 nt
372 4151 463 4211 arbor
485 4150 617 4220 arboris,
639 4171 749 4232 aequor
771 4155 922 4232 aequoris,
946 4172 1075 4214 marmor
1095 4154 1260 4213 marmoris.
1304 4151 1360 4211 dnr

68 4257 258 4316 terminatum
282 4270 373 4313 tinum
393 4252 450 4332 legi
472 4255 502 4313 in
517 4253 620 4316 Plauto
642 4255 807 4315 accusativo
823 4273 902 4324 casu,
923 4256 1075 4332 magadur.
1099 4264 1142 4316 est
1164 4271 1235 4334 ergo
1256 4255 1360 4315 tertiae

73 4462 150 4526 Ver-g.
170 4461 236 4511 Aen.
255 4458 305 4509 Xll
320 4455 371 4509 lbi)
438 4458 454 4506 2
474 4458 687 4509 neniat'aduerbo
704 4459 731 4508 B
744 4460 847 4509 ueniant
865 4475 880 4509 a
898 4460 1006 4516 uerboc
1074 4460 1090 4508 b
1108 4459 1171 4510 ebor
1188 4460 1272 4509 eboris
1289 4458 1315 4508 B

68 4527 389 4582 baomilcaruomilcaria
406 4525 431 4574 B
517 4530 615 4578 iaunt
632 4529 679 4578 tris
696 4528 791 4579 iaciant
809 4529 834 4580 B
918 4527 1186 4594 8lloratius]corra.
1207 4530 1288 4592 14,1

68 4602 143 4651 ttbie
159 4595 186 4649 et
203 4600 267 4649 baec
280 4598 369 4647 alacer
383 4595 460 4647 braina
478 4597 570 4648 alacris
586 4614 631 4651 om.
651 4598 676 4647 B
758 4597 900 4666 Vergilius]
921 4598 985 4648 Aen.
1004 4600 1037 4646 Vt
1051 4598 1104 4649 685
1189 4601 1221 4648 ²⁴
1237 4598 1323 4647 andini
1343 4612 1360 4655 ς

69 4672 127 4719 andi
144 4671 172 4721 B
243 4670 324 4735 digar
340 4667 440 4732 digeris
457 4683 525 4720 corr.
546 4668 766 4718 cidaraidarisB
852 4669 887 4720 28
914 4668 1223 4718 tlvessaudertbeasnndri
1242 4670 1361 4731 quamuis

68 4740 235 4790 rbeaeaadrus
248 4740 276 4790 B
385 4735 419 4787 33
443 4736 600 4803 producitur]
620 4740 762 4802 producunt
778 4739 803 4788 B
890 4738 922 4789 37
950 4742 975 4788 in
994 4739 1084 4804 planto
1098 4754 1159 4789 casu
1176 4739 1362 4805 (superscripta

68 4811 224 4873 aeeuutiuo)
237 4807 371 4874 magadur
387 4805 411 4854 B
428 4807 451 4855 in
467 4808 552 4871 plauto
566 4808 725 4874 magadurp
743 4816 768 4858 et
784 4810 917 4858 Palaebina
933 4811 960 4858 in
975 4810 1062 4858 Ptavrto
1079 4809 1207 4875 magudur
1222 4822 1257 4864 ςι
1276 4808 1359 4858 Heme.

69 4880 132 4931 lind.
150 4881 183 4930 ΙΙΙ
200 4883 225 4943 2,
243 4878 276 4929 ll)
295 4891 346 4928 aen
364 4876 409 4924 tibi
428 4877 534 4928 corilldis
553 4879 606 4928 lore
626 4880 729 4928 multam
749 4880 932 4944 magudarim:
950 4880 984 4942 cs.
1004 4881 1129 4929 Priscian.
1145 4893 1173 4941 p.
1189 4880 1239 4928 737
