3314 5506
222 391 284 453 432
716 382 838 445 saavu
862 380 1016 465 [saaca]

1285 503 1310 546 a.
1323 491 1377 535 nu
1388 492 1411 535 a
1420 490 1439 533 r.

221 572 279 633 hoc
300 590 391 650 caepe
412 590 431 632 o
454 589 558 651 caepe;
587 572 618 631 in
647 588 772 632 numero
794 578 891 632 autem
912 570 1019 651 plurali
1041 588 1151 649 genere
1172 571 1317 632 feminino
1338 570 1483 651 simplidis·

222 673 395 735 declinatur.
439 675 503 734 ioca
532 681 561 735 et
588 672 652 734 loca
680 672 825 735 simillima
849 675 967 734 nomina
990 680 1067 735 sant.
1110 690 1180 735 nam
1201 674 1234 734 in
1255 691 1377 736 numero
1396 672 1484 755 dardi

222 785 251 837 et
273 776 434 838 masculino
456 784 486 836 et
508 784 613 837 neutro
636 793 746 854 genere
761 774 960 836 declinantur:
984 774 1110 837 dicimus
1131 776 1210 836 enim
1241 785 1273 838 et
1298 777 1356 838 ioci
1381 785 1409 838 et
1425 778 1487 845 iota,

220 877 279 939 loci
306 887 336 939 el
363 878 442 947 looa;
472 880 503 938 in
531 895 655 939 numero
684 887 780 940 autem
808 876 950 953 singulari
976 885 1090 939 tantum
1116 877 1295 950 masculino,
1324 886 1357 940 ut
1375 879 1444 940 iocus
1458 884 1494 939 et.

195 979 315 1041 clocas.
360 980 438 1060 quod
461 979 533 1042 dicit
554 998 664 1058 genera
686 981 852 1041 communia
875 997 939 1043 esse
962 980 1039 1041 inter
1060 980 1256 1042 masculinum
1276 988 1308 1041 et
1322 980 1493 1055 seruitum.

222 1079 236 1164 {l
260 1090 382 1162 utputa
411 1085 580 1163 pampinus,
605 1100 664 1143 aon
686 1084 725 1143 ila
748 1080 959 1160 intellegimus,
989 1083 1072 1162 quasi
1093 1083 1241 1145 sacerdos.
1285 1100 1353 1143 nam
1372 1080 1499 1143 sacerdw

221 1186 247 1244 si
269 1183 416 1245 masculas
438 1193 497 1255 est,
521 1184 569 1245 hic
591 1184 729 1246 sacerdos
751 1185 873 1253 dicitur;
896 1186 921 1245 si
943 1184 1066 1256 lamina,
1089 1184 1164 1246 lraec
1184 1184 1339 1247 sacerdos:
1360 1202 1415 1245 non
1431 1200 1500 1264 poa·

221 1305 322 1348 sumas
349 1286 406 1347 hoc
434 1306 489 1366 pro
518 1295 616 1347 nostra
653 1285 798 1347 voluntate
827 1286 1024 1357 confundere,
1052 1287 1104 1348 sed
1132 1306 1187 1369 pro
1221 1296 1345 1350 naturae
1372 1284 1505 1367 qaaiute

222 1388 426 1450 discernimus,
471 1391 626 1470 pampinus
654 1407 723 1449 vero
753 1397 783 1449 et
810 1388 872 1450 dies
900 1400 930 1449 et
957 1388 1061 1449 similia
1089 1407 1144 1470 pro
1177 1397 1281 1450 nostro
1312 1388 1425 1451 arbitrio
1450 1381 1508 1446 vel

183 1509 210 1552 ra
223 1490 386 1552 masculino
416 1489 459 1551 vel
487 1491 629 1551 feminino
657 1508 767 1569 genere
793 1491 994 1571 proferuntur.
1038 1508 1148 1563 nomen
1175 1509 1232 1552 nee
1252 1493 1284 1553 in
1304 1499 1396 1553 totum
1413 1489 1509 1550 mam

222 1613 276 1655 aec
298 1596 329 1654 ia
352 1601 444 1654 totum
468 1591 575 1654 mobile
592 1592 664 1653 dixit
684 1597 729 1654 leo
743 1592 844 1654 leaena
862 1593 1025 1654 secandum
1041 1592 1215 1672 Vergilium,
1237 1595 1361 1654 ‘torva
1380 1590 1510 1654 leaena

221 1696 347 1776 lupum
371 1698 577 1775 sequitur';
602 1694 764 1756 secundum
787 1695 922 1756 Ovidium
945 1693 1053 1756 mobile
1077 1702 1133 1766 est,
1157 1697 1208 1775 qui
1230 1695 1304 1756 dixit

373 1807 410 1859 ut
432 1797 488 1858 lea
510 1816 617 1859 saeva
640 1799 740 1858 sitim
763 1798 877 1859 malta
901 1799 1126 1877 conpescuit
1148 1798 1253 1859 unda.

222 1901 351 1962 eiusdem
383 1903 500 1979 generis
528 1899 638 1961 debent
667 1918 732 1960 esse
761 1900 952 1970 deminutiva,
982 1901 1064 1960 cuias
1093 1901 1212 1978 generis
1233 1906 1303 1961 sunt
1323 1895 1500 1979 principalia:

183 2011 255 2065 saut
281 2012 351 2081 pala
378 2003 444 2063 ideo
475 2003 549 2063 haec
578 2001 755 2064 domuncula
783 2004 901 2080 generis
923 2001 1072 2070 seminini,
1096 2003 1163 2082 quia
1187 2000 1311 2063 ethaeo
1333 2001 1496 2077 domange·

222 2108 301 2167 neris
329 2105 463 2166 seminini
491 2114 547 2166 est:
586 2108 716 2183 exceptis
743 2105 855 2166 scilicet
881 2107 982 2184 paucis
1006 2105 1083 2175 istis,
1113 2112 1228 2165 scutum
1252 2104 1403 2184 pistrinam
1422 2102 1492 2162 canu

221 2226 293 2270 rana
316 2226 406 2269 verna
429 2216 542 2277 scutra;
567 2226 635 2269 nam
658 2215 756 2269 scutra
778 2206 927 2269 scutrillas
949 2208 1033 2277 lacit,
1056 2206 1123 2268 beta
1144 2204 1309 2268 betaculas.

304 2309 402 2371 Pulvis
424 2309 495 2370 dicit
515 2311 582 2390 quia
604 2311 721 2371 numeri
743 2308 899 2389 singularis
921 2318 966 2371 est
987 2317 1114 2379 lantum;
1137 2308 1189 2368 sed
1211 2307 1338 2387 legimus
1358 2304 1426 2387 apud
1437 2303 1481 2365 llo·

220 2413 328 2473 ratium

181 2535 207 2578 ro
374 2513 621 2575 novendiales
645 2515 833 2595 dissipare
856 2514 1039 2595 pulveres.

220 2619 291 2677 item
315 2635 371 2696 pai
399 2615 449 2677 lux
477 2616 546 2677 dicit
574 2620 689 2678 numeri
713 2616 882 2696 singularis:
917 2616 968 2679 scd
990 2615 1115 2694 legimus
1137 2615 1213 2695 apud
1238 2614 1390 2677 Salustium
1413 2623 1478 2693 paors

222 2727 251 2780 et
278 2718 368 2779 laces.
412 2720 481 2779 ilem
510 2719 638 2790 Quirites
666 2719 738 2780 dicit
768 2738 891 2780 numero
920 2728 1032 2779 tantum
1060 2716 1181 2797 plurali;
1209 2717 1262 2779 sed
1285 2717 1403 2797 legimus
1420 2707 1476 2792 apid

220 2813 373 2882 Horatium
396 2821 475 2881 liano
497 2821 656 2892 Quiritem,
680 2832 712 2883 ut
733 2823 770 2883 sit
792 2822 988 2882 nominativus
1011 2821 1058 2881 hic
1081 2820 1193 2891 Quiris:
1222 2821 1294 2881 ilem
1317 2819 1390 2880 idem
1408 2815 1477 2877 llan-

222 2925 278 2985 lias
311 2925 411 3003 ‘quis
439 2931 473 2983 te
502 2922 702 2993 Quiritem;
735 2926 818 2984 cuias
848 2925 1042 2984 nominativus
1065 2925 1122 2983 erit
1148 2922 1196 2982 hic
1219 2924 1361 2994 Quirites,
1382 2913 1479 2980 uldidt

182 3047 208 3090 rs
222 3027 386 3087 Petronius.
418 3027 575 3105 quadrigas
597 3026 668 3086 dicit
690 3029 805 3087 numeri
829 3033 939 3086 tantam
962 3022 1098 3106 pluralis,
1121 3024 1173 3085 sed
1196 3024 1290 3086 Varro
1312 3024 1379 3085 dicit
1397 3028 1421 3082 et
1437 3034 1478 3077 aa·

220 3148 304 3190 mero
333 3127 483 3207 singulari.
529 3131 607 3189 virus
635 3131 752 3207 generis
780 3129 878 3189 neutri
905 3137 949 3188 est
978 3136 1007 3188 et
1034 3125 1198 3189 declinatur
1221 3146 1309 3208 quem
1331 3119 1478 3187 admodum

221 3231 337 3301 doctas,
362 3231 418 3289 hoc
443 3232 520 3291 viras
542 3231 629 3291 liuius
651 3233 719 3291 viri:
749 3230 873 3309 legimus
902 3231 980 3290 enim
1009 3229 1087 3309 apud
1110 3230 1279 3291 Lucretiam
1303 3227 1404 3289 ‘tetri
1420 3221 1480 3302 pri·

220 3334 361 3395 mordia
386 3334 483 3393 viri'.
521 3332 591 3392 dicit
614 3335 733 3393 nomina
756 3335 812 3393 iam
836 3335 987 3410 conposita
1009 3351 1067 3393 nou
1092 3331 1202 3394 debere
1225 3332 1365 3412 conponi,
1386 3325 1481 3390 etilo»

216 3441 319 3513 poulo,
337 3446 406 3496 ortu
427 3438 505 3496 dixit
522 3437 559 3496 de
580 3437 771 3512 conpluribus
785 3452 873 3511 posse
892 3438 1034 3511 conponi:
1064 3453 1102 3495 ne
1125 3437 1307 3496 contrarium
1328 3435 1377 3503 sit,
1398 3432 1429 3491 ita
1443 3427 1481 3485 'tt‘

290 3662 306 3710 2
326 3659 382 3708 iace
401 3669 424 3707 et
444 3654 510 3721 lacn]
527 3657 599 3711 Sero.
618 3663 642 3709 in
664 3659 741 3723 Verp.
758 3658 849 3708 Aeni
868 3656 918 3709 306
998 3658 1015 3707 5
1032 3665 1056 3706 et
1074 3654 1224 3706 femininum
1242 3671 1288 3706 om.
1308 3658 1344 3706 P:
1359 3656 1392 3718 cs.
1407 3649 1482 3704 ΒΜ(

219 3744 245 3791 p.
269 3730 333 3779 lili
425 3729 455 3778 11
478 3730 571 3778 moruile
590 3731 655 3778 dixit
672 3729 799 3778 leaeaal’
814 3729 905 3777 mobile
924 3739 949 3777 at
965 3728 1042 3776 lixam
1062 3726 1181 3783 leaenas
1261 3723 1486 3784 secundumllergt·

221 3797 292 3865 llttnl]
316 3799 396 3850 bacol.
416 3799 441 3856 2,
462 3799 495 3848 63
570 3800 598 3848 12
618 3799 753 3848 oboediam
770 3800 807 3849 P:
827 3797 897 3848 Ouid.
917 3797 1136 3848 nietamlll1102
1210 3795 1241 3847 13
1260 3797 1327 3846 sitim
1344 3795 1414 3846 multa
1426 3803 1486 3840 com‘

220 3871 318 3932 pascuit
335 3869 402 3916 rvrrda
417 3881 433 3921 ς
453 3869 511 3916 sitia
524 3869 616 3918 multas
631 3873 792 3934 conspescuit
810 3869 893 3918 undas
909 3869 934 3917 P
1000 3867 1030 3916 14
1048 3867 1140 3916 debent
1156 3881 1214 3915 esse
1230 3867 1378 3916 diminutius
1394 3856 1488 3922 ς11ὠΰί

221 3954 278 3987 esse
294 3938 450 3986 deminutiuo
467 3938 492 3986 P
562 3939 593 3988 ld
612 3939 773 3988 damaim-ala
792 3940 817 3987 P
889 3939 918 3988 ld
936 3940 1074 4002 pistrums
1162 3937 1194 3988 17
1212 3933 1300 4003 veras]
1319 3931 1490 3999 soriaer

291 4009 419 4056 scutrillas
436 4008 567 4070 Pompeias
576 4023 604 4070 p.
625 4009 673 4059 154
692 4013 817 4066 scutrjnus
836 4009 862 4059 P.
878 4009 983 4058 scutrini
1001 4020 1017 4063 ς
1089 4005 1120 4058 18
1138 4008 1251 4056 numeris
1265 4005 1429 4073 singularisP

221 4077 289 4142 apud
308 4073 447 4141 Horatium]
471 4079 543 4139 epod.
563 4077 647 4140 tutti
718 4080 826 4128 ouidiles
844 4079 883 4127 P:
902 4080 991 4127 ouides
1008 4077 1170 4142 disciparec
1240 4077 1272 4127 21
1294 4072 1378 4142 paces]
1398 4067 1491 4123 Sanct-

221 4146 276 4210 Iap.
297 4146 339 4208 31,
359 4146 392 4196 20
412 4149 476 4194 bella
493 4159 567 4210 atque
582 4163 657 4212 paces
745 4149 778 4199 23
799 4148 863 4196 ltuac
880 4145 1013 4213 Quiritem]
1035 4148 1131 4196 Horat.
1145 4148 1221 4208 epist.
1240 4148 1248 4195 l
1267 4146 1299 4209 6,
1316 4149 1329 4195 7
1347 4145 1414 4196 amici
1428 4141 1494 4190 dou·

222 4218 334 4276 Quiritis.
373 4217 458 4266 Persii
473 4222 609 4278 exeraplam
633 4219 724 4281 quibus
743 4233 793 4266 arva
811 4218 930 4277 Quiritem
951 4222 1048 4284 vertigo
1076 4216 1135 4266 tacu
1152 4217 1177 4264 ia
1203 4217 1290 4266 eadem
1311 4232 1340 4266 re
1354 4216 1418 4278 ponit
1432 4210 1493 4259 llio·

220 4287 303 4336 medes
320 4302 346 4347 p.
362 4286 411 4336 alo
428 4288 473 4335 sed
494 4288 597 4336 l'laaeus
617 4288 640 4336 iu
654 4301 740 4337 satura
759 4288 881 4346 Quiritem
898 4288 964 4336 dixit
1034 4294 1061 4335 ut
1080 4287 1127 4335 erit
1146 4287 1319 4335 nominatiuus
1330 4286 1355 4336 P
1368 4294 1431 4334 uetus
1445 4286 1492 4326 no‘

221 4357 359 4407 minatiuas
375 4370 392 4413 ς
462 4360 494 4406 21
510 4356 578 4424 qais]
600 4359 693 4412 Horol.
710 4375 788 4407 caran.
811 4361 830 4407 ll
850 4359 875 4422 7,
891 4357 906 4409 3
926 4360 982 4422 quis
1000 4366 1024 4406 te
1039 4355 1172 4408 redonavit
1185 4355 1310 4414 Quiritem
1360 4328 1490 4405 Petroniu⁵l

218 4431 374 4493 prnrrrnrolici
393 4428 519 4476 cuiusdam
543 4430 659 4477 Petronii
678 4429 844 4493 fragmentum
868 4444 924 4478 esse
947 4432 1107 4478 coniecerunt
1129 4428 1281 4488 interpretes
1303 4426 1409 4478 Petronii
1427 4403 1493 4482 md

220 4498 388 4548 Barraaauarn
399 4512 426 4559 p.
441 4497 501 4555 886,
517 4507 604 4548 eontra
622 4515 683 4563 qnos
701 4499 814 4549 dimitti.
833 4498 1053 4563 Reifferscheidt‘us
1067 4511 1128 4547 vaus.
1148 4495 1262 4546 Rimas.
1280 4499 1366 4550 novics,
1384 4491 1435 4543 XVI
1448 4484 1486 4547 (ι’

224 4567 302 4631 1861)
318 4583 345 4630 p.
364 4569 392 4617 l:
409 4569 443 4627 ef.
460 4570 563 4617 Pela-on.
579 4585 606 4631 p.
628 4570 684 4632 156,
702 4571 718 4618 4
733 4570 772 4623 ed.
793 4569 911 4620 Baecbel.
926 4577 952 4616 et
968 4569 1072 4621 Petron.
1088 4565 1183 4631 fragm.
1198 4567 1232 4616 22
1251 4568 1291 4617 ed.
1308 4564 1416 4618 mnan

220 4638 254 4687 25
274 4639 385 4688 numeris
402 4639 425 4686 P
497 4638 588 4701 Varro]
610 4640 753 4688 invenimus
772 4640 921 4704 quadrigam
934 4651 1039 4688 numero
1057 4636 1182 4701 singulari
1202 4637 1296 4688 dictam
1313 4637 1339 4686 in
1357 4636 1413 4685 libro
1426 4632 1481 4676 ΒΨ

221 4721 304 4756 raram
326 4708 357 4757 ll.
379 4708 518 4768 Varronis,
546 4710 588 4770 qui
614 4710 750 4774 inscriptas
778 4719 816 4758 est
837 4708 1018 4759 Exdemeticus
1038 4708 1132 4759 Gellius
1150 4705 1344 4773 xv1118,17.
1367 4697 1479 4769 quadril¹¹

217 4779 316 4840 plurali
333 4794 433 4829 naariam
447 4778 568 4828 dicendas
580 4795 634 4829 eave
653 4783 724 4830 docet
747 4781 834 4829 Varro
853 4779 885 4829 de
903 4780 962 4842 ling.
984 4779 1045 4828 Lat.
1066 4775 1091 4825 X
1109 4779 1144 4826 24
1159 4791 1188 4841 p.
1207 4779 1260 4830 557
1277 4778 1318 4831 ed.
1334 4751 1475 4849 Sperat!X

222 4846 253 4896 at
270 4864 297 4910 p.
318 4849 366 4898 581
391 4850 432 4900 ed.
452 4849 545 4913 Speng.
617 4851 649 4899 ‘27
669 4849 737 4917 apud
755 4845 910 4916 Lucretium]
933 4850 1022 4901 11478
1091 4845 1126 4896 28
1150 4855 1176 4898 et
1196 4848 1266 4899 idem
1284 4873 1318 4885 -
1335 4844 1471 4912 eoupodll*

220 4916 253 4978 P,
270 4918 369 4976 adds
438 4921 472 4971 29
488 4919 639 4986 potuisset.¹
