3314 5506
222 383 284 444 ooo
787 373 941 456 [suasu]

1295 495 1317 536 p.
1330 480 1428 524 ιιι-ιιι.

223 582 322 633 casus,
352 562 453 625 eadem
483 563 560 632 iere,
590 580 665 641 quae
688 562 815 631 nomini,
839 562 1028 641 exceptisque
1050 562 1081 621 iu
1104 560 1247 623 alterutro
1268 560 1382 642 singulis
1398 557 1475 621 ruas

223 670 290 726 nam
313 666 483 745 pronomini
511 662 618 724 accidit
644 680 786 743 persona,
817 680 892 743 quae
914 664 1026 724 nomini
1048 680 1108 723 non
1131 662 1250 734 uncidin
1274 665 1380 725 nomini
1396 654 1483 723 uendit

223 769 407 846 conparatio,
431 784 506 846 qnae
528 766 698 845 pronomini
720 783 780 826 non
802 764 924 834 accidit;
954 773 1070 826 ceterae
1098 782 1147 826 res
1169 783 1273 827 omnes
1294 765 1416 827 accidnm
1429 769 1489 822 um

223 871 335 930 nomini
357 887 444 948 quam
468 869 646 948 pronomini.
683 865 807 945 qualitas
829 865 935 928 accidit
956 868 1143 946 pronomini:
1180 868 1280 929 omnia
1301 869 1377 930 enim
1396 878 1495 946 prono‘

197 973 302 1031 emina
331 978 382 1031 aut
408 971 488 1030 finita
516 977 585 1030 sunt
611 977 662 1030 aut
687 970 810 1030 infinita.
854 968 935 1030 linita
963 966 1125 1049 dicunltur,
1153 987 1228 1049 qnae
1250 969 1390 1031 deliniunt
1407 970 1505 1028 artas

222 1090 374 1151 personas.
418 1071 537 1151 quando
565 1072 631 1132 dico
659 1088 728 1150 ego,
757 1089 806 1133 me
833 1076 947 1131 tantum
975 1069 1138 1150 intellegis;
1165 1070 1285 1151 quando
1312 1071 1375 1134 dico
1400 1078 1437 1140 tn,
1457 1074 1511 1125 ²0

222 1183 336 1235 tanturn
369 1171 529 1251 intellegia;
564 1171 631 1233 iden
664 1171 803 1234 dicuntur
833 1172 923 1233 linita.
968 1171 1085 1252 quando
1118 1171 1185 1233 dico
1213 1171 1279 1244 ille,
1316 1172 1516 1233 differentiam

222 1276 327 1338 babet:
350 1278 375 1336 si
397 1275 433 1335 ad
459 1281 644 1354 praesentem
668 1274 811 1346 refertur,
835 1274 950 1335 linitum
972 1291 1138 1354 pronomen
1161 1283 1220 1343 est;
1242 1276 1269 1335 si
1291 1274 1327 1335 ad
1349 1273 1521 1336 amenum,

221 1379 326 1458 incipit
352 1395 418 1440 esse
445 1377 543 1438 minus
568 1394 656 1457 quam
677 1376 801 1438 linitum.
845 1375 924 1437 unde
946 1375 1069 1456 adparet
1091 1375 1168 1456 quod
1191 1375 1326 1456 adiungit
1345 1375 1398 1438 sibi
1415 1373 1524 1437 aliam

184 1495 209 1536 m
221 1497 395 1559 personam,

373 1579 422 1641 ille
445 1597 500 1658 ego
522 1597 588 1641 sum
610 1597 718 1660 corpus
739 1579 845 1641 lamosi
866 1577 959 1659 gloria
981 1580 1063 1641 circi.

221 1684 246 1743 si
279 1683 356 1743 enim
376 1682 506 1743 'linitum
538 1698 702 1759 pronomen
736 1699 854 1760 semper
881 1689 958 1742 esset
984 1679 1048 1750 ille,
1077 1698 1130 1741 cur
1158 1680 1214 1741 sibi
1242 1681 1410 1760 adiungeret
1428 1673 1529 1758 ego?

221 1803 295 1863 ergo
322 1786 395 1846 baec
423 1790 491 1844 sunt
518 1791 632 1844 tantum
659 1784 749 1843 finita.
779 1782 891 1864 reliqua
920 1785 1032 1851 omnia,
1060 1800 1264 1863 quaecumque
1291 1802 1355 1846 esse
1375 1786 1527 1863 possunt,

221 1887 334 1947 infinita
364 1894 432 1947 sunt
460 1893 488 1946 et
516 1903 570 1965 per
594 1886 686 1946 varias
707 1886 821 1963 species
843 1893 894 1946 aut
916 1882 1094 1963 generaliter
1115 1886 1228 1945 inlinita
1252 1895 1321 1946 sunt
1342 1885 1527 1945 autminus

187 2007 210 2046 n
224 2008 310 2068 qnam
334 1989 414 2048 finita
438 1994 488 2048 aut
509 1988 681 2065 possessiva.
711 1988 806 2066 primo
828 2005 920 2067 qnare
942 1987 1079 2047 dicuntur
1100 1987 1199 2047 omnia
1221 1987 1351 2048 infinita?
1370 1987 1523 2067 quoniam

223 2109 282 2150 non
305 2090 448 2150 definiunt
470 2098 567 2150 certas
588 2106 741 2168 personas.
785 2089 872 2150 modo
895 2086 1045 2150 videamus
1066 2089 1159 2167 ipsam
1183 2087 1416 2149 subdivisionem.
1434 2094 1518 2165 'ge-

221 2190 362 2252 neraliter
389 2191 535 2252 inlinitum
563 2191 673 2252 dicitur
700 2190 778 2269 quod
806 2198 903 2270 potest
925 2191 1099 2269 cuicumque
1121 2192 1215 2268 aptari
1237 2209 1394 2270 personae:
1427 2189 1512 2268 quis,

221 2300 251 2352 et
272 2294 328 2353 iste
350 2294 415 2371 quis
437 2293 545 2354 dicitnr
567 2300 597 2352 et
617 2290 681 2362 ille,
704 2301 748 2362 et,
772 2299 805 2352 ut
824 2291 899 2362 diri,
922 2293 1097 2372 cuicumque
1119 2309 1265 2371 personae
1287 2294 1381 2373 aptari
1400 2299 1505 2371 potest

220 2395 317 2454 minus
344 2412 432 2473 qnam
460 2395 573 2455 linitum
603 2392 710 2454 dicitur
738 2393 816 2473 qnod
844 2395 1155 2455 commemorationem
1185 2393 1256 2455 lacit
1276 2403 1363 2456 notae
1384 2394 1448 2453 mibi
1470 2397 1500 2450 el

185 2490 286 2556 actibi'
305 2513 464 2573 personae:
502 2494 587 2555 aliter
615 2513 674 2555 non
701 2504 745 2556 est
769 2481 870 2557 'minus
898 2515 986 2576 quam
1013 2496 1142 2565 linitum,
1165 2495 1195 2556 id
1219 2504 1264 2558 est
1285 2515 1359 2577 quae
1379 2509 1494 2576 persona

221 2591 288 2657 nota
306 2605 351 2658 est
364 2599 442 2658 inter
457 2597 621 2678 loquentes.
649 2598 727 2677 ipse,
750 2597 892 2677 numquid
907 2614 1025 2677 possum
1042 2596 1140 2657 dicere
1162 2599 1227 2677 ipse
1242 2600 1298 2659 nisi
1312 2598 1349 2659 de
1364 2616 1396 2658 eo
1415 2609 1488 2676 quem

221 2708 251 2760 et
279 2718 334 2779 ego
358 2701 424 2760 novi
447 2708 477 2760 et
499 2700 547 2760 tui
584 2701 638 2760 iste
661 2697 705 2758 vel
732 2701 758 2759 is
779 2700 922 2780 numquid
945 2700 1001 2761 nisi
1031 2699 1068 2760 de
1095 2718 1130 2760 eo
1158 2718 1246 2780 quem
1275 2709 1396 2780 uterque
1420 2695 1485 2757 novi·

221 2820 287 2863 mns
317 2819 474 2881 possumus
502 2800 618 2861 dicere?
654 2817 726 2879 ergo
756 2819 816 2862 non
838 2801 982 2878 significat
1004 2802 1059 2861 nisi
1081 2801 1199 2881 utrique
1221 2811 1322 2863 notam
1340 2814 1481 2881 personan-

223 2905 319 2965 minus
342 2922 429 2984 qnam
452 2903 532 2963 linita
556 2900 666 2963 babent
687 2904 718 2963 in
740 2921 773 2963 se
796 2902 881 2963 aliam
904 2902 1131 2963 subdivisionem
1155 2903 1241 2975 banc,
1265 2885 1345 2984 quod
1365 2911 1425 2964 sunt
1439 2896 1481 2958 ali·

184 3027 209 3069 aa
224 3024 281 3085 qua
304 3024 379 3085 qnae
401 3012 588 3085 praesentem
610 3023 673 3064 rem
697 3005 869 3072 ostendunt.
897 3012 929 3066 ut
950 3004 1024 3065 baec
1045 3003 1117 3076 dno,
1147 3005 1196 3065 bic
1218 3014 1248 3066 et
1268 3007 1340 3075 iste;
1361 3003 1427 3065 unde
1441 3016 1481 3057 sv-

221 3107 392 3168 loecismum
417 3107 527 3167 iaciunt
548 3107 598 3185 qui
621 3106 722 3166 dicunt
744 3106 780 3166 de
802 3108 951 3185 praesenti
975 3108 1056 3186 ‘ipse
1078 3107 1152 3167 mibi
1174 3107 1246 3168 lecit
1268 3109 1422 3180 iniuriam,
1437 3093 1479 3161 §td

221 3208 346 3271 dicimus
380 3211 452 3270 ‘iste
476 3208 591 3287 estqui
614 3207 686 3268 mibi
709 3208 779 3268 lecit
806 3209 970 3270 iniuriam’.
1015 3207 1071 3270 alia
1103 3209 1204 3269 minus
1237 3228 1325 3289 quam
1357 3209 1425 3269 linita
1445 3200 1480 3260 de

220 3311 391 3374 absentibus
419 3310 571 3378 dicuntur,
595 3319 628 3371 nl
649 3311 675 3369 is
695 3310 773 3369 idem
795 3311 859 3388 ipse
882 3319 911 3370 et
932 3309 995 3381 ille,
1024 3309 1141 3390 quando
1164 3312 1262 3371 minus
1284 3330 1370 3392 qnam
1389 3308 1481 3369 finium

220 3421 274 3474 est.
319 3421 349 3473 et
377 3412 434 3472 hoc
464 3414 602 3481 interest,
630 3410 708 3491 quod
736 3410 783 3471 illa
813 3411 930 3491 quidem
960 3412 997 3472 de
1026 3410 1195 3474 absentibus
1223 3420 1336 3474 tantum
1357 3412 1482 3472 dicuntur.

182 3515 268 3578 soille
297 3526 327 3576 et
355 3515 391 3575 de
421 3511 427 3597 l
456 3514 576 3574 absente
605 3513 728 3574 dicimus
756 3520 785 3574 et
812 3511 848 3573 de
871 3522 1035 3592 praesente.
1079 3514 1132 3575 sed
1154 3514 1272 3595 quando
1295 3514 1331 3576 de
1351 3514 1485 3595 praesedit3

220 3617 354 3687 dicimus
378 3617 494 3676 linitum
517 3626 576 3684 est;
600 3613 717 3694 quando
741 3613 777 3675 de
799 3613 929 3686 absente,
952 3616 1108 3677 inlinitum.
1132 3619 1266 3696 sequitur
1281 3618 1367 3678 etiam
1386 3625 1487 3696 possrs‘

218 3721 327 3788 sivum,
356 3717 436 3798 quod
466 3736 519 3777 nos
547 3716 655 3796 aliquid
679 3716 830 3796 possidere
853 3717 994 3787 ostendit,
1018 3727 1050 3778 ut
1071 3721 1095 3778 si
1117 3717 1198 3779 dicas
1220 3719 1287 3780 ‘bie
1310 3717 1397 3780 codex
1414 3717 1491 3774 meu-‘³

218 3824 293 3880 esl’:
328 3838 412 3880 mens
445 3821 639 3899 possessivum
674 3835 838 3895 pronomen
873 3827 926 3879 est.
969 3821 1039 3880 item
1067 3821 1265 3899 possessivum
1294 3840 1347 3903 per
1367 3818 1494 3900 pavant

218 3923 331 4000 species
365 3921 517 3981 dividitur:
555 3928 604 3980 aut
630 3921 807 3981 intrinsecus
835 3919 983 3999 singulare
1011 3930 1041 3982 et
1067 3923 1251 3983 extrinsecus
1280 3921 1425 4002 singulare.
1449 3910 1495 3971 11⁸

181 4040 302 4089 aemens
334 4031 416 4092 tuus,
450 4030 501 4083 aut
531 4022 708 4083 intrinsecus
740 4021 853 4101 plurale
881 4032 910 4083 et
937 4024 1118 4085 extrinsecus
1145 4023 1312 4103 singulare,
1343 4032 1374 4086 nt
1399 4019 1497 4082 nutes

219 4132 330 4194 vester,
354 4131 404 4184 aut
424 4125 601 4185 intrinsecus
621 4123 769 4202 singulare
792 4133 822 4186 et
842 4126 1024 4186 extrinsecus
1047 4124 1174 4205 plurale,
1198 4133 1230 4187 nt
1247 4129 1306 4188 mei
1327 4130 1379 4198 tui,
1398 4128 1435 4183 aut
1452 4111 1498 4169 ²⁸

288 4381 304 4428 2
322 4379 414 4428 accidit
432 4395 541 4446 persona
561 4395 625 4443 quae
646 4381 742 4430 nomini
760 4395 809 4430 nou
828 4381 918 4432 accidit
937 4382 984 4433 FS
1002 4381 1095 4431 accidit
1113 4396 1173 4447 pars
1191 4398 1243 4432 nnc
1259 4399 1323 4447 quse
1340 4377 1420 4432 nomini
1433 4372 1491 4449 ¹1⁰¹}

220 4449 311 4498 accidit
329 4464 440 4514 persona
458 4465 522 4513 aquae
538 4451 634 4500 nomiari
651 4465 701 4500 nou
716 4450 808 4501 accidit
826 4450 850 4499 L
941 4452 969 4501 ll
991 4453 1051 4501 circi
1070 4450 1112 4501 FS
1128 4453 1197 4501 circii
1211 4455 1236 4503 L
1309 4455 1339 4504 14
1356 4460 1393 4502 unt
1408 4445 1489 4520 nium

220 4535 293 4583 quam
315 4519 385 4568 linita
400 4528 442 4568 arnt
462 4522 609 4585 possessina
621 4522 647 4570 F
659 4530 702 4570 unt
721 4522 804 4572 minus
823 4536 898 4585 quam
916 4521 986 4570 linita
998 4523 1116 4571 dicuntur
1133 4522 1234 4584 (dicunt
1248 4523 1285 4587 L)
1300 4534 1341 4573 unt
1355 4513 1486 4588 ροεεεειιῑῑ8

219 4587 264 4638 LS
333 4591 367 4638 22
385 4592 433 4640 iste
453 4589 516 4640 uelis
537 4606 596 4639 num
612 4592 672 4653 quid
691 4606 750 4640 nam
767 4593 800 4641 de
818 4608 848 4643 co
872 4606 945 4654 quem
966 4603 1070 4656 interque
1088 4591 1208 4642 nouimus
1226 4608 1358 4659 possumus
1372 4591 1439 4640 dicere

217 4659 265 4707 iste
284 4660 342 4722 quis
365 4660 435 4723 (quis
453 4676 498 4712 orn.
519 4660 552 4721 S)
575 4662 624 4709 nisi
647 4661 678 4710 de
703 4677 732 4710 eo
752 4678 825 4724 quem
844 4670 949 4724 uterque
965 4664 1082 4712 nouimus
1101 4676 1151 4711 non
1171 4662 1235 4725 (non
1254 4681 1301 4715 nm.
1316 4664 1347 4723 F)
1365 4652 1479 4727 postuffl¹¹⁵

216 4728 300 4779 dicere
319 4729 362 4779 FS
430 4730 463 4781 23
482 4745 544 4796 ergo
562 4745 610 4779 non
626 4731 754 4796 significat
770 4734 818 4782 nisi
830 4733 856 4782 F
869 4747 929 4797 ergo
947 4748 995 4780 non
1010 4733 1138 4798 significat
1151 4735 1219 4782 enim
1237 4736 1285 4784 nisi
1298 4733 1343 4784 LS
1400 4724 1425 4776 29
1444 4719 1474 4762 ‘⁵‘

217 4806 242 4846 et
260 4798 308 4848 boe
322 4800 427 4849 interest
442 4801 467 4850 F
481 4809 520 4850 est
535 4799 583 4849 boe
602 4802 707 4851 interest
723 4802 766 4853 LS
833 4802 864 4853 31
885 4803 986 4864 qnando
1010 4803 1041 4852 de
1065 4803 1170 4852 absente
1193 4804 1315 4854 inlinitum
1334 4802 1379 4852 Η
1390 4783 1469 4858 qlfflffl

215 4868 247 4915 de
266 4872 369 4921 absente
388 4870 472 4919 minue
490 4885 565 4934 quam
583 4871 679 4920 linitam
699 4872 772 4922 estS
