3314 5506
183 385 266 436 xarv
721 371 929 434 PRAEFAMO

182 559 300 624 librum
313 559 398 645 elegi
409 558 761 640 hos,Vindobononseur
770 566 818 639 16,
830 557 907 623 olim
913 558 1117 638 Bobicnsem,
1130 556 1244 644 dequo
1257 579 1357 642 supra
1368 558 1469 643 p.VII

182 662 304 726 dictirm
325 670 390 742 est,
412 663 446 726 in
468 683 531 748 quo
547 661 651 725 Servii
673 659 756 725 liber
771 663 909 746 scriptus
924 669 973 724 est
987 659 1011 723 1.
1030 668 1209 742 139-1413
1231 660 1469 741 Monacensem,

183 763 259 829 olim
283 763 525 848 Frisingensem
548 773 597 843 81,
620 762 644 826 1.
667 763 849 845 72-76;*)
878 762 1072 827 Leidensem
1095 769 1170 840 122,
1199 761 1240 826 de
1261 784 1325 848 quo
1348 760 1471 826 dictum

183 876 232 930 est
253 889 285 952 p.
303 865 442 946 XXXI,
464 864 489 928 1.
505 875 545 935 59
568 870 693 930 Seruios
713 871 880 930 honoratas
901 871 1036 943 aquilino
1057 871 1182 927 salutem
1195 903 1239 912 —
1252 865 1276 928 f.
1299 872 1339 934 62
1361 871 1471 943 lonpac

181 979 252 1032 sunt
266 989 337 1047 exp.
354 975 392 1033 de
410 975 555 1044 finalibus
575 974 682 1031 litteris
703 972 844 1030 honorati
863 973 1075 1046 aramancias
1097 966 1326 1030 Monacensem
1341 967 1470 1030 Emme-

182 1091 308 1134 ramum
323 1070 364 1135 G.
382 1079 437 1138 121
459 1069 515 1154 (ef.
531 1093 563 1155 p.
580 1068 734 1153 XXXII)
750 1068 774 1132 1.
792 1075 853 1137 184
875 1072 999 1132 Serrana
1020 1073 1134 1132 marias
1156 1072 1322 1134 honoratas
1337 1074 1471 1147 aptatino

183 1178 309 1236 amatam
332 1209 374 1221 —
394 1170 419 1235 1.
444 1178 504 1242 188
526 1178 638 1249 lonpae
658 1182 736 1234 sant.
781 1170 838 1235 sed
860 1171 1030 1234 Bobiensis
1054 1170 1158 1234 codex
1185 1179 1218 1234 et
1239 1170 1469 1254 Frisingensis‚

183 1275 238 1360 qui
258 1273 447 1361 plerumque
469 1275 553 1337 inter
575 1294 609 1336 se
631 1272 850 1352 consentiunt,
879 1273 1093 1357 antiquiorem
1120 1271 1196 1336 libri
1222 1271 1360 1336 formam
1381 1271 1472 1335 exhi·

184 1375 261 1440 bere
289 1376 455 1456 videntur,
483 1374 652 1439 Leideusis
681 1384 714 1438 et
741 1375 963 1438 Emmeramus
991 1376 1201 1439 recentiorem
1229 1397 1271 1438 ex
1298 1373 1471 1458 interpola·

183 1479 325 1541 tionibus
341 1487 374 1541 et
388 1477 620 1541 mutationibus
641 1477 854 1561 posteriorum
874 1478 1158 1559 grammaticorum
1179 1476 1368 1563 profectam.
1399 1473 1471 1539 reli-

183 1581 239 1665 qui
261 1589 369 1643 autem
390 1579 533 1659 codices,
556 1599 636 1665 quos
659 1577 789 1663 quidem
810 1578 881 1662 ipse
903 1578 985 1658 vidi,
1008 1579 1126 1664 partim
1147 1576 1236 1642 illam
1257 1579 1473 1664 antiquiorem

183 1681 319 1745 formam
334 1682 501 1766 praebent,
517 1681 636 1766 partim
650 1680 918 1765 interpolatorum
933 1679 1089 1744 librorum
1108 1681 1267 1744 rationem
1281 1689 1471 1765 sequuntur.

267 1783 411 1847 Primum
440 1783 546 1848 editus
578 1791 627 1846 est
653 1781 705 1846 hie
735 1781 839 1846 Servii
867 1781 950 1845 liber
977 1781 1152 1847 Mediolani
1175 1804 1204 1846 a.
1230 1790 1320 1861 1473,
1344 1780 1472 1845 ‘Bedae

184 1885 267 1950 liber
294 1885 334 1949 de
363 1885 581 1950 schematibus
612 1893 645 1948 et
672 1893 776 1968 tropo.
821 1884 964 1948 eiusdem
994 1885 1061 1948 diui
1090 1883 1200 1947 Bedae
1230 1885 1271 1948 de
1297 1883 1410 1968 figuris
1440 1892 1474 1946 et

183 1988 306 2051 metris.
351 1987 625 2052 Commentarium
654 1986 760 2070 Sergii
793 1985 834 2049 de
865 1985 983 2049 littera.
1034 1985 1307 2049 Commentarium
1336 1985 1473 2050 Maximi

184 2088 342 2154 Victorini
365 2090 405 2153 de
427 2091 551 2153 ratione
573 2096 757 2151 metrorum.
793 2087 969 2151 Metrocius
991 2087 1153 2151 Maximus
1177 2088 1217 2152 de
1239 2088 1354 2151 litteris
1378 2097 1410 2151 et
1431 2086 1473 2150 de

184 2189 329 2278 syllabis.
367 2191 419 2256 De
440 2190 593 2255 finalibus
615 2189 732 2253 litteris
753 2189 912 2253 Honorati
935 2191 1149 2273 grammatici.
1186 2191 1293 2253 Servii
1314 2210 1473 2272 gramma-

184 2294 239 2356 tici
261 2292 468 2358 Oentimetra.
499 2292 604 2356 Foeae
625 2291 826 2376 grammatici
848 2288 930 2355 liber
952 2291 992 2355 dc
1014 2293 1141 2356 nomine
1164 2300 1196 2356 et
1218 2291 1318 2355 verbo
1334 2328 1374 2337 —
1390 2312 1473 2375 opus

183 2396 377 2480 impressum
391 2392 567 2459 Mediolani
590 2415 648 2477 per
668 2392 714 2457 M.
731 2393 909 2457 Antonium
932 2393 1087 2457 Zarolum
1103 2394 1312 2458 Parmensem
1334 2393 1386 2457 dic
1402 2392 1474 2457 XII

184 2499 410 2583 semptembris
424 2487 756 2576 MOOCCLXXIII’3
779 2505 891 2579 post-ca
913 2495 1082 2559 Laurentii
1103 2495 1265 2560 Abstemii
1287 2517 1386 2578 opera
1401 2493 1475 2558 Cal·

184 2597 220 2662 lii
239 2621 269 2662 a.
288 2606 379 2677 1476,
403 2598 526 2663 ‘Servii
542 2597 703 2660 Honorati
724 2597 869 2661 Libellus
893 2596 933 2660 de
954 2597 1076 2660 ultimis
1100 2597 1235 2681 syllabis
1259 2608 1291 2660 ct
1314 2597 1475 2660 Centima-

184 2711 269 2764 trum
286 2737 323 2746 -
341 2698 453 2778 Gellii,
477 2699 638 2763 Robertus
663 2699 702 2762 de
726 2699 814 2762 Fano
838 2709 870 2762 ct
891 2699 1111 2762 Bemardinus
1135 2699 1174 2763 de
1191 2699 1350 2783 Bergomo
1367 2705 1473 2767 1176’.

184 2811 357 2887 utramque
385 2801 557 2864 editionem
585 2823 649 2864 uon
677 2800 756 2864 vidi.
806 2808 871 2863 tres
905 2810 1013 2863 autem
1041 2800 1221 2898 editiones,v
1245 2800 1362 2884 quibus
1394 2822 1475 2863 usus

186 2925 272 2982 sum,
309 2902 559 2967 Mediolanensis
592 2902 665 2967 Iani
698 2901 863 2966 Parrhasii
900 2923 973 2966 cum
1005 2903 1162 2966 institutis
1194 2902 1291 2966 Probi
1324 2924 1353 2968 a.
1383 2911 1475 2982 1501,

186 3004 404 3090 Tubingensis
427 3004 584 3068 Ioaclrimi
606 3004 785 3069 Camerarii
807 3026 880 3068 eum
901 3005 1005 3068 Mario
1028 3004 1195 3068 Victorino
1218 3027 1247 3068 a.
1272 3012 1364 3084 1537,
1387 3004 1475 3088 Lug-

270 3244 298 3311 *)
322 3245 415 3296 Codex
437 3245 613 3295 Monacensis
636 3245 700 3296 Lat.
723 3246 803 3307 6281,
826 3244 1013 3309 Frisingensis
1036 3245 1067 3293 81
1092 3245 1188 3295 memb.
1207 3246 1222 3293 4
1241 3260 1314 3295 saec.
1333 3246 1358 3294 X
1378 3245 1395 3293 1.
1418 3247 1476 3295 lin

186 3335 282 3384 nonam
295 3333 388 3382 domiai
400 3332 481 3381 nostri
498 3331 574 3395 incip.
587 3332 676 3394 rapula
693 3332 776 3380 astreli
791 3332 917 3395 airprtstini
934 3333 965 3380 cic
978 3347 1041 3380 nom.
1067 3329 1154 3379 Omnia
1172 3331 1271 3380 nomina
1283 3357 1317 3365 —
1330 3331 1346 3379 1.
1360 3332 1392 3379 27
1404 3332 1477 3380 incie-

105 3457 107 3462 .
185 3417 301 3468 clinabile
322 3424 360 3466 est
381 3418 452 3481 capt.
469 3411 480 3482 11
501 3415 520 3465 1.
534 3417 567 3464 27
587 3415 682 3479 Incipit
700 3417 842 3480 expositam
859 3417 938 3479 serpii
959 3418 990 3465 cie
1008 3423 1065 3465 octo
1086 3415 1203 3479 partibus
1223 3416 1356 3466 arationis.
1387 3414 1476 3464 Oratio

186 3504 279 3552 dicitur
296 3500 367 3550 -1,
387 3504 419 3552 62
436 3501 621 3566 proferantur:
640 3499 730 3565 Sergii
749 3500 963 3565 explanationes
981 3501 1009 3550 in
1027 3501 1165 3550 Donatum
1184 3501 1244 3563 487,
1263 3501 1398 3560 22-518,
1412 3503 1453 3550 29.
1468 3499 1477 3564 ll

186 3587 206 3639 1.
225 3590 256 3636 52
281 3588 319 3636 De
337 3587 433 3636 littera.
464 3586 566 3635 Littera
584 3587 653 3635 dicta
671 3594 709 3635 est
726 3613 760 3620 —
779 3585 796 3634 1.
816 3583 866 3634 61*
890 3584 923 3634 de
947 3585 1141 3635 interiectione
1160 3591 1184 3635 ct
1202 3587 1275 3650 aqna
1294 3592 1352 3634 srtnt
1371 3587 1476 3634 similia:

187 3674 318 3736 excerpta
337 3686 370 3720 er
388 3670 492 3719 Donati
510 3674 570 3718 arte
588 3673 691 3720 mulore
722 3678 749 3719 et
769 3670 859 3737 Sergii
877 3671 905 3720 in
924 3686 985 3720 eam
1010 3665 1477 3735 11ρ111111ῐοηί611.111.63011111(

186 3759 286 3807 nomino
303 3783 337 3790 -
355 3755 375 3804 1.
395 3751 443 3803 72*
462 3756 627 3804 deserendam
647 3757 768 3804 inuenies.
793 3757 901 3819 aeplicit
919 3757 1044 3805 institutio
1065 3757 1191 3819 prisciani
1209 3757 1366 3819 prarnnratici
1382 3757 1414 3804 cle
1433 3772 1477 3805 na·

186 3844 249 3891 nane
266 3842 412 3904 pronomine
431 3847 456 3888 et
473 3835 660 3904 (1111011172
678 3837 784 3888 Seruius
801 3841 940 3889 honoratas
957 3840 1067 3904 aquilino
1085 3868 1119 3875 -
1136 3841 1156 3889 1.
1172 3843 1203 3890 76
1221 3844 1311 3906 lonpae
1322 3846 1394 3889 sani:
1413 3840 1478 3890 Scr-

186 3927 246 3976 vius
265 3925 298 3974 de
317 3923 453 3974 finalibus.
467 3919 478 3988 ll
496 3923 515 3974 1.
535 3925 566 3972 76
584 3923 680 3986 Incipit
698 3925 888 3974 commentarius
905 3926 989 3989 scrcpi
1006 3926 1050 3974 (11.
1074 3926 1175 3975 Littera
1194 3927 1262 3975 dicta
1281 3932 1320 3975 eet
1335 3953 1369 3959 —
1388 3926 1406 3975 1.
1426 3924 1476 3974 81*

186 4027 250 4061 cano
269 4011 352 4059 troiae
365 4010 426 4070 finit
443 4008 506 4057 liber
523 4009 618 4071 serapii
632 4010 803 4071 pneumatici:
821 4007 933 4074 Sergius
947 4009 980 4057 de
993 4008 1089 4058 littera
1104 4015 1156 4061 ete.
1175 4027 1198 4075 p.
1213 4011 1357 4061 471-185.
1369 4006 1381 4076 ΙΙ
1393 4010 1412 4060 1.
1426 4008 1476 4060 81*

187 4096 283 4161 Incipit
305 4096 504 4144 commentarium
526 4092 672 4141 inarimiani
692 4095 813 4143 uictorint'
833 4096 865 4144 de
888 4096 987 4145 racione
1009 4102 1150 4145 metrorum.
1181 4097 1264 4159 primo
1287 4097 1319 4145 de
1343 4097 1434 4145 litteris
1452 4104 1479 4145 et

185 4180 297 4245 syllabis
317 4179 457 4244 Liquentes
475 4204 508 4212 -
525 4178 545 4226 1.
559 4173 609 4227 87*
628 4185 759 4230 caerceat.
773 4180 818 4239 fin.
837 4179 902 4228 liber
918 4181 1066 4228 maximiani
1079 4181 1220 4245 prometiri.
1233 4176 1245 4246 [l
1258 4180 1327 4240 Quae
1338 4181 1388 4230 sini
1399 4197 1478 4243 prac-

187 4274 259 4316 terea
277 4272 330 4314 tres
346 4265 444 4328 primae
462 4265 569 4312 melarini
583 4265 682 4326 fipnrac
700 4263 803 4311 dicendi
817 4289 852 4298 -
869 4263 888 4313 1.
901 4266 934 4314 88
952 4264 1120 4315 aelementia:
1139 4265 1172 4314 de
1192 4265 1340 4331 generibus
1358 4264 1478 4315 dicendi.

188 4351 192 4416 Ι
223 4351 242 4402 f.
260 4351 293 4401 88
316 4350 457 4399 Metrorias
479 4349 511 4397 de
534 4350 619 4398 latinis
642 4355 667 4397 cl
688 4349 714 4396 in
737 4363 808 4397 corna
828 4348 880 4411 fait
902 4355 927 4398 et
950 4349 1097 4400 nobilissimi
1112 4353 1215 4415 pencris
1238 4357 1313 4415 patre
1335 4352 1433 4401 solonio
1452 4358 1480 4400 et

186 4443 266 4486 matre
281 4435 458 4500 prissionatia.
476 4435 565 4498 incipit
577 4436 609 4483 cle
623 4431 742 4497 finalibus
760 4434 851 4482 litteris
868 4435 909 4482 nel
924 4434 1029 4498 syllabis
1046 4421 1168 4485 metrbrii.
1183 4434 1334 4500 Quamquam
1345 4463 1379 4469 —
1392 4436 1411 4485 1.
1426 4433 1477 4485 91*

186 4520 313 4571 meliboei:
339 4518 414 4568 anal.
433 4534 547 4584 gramm.
568 4517 681 4571 Vindob.
700 4536 725 4584 p.
744 4519 895 4568 tos-169.
917 4515 929 4583 11
950 4520 968 4568 1.
987 4517 1038 4569 91*
1064 4521 1160 4584 Incipit
1177 4537 1222 4570 ars
1242 4522 1298 4582 soci
1311 4524 1478 4585 praearmatici.

189 4606 243 4655 Ars
260 4621 314 4655 nica
332 4631 365 4639 »-
383 4604 402 4655 1.
424 4602 488 4654 108*
506 4606 606 4653 sirnilia.
625 4607 696 4667 capi.
714 4603 833 4663 mesore
850 4606 1008 4667 pneumatici
1024 4607 1055 4654 de
1074 4608 1171 4654 nomine
1189 4612 1214 4653 ct
1232 4605 1317 4655 uerbo.
1338 4602 1350 4671 ΙΙ
1371 4605 1390 4656 1.
1411 4603 1477 4655 108*

187 4692 317 4755 Incipiunt
335 4692 516 4740 declinationes
539 4690 669 4739 nominum.
697 4689 780 4739 Iastia
803 4703 891 4738 nonien
908 4690 978 4740 -1,
999 4687 1063 4738 114*
1090 4689 1215 4739 subiectis.
1236 4685 1247 4754 ll
1268 4689 1287 4738 1.
1309 4686 1372 4738 111*
1392 4688 1477 4754 Incip.

187 4792 232 4827 are
249 4777 338 4839 asperi
354 4775 386 4824 rie
402 4773 517 4839 partibas
531 4775 664 4825 orationis.
690 4775 783 4824 Partes
796 4775 919 4824 orationis
930 4781 989 4823 erint
1005 4801 1039 4809 —-
1057 4774 1075 4823 1.
1092 4772 1285 4839 1213*etsiqaa
1302 4782 1359 4823 slent
1376 4777 1476 4825 similia.

189 4877 221 4912 ex
240 4861 413 4926 frisingensi
432 4859 525 4909 codice
544 4858 699 4924 descriptus
718 4865 760 4909 est
778 4858 995 4924 Tegeruseensis
1015 4859 1060 4909 181
1081 4875 1155 4910 saec.
1176 4859 1222 4908 XI.
