3314 5506
214 365 255 429 tn
804 356 915 418 ottoni

266 488 288 534 p.
303 477 436 523 temese.
942 450 949 463 “
1297 471 1454 526 astraea„

215 552 293 616 teriti
326 550 444 630 generis
472 546 623 608 masculini
651 565 687 608 ex
707 543 836 606 secunda
863 562 989 623 persons
1012 544 1180 613 arduitatis.
1216 545 1246 605 in
1268 546 1364 622 prims
1385 545 1503 625 quidem

217 653 423 730 eonimsnone
452 657 481 711 et
508 649 593 711 tertia
620 648 780 727 producta,
813 646 912 709 idest
938 654 1056 727 quarta,
1090 655 1210 726 accepta
1240 645 1350 728 syllaba
1378 655 1410 709 tu
1437 655 1503 709 ante

219 756 405 817 novbeimam
426 751 553 815 litteram
568 769 592 822 s,
614 758 647 812 ut
663 769 731 813 amo
751 768 833 812 amas
854 749 902 811 bic
917 756 1040 818 amatus,
1061 750 1161 811 munio
1177 751 1274 811 munis
1296 749 1502 819 hismundus:

216 862 247 919 in
267 854 399 918 secunda
422 873 492 917 reru
513 861 541 917 et
564 855 649 915 tertia
670 860 808 932 correpta
832 859 976 930 pereunte
997 871 1014 912 e
1033 849 1130 912 littera
1159 850 1337 930 paenultima
1359 852 1505 915 secundae

191 989 204 1030 a
216 975 361 1040 personae
383 958 536 1018 activitatis
565 963 594 1018 et
615 963 648 1016 tu
669 961 736 1016 ante
761 956 906 1033 aposita,
936 960 969 1013 ut
993 953 1086 1015 doceo
1108 955 1199 1017 doces
1224 954 1274 1015 bio
1293 950 1412 1023 doctus,
1441 953 1505 1015 dico

200 1060 291 1132 ,dicis
321 1059 370 1121 bic
400 1059 510 1129 dietus,
545 1065 595 1119 aut
623 1055 818 1137 pereuntibus
840 1055 956 1118 duabus
981 1055 1085 1117 litteris
1110 1055 1296 1135 paenultimis
1324 1062 1354 1133 et
1379 1062 1505 1118 suante

217 1162 404 1225 uorimimam
434 1159 560 1222 litteram
591 1177 606 1223 s
639 1158 782 1237 reposita,
820 1165 854 1219 nt
882 1167 969 1220 necto
998 1159 1091 1220 nectis
1122 1175 1228 1220 necsua
1259 1175 1342 1226 snm:
1376 1158 1506 1237 quamris

217 1263 397 1344 posteriores
419 1280 474 1341 pro
496 1280 513 1323 c
534 1270 565 1323 et
586 1280 601 1322 s
623 1280 641 1321 x
662 1266 841 1340 posuerunt,
868 1278 961 1322 nexus
985 1278 1059 1321 sum.
1103 1259 1293 1339 imperatisus
1313 1259 1421 1321 modus
1441 1277 1505 1338 pas·

219 1367 339 1439 sitiatis
365 1383 399 1426 re
420 1361 531 1443 syllaba
556 1363 652 1424 addita
680 1363 853 1441 imperativo
881 1363 1034 1424 activitatis
1059 1361 1124 1431 liet,
1149 1369 1182 1423 ut
1202 1379 1267 1422 ama
1289 1379 1405 1432 amare,
1434 1360 1506 1423 dore

182 1468 338 1536 iedooere,
357 1466 456 1529 scribe
476 1465 622 1535 scribere,
645 1466 727 1525 muni
747 1465 872 1525 munire.
917 1464 953 1526 de
974 1464 1029 1524 bac
1056 1471 1155 1524 amen
1177 1465 1291 1528 ratione
1312 1471 1341 1524 et
1362 1464 1400 1524 de
1420 1463 1506 1524 ruodo

220 1569 335 1633 infinito
355 1566 471 1647 plenius
489 1570 519 1629 in
541 1568 680 1629 institutis
698 1568 815 1636 artium,
837 1565 895 1626 boc
910 1575 954 1627 est
975 1567 1004 1626 in
1027 1563 1102 1626 libro
1122 1567 1230 1644 primo,
1249 1566 1415 1627 docuimus.
1443 1563 1506 1626 illo·

219 1690 286 1735 rum
308 1669 465 1733 verborum
489 1689 505 1731 r
524 1670 747 1730 terminatorum
770 1673 800 1728 et
819 1686 877 1728 non
896 1669 1073 1729 venientium
1096 1667 1133 1729 ab
1153 1686 1171 1729 o
1192 1667 1288 1729 littera
1307 1666 1420 1746 speeies
1440 1685 1507 1747 per·

220 1774 297 1837 leole
317 1778 435 1835 notetur
457 1771 494 1833 dc
514 1772 669 1851 participio
690 1772 833 1848 temporis
851 1771 1010 1848 praeteriti.
1026 1765 1040 1852 ΙΙ

719 1956 769 2017 nu
791 1916 1019 2018 srnvervnl.

185 2100 208 2141 u
306 2077 449 2148 Quonam
469 2079 506 2139 de
528 2076 654 2158 pedibus
675 2075 822 2155 disyllabis
844 2084 872 2137 el
895 2077 1069 2152 trisyllabis,
1088 2095 1144 2139 aea
1161 2094 1219 2138 aaa
1241 2084 1271 2140 et
1292 2085 1432 2157 ᾳιιιιῐιιοι·
1452 2079 1508 2161 syl·

219 2181 354 2247 labarum
376 2185 525 2257 inprime
547 2179 810 2251 docrinarum,
834 2176 871 2239 de
893 2181 1046 2241 nominans
1068 2197 1137 2240 vero
1156 2181 1271 2242 ratione
1292 2179 1510 2263 verborumqbe

220 2285 251 2345 in
274 2283 545 2358 macomariam
572 2282 736 2342 arbitratus
756 2297 821 2340 suae
848 2279 886 2340 de
913 2281 1169 2343 terminationibus
1191 2281 1382 2361 placentibus
1408 2291 1510 2347 nosne

220 2393 355 2464 tempore
381 2385 483 2464 paucis
503 2383 662 2445 admodum
683 2382 903 2451 demonstrare,
929 2400 1002 2461 quas
1023 2382 1106 2443 multi
1132 2383 1257 2445 credunt
1279 2392 1375 2445 metro
1402 2385 1511 2449 debere

221 2496 367 2557 constare,
388 2503 514 2565 quorum
539 2479 671 2562 opinioni
688 2501 748 2544 aon
770 2482 896 2545 libenter
919 2486 1128 2556 consentimus,
1150 2488 1287 2565 quoniam
1307 2495 1336 2548 et
1350 2486 1464 2550 Tullius
1483 2496 1512 2550 et

182 2607 208 2648 ao
221 2590 314 2653 aeteri
335 2595 469 2649 oratores
491 2585 690 2666 monosyllabo
712 2592 849 2646 struxere
871 2585 973 2655 verbo,
1001 2606 1067 2647 cum
1090 2607 1147 2648 rina
1170 2587 1279 2667 syllaba
1301 2596 1429 2651 metrum
1451 2609 1510 2652 nou

220 2693 266 2753 sit.
310 2698 355 2752 est
378 2698 475 2751 antem
503 2697 652 2751 structura
682 2686 840 2748 verborum
868 2689 1042 2766 compositio
1071 2689 1148 2751 dieta
1177 2708 1193 2750 a
1220 2690 1378 2761 struendo,
1410 2693 1441 2754 id
1469 2701 1512 2754 est

220 2792 442 2872 componendo,
479 2791 557 2852 unde
588 2799 752 2852 structores
784 2790 996 2868 compositores
1027 2790 1150 2853 alieuius
1181 2793 1224 2853 rei
1260 2794 1411 2854 dieantur.
1457 2795 1512 2858 bae

220 2895 352 2976 quamvis
373 2895 404 2954 in
426 2894 505 2954 omni
529 2893 661 2954 oratione
689 2892 800 2953 serrari
822 2891 963 2962 debeant,
992 2900 1090 2954 maren
1112 2895 1239 2955 maxime
1261 2896 1290 2954 in
1316 2895 1415 2959 verbis
1438 2897 1512 2960 duo·

221 2996 293 3068 bns,
321 2998 479 3058 novissimo
507 3002 537 3056 et
564 2992 761 3074 paenultima,
790 3001 859 3055 sunt
885 2993 1097 3056 delectabiliter
1126 2996 1355 3074 componendae.
1399 3001 1512 3079 antiqui

181 3118 207 3158 rs
220 3098 339 3179 quidem
359 3106 501 3166 oratores,
525 3097 555 3157 in
577 3095 686 3175 quibus
707 3097 834 3157 maxime
853 3094 975 3165 Tullius,
999 3116 1160 3178 numquam
1182 3101 1357 3159 necessariis
1376 3100 1514 3163 sensibus

219 3208 456 3281 praeposuerunt
484 3200 626 3262 orationis
655 3205 851 3269 structuram
879 3199 930 3259 sed
954 3201 1047 3278 magis
1072 3202 1186 3261 fortiter
1208 3208 1239 3262 et
1261 3203 1343 3279 gravi
1367 3205 1512 3282 composi·

221 3304 302 3365 bone
324 3318 414 3382 quam
435 3301 563 3364 mobiles
587 3299 631 3362 rel
653 3300 719 3363 laxe
741 3299 840 3362 dicere
863 3300 1031 3362 maluerunt
1052 3313 1096 3371 et,
1124 3321 1191 3362 cum
1209 3302 1354 3364 baberent
1382 3307 1513 3366 occasio·

219 3424 288 3470 nem
309 3407 352 3467 sic
370 3403 520 3476 struendi,
549 3422 636 3484 quem
659 3403 838 3465 admodum
862 3405 956 3465 nostri
984 3407 1125 3483 temporis
1147 3402 1290 3487 bolmines
1318 3403 1512 3478 delectantur,

220 3516 370 3588 amariam
394 3506 431 3568 de
449 3508 594 3569 industria
615 3508 660 3567 usi
678 3515 747 3568 sunt
769 3514 917 3569 structura
936 3508 1004 3567 lorti
1026 3509 1230 3586 potiusquam
1250 3507 1415 3577 delectanti,
1438 3510 1514 3571 aiem

182 3629 208 3670 ss
223 3608 366 3688 exemplis
389 3608 531 3670 Tullianis
551 3608 681 3687 probare
704 3608 833 3672 breviter
854 3609 1026 3687 poterimus.
1071 3607 1149 3689 quod
1172 3610 1201 3668 in
1225 3609 1327 3686 primis
1348 3617 1393 3670 est
1412 3621 1513 3673 nostro

219 3719 354 3791 tempore
377 3711 521 3779 vitiosum,
545 3708 658 3771 Tullius
679 3711 727 3772 ille
749 3730 810 3772 non
831 3710 973 3772 dubitarit
992 3710 1082 3771 rurba
1105 3710 1307 3790 monosyllabo
1328 3713 1414 3774 linire
1434 3720 1512 3775 stru·

219 3822 343 3880 oturam,
360 3819 391 3871 nt
407 3818 452 3872 est
474 3796 535 3872 ‘ab
557 3813 669 3873 istius
689 3812 903 3895 petulantia
923 3831 1149 3874 conservare
1171 3831 1242 3873 non
1261 3811 1409 3875 licitum
1427 3819 1512 3885 est',

287 3972 304 4024 b
323 3979 347 4022 et
362 3987 393 4022 sn
406 3981 465 4022 ante
482 3972 649 4023 nouissimam
666 3971 776 4022 litteram
789 3990 801 4023 s
820 3968 865 4039 rep
872 4010 982 4024 .......
1002 3983 1029 4023 ut
1044 3983 1115 4024 necto
1129 3977 1222 4026 attritis
1235 3979 1330 4042 aliquot
1342 3979 1435 4029 litteris
1445 3994 1513 4029 corr.

217 4046 359 4095 mentiare
379 4058 453 4092 marro
468 4048 505 4092 'et
522 4053 549 4091 tu
567 4052 626 4092 ente
648 4044 813 4092 nouissimam
839 4044 980 4094 litterams
1003 4054 1061 4111 poss
1079 4055 1105 4095 tu
1132 4055 1159 4095 ut
1178 4056 1250 4097 necto
1268 4045 1293 4095 B
1380 4047 1396 4096 7
1422 4062 1513 4099 nessus

217 4116 306 4179 priore
322 4115 378 4163 loco
396 4113 584 4164 Lindemamas
605 4127 686 4163 nexus
703 4128 771 4163 corr,
791 4123 879 4165 nectus
897 4114 923 4165 B
1012 4115 1043 4168 13
1059 4112 1208 4182 praeteriti!
1225 4132 1295 4167 rrum
1310 4132 1344 4167 oa
1363 4133 1513 4172 caraoutors

218 4232 291 4271 raom
304 4219 309 4278 l
320 4217 380 4280 (aas
396 4205 471 4270 iiiii
489 4206 570 4271 bnis?
584 4216 713 4279 montoir)
728 4214 733 4283 Ι
750 4233 881 4269 rsurcrran
897 4227 922 4270 et
933 4219 1035 4269 dimidia
1046 4220 1105 4282 sere
1118 4222 1230 4286 papissae
1240 4228 1318 4284 porte
1329 4237 1411 4273 meaa
1423 4225 1513 4274 relicta

219 4293 244 4340 ia
267 4289 337 4338 iaitr'o
358 4303 436 4339 norae
455 4291 567 4356 popinae
591 4287 624 4338 de
646 4289 779 4354 participio
803 4289 925 4354 temporis
949 4289 1088 4354 praeteriti.
1112 4291 1232 4352 quoniam
1252 4292 1296 4340 B:
1322 4291 1360 4340 De
1383 4291 1514 4344 Structure

218 4359 280 4410 odd.
301 4372 317 4415 ς
394 4359 426 4410 15
447 4368 472 4410 et
489 4360 535 4410 tris
542 4393 687 4408 .........
704 4367 729 4408 et
746 4367 865 4421 quattuor
882 4359 1037 4423 syllabarum
1053 4360 1085 4410 de
1103 4374 1161 4409 nom
1168 4397 1245 4410 .....
1261 4375 1324 4412 uero
1341 4363 1439 4413 ratione
1457 4379 1514 4414 uer·

218 4431 358 4491 laurumque
380 4429 406 4477 in
430 4429 479 4479 boe
503 4430 535 4479 de
549 4464 730 4479 ...........
745 4428 903 4494 placentibus
928 4432 1022 4480 attritis
1038 4432 1139 4496 aliquot
1160 4434 1252 4482 litteris
1271 4432 1295 4481 B
1325 4441 1349 4479 et
1373 4433 1513 4498 trisyllabis

218 4512 315 4550 necnon
334 4506 359 4547 et
378 4510 497 4562 quattuor
514 4497 669 4564 syllabarum
689 4501 715 4548 in
732 4501 815 4566 primo
833 4500 967 4549 docuimus
986 4500 1060 4552 libro.
1084 4502 1120 4551 De
1137 4504 1268 4552 nominum
1285 4517 1347 4551 uero
1366 4503 1514 4554 uerborum·

218 4585 269 4631 quse
286 4570 384 4618 ratione
408 4569 435 4619 in
457 4570 521 4621 boc:
549 4583 708 4634 corrseqaens
729 4569 865 4619 arbitratus
889 4584 945 4620 snm
970 4570 1002 4619 de
1024 4572 1244 4623 terminationibus
1264 4572 1426 4636 placentibus
1443 4586 1461 4630 ς
1479 4588 1514 4623 ea

218 4639 358 4690 Sacerdote
371 4653 399 4701 p.
415 4640 449 4690 70
525 4639 559 4689 20
576 4647 693 4690 struxere
711 4654 728 4698 ς
745 4647 771 4690 et
786 4640 914 4690 Sacerdos
932 4649 1030 4691 struere
1047 4640 1072 4689 B
1159 4643 1193 4692 22
1211 4651 1239 4691 ut
1255 4642 1288 4691 de
1306 4657 1375 4691 aorr.
1394 4645 1429 4692 ol.
1448 4658 1513 4692 mars.

218 4709 287 4760 unde
304 4708 330 4759 B
399 4709 517 4759 dicuutur
533 4725 579 4760 om.
597 4709 630 4768 B,
651 4709 712 4761 add.
730 4724 747 4766 ς
766 4717 791 4758 et
807 4709 934 4760 Sacerdos
1004 4712 1036 4760 27
1055 4720 1078 4759 et
1098 4727 1153 4762 eum
1173 4713 1302 4764 Sacerdos
1323 4723 1349 4759 ut
1365 4727 1422 4762 aum
1440 4713 1466 4762 B

220 4780 440 4899 occansionbemlf
509 4778 543 4831 30
562 4783 699 4844 poterimus
718 4796 735 4836 ς
751 4789 776 4830 et
792 4778 921 4830 Sacerdos
940 4782 1097 4845 potuerimus
1116 4783 1141 4832 B
1211 4782 1244 4834 32
1262 4779 1304 4847 ab]
1325 4783 1376 4835 Cic.
1396 4784 1420 4831 ln
1433 4784 1512 4833 Verr.

220 4857 270 4901 art.
287 4864 330 4912 pr.
370 4887 376 4912 ‚
