3314 5506
347 382 408 429 xvr
886 366 1095 430 PRAEFATIO

346 563 448 618 artem
470 551 569 618 Probi
590 552 614 616 f.
638 558 656 621 8
679 555 841 615 INCIPIT
863 556 1036 616 UALEBII
1065 553 1192 615 PROBI
1219 555 1278 613 DE
1297 554 1467 614 NOMINE
1493 555 1635 614 Nomina-

345 663 426 720 11111
443 661 551 732 finitur
574 652 619 740 (p.
636 653 713 739 207)
736 690 778 720 -.-
801 652 975 723 11111110
997 658 1243 717 otuineoicerur
1266 653 1312 737 (p.
1330 655 1414 734 216).
1446 653 1531 717 hunc
1552 675 1636 718 com·

346 759 550 837 mentarium,
574 755 629 820 diu
651 763 825 840 antequam
847 754 1006 835 ederetur,
1028 754 1109 840 legit
1136 754 1356 840 Hieronymus
1378 753 1552 835 Columna,
1581 755 1636 840 qui

346 880 476 924 versum
498 855 616 922 Lucilii
646 865 723 937 209,
755 866 794 925 10
822 856 897 922 inde
923 858 1046 943 primus
1075 856 1177 920 edidit
1203 858 1235 920 in
1259 856 1344 920 Eun.
1372 855 1489 941 fragm.
1518 879 1551 942 p.
1575 865 1636 926 179

349 958 500 1044 (Neapoli
523 982 553 1023 a.
577 960 686 1043 1590).
715 980 794 1023 usus
817 968 868 1023 est
889 968 999 1023 autem
1020 955 1103 1022 libro
1125 957 1281 1023 Bobiensi
1303 966 1387 1038 tum,
1409 980 1483 1022 cum
1499 957 1636 1044 Neapoli

345 1061 380 1126 in
399 1060 598 1126 bibliotheca
619 1059 822 1126 Carbonaria
843 1060 1050 1126 servabatur:
1074 1059 1116 1124 01.
1139 1059 1225 1123 Ε11.
1248 1059 1366 1145 fragm.
1389 1082 1421 1146 p.
1439 1068 1497 1128 101
1515 1070 1547 1124 ct
1563 1067 1635 1129 234.

346 1172 516 1248 praeterea
532 1163 742 1228 Franciscum
757 1163 917 1247 Poggium
939 1162 1059 1228 librum
1080 1161 1221 1247 aliquem
1243 1161 1340 1226 Probi
1363 1161 1517 1226 habuisse
1539 1172 1635 1227 testa·

345 1275 400 1330 tur
421 1265 615 1330 Franciscus
636 1265 820 1345 Barbarus,
843 1265 899 1350 qui
921 1266 955 1328 in
978 1261 1119 1350 epistula
1140 1263 1183 1327 ad
1205 1264 1367 1349 Poggium
1389 1264 1467 1328 data
1489 1262 1634 1328 Venetiis

347 1389 375 1432 a.
393 1376 475 1436 1417
500 1367 643 1453 (Fabric.
666 1366 815 1433 biblioth.
838 1366 912 1431 Lat.
935 1366 999 1431 vol.
1016 1365 1051 1429 ΙΙ
1073 1388 1105 1450 p.
1121 1372 1183 1434 262
1207 1366 1257 1431 ed.
1273 1365 1363 1446 Ern,
1388 1365 1429 1429 A.
1446 1364 1500 1429 W.
1516 1365 1634 1453 Zumpt

346 1471 379 1533 in
403 1470 471 1534 Cic.
486 1478 575 1533 orat.
599 1491 657 1554 pro
679 1468 805 1533 Murcn.
828 1467 932 1553 praef.
955 1491 987 1554 p.
1003 1467 1142 1552 xxxvn)
1166 1469 1250 1532 inter
1272 1476 1397 1532 veteres
1421 1468 1594 1553 scriptores
1617 1490 1634 1532 a

347 1570 472 1656 Poggio
494 1581 640 1658 repertos
661 1570 804 1637 Probum
826 1571 1072 1654 grammaticum
1100 1569 1215 1649 refert,
1245 1573 1299 1633 ‘tu
1320 1568 1572 1650 Tertullianum,
1600 1580 1634 1636 tu

346 1671 495 1737 Marcum
522 1673 661 1738 Fabium
690 1670 941 1752 Quintilianum,
971 1681 1006 1736 11
1028 1671 1069 1752 Q.
1092 1671 1269 1736 Ascanium
1291 1671 1485 1751 Pedianum,
1514 1681 1551 1735 tu
1571 1671 1633 1736 Lu·

347 1776 498 1855 cretium,
528 1774 643 1839 Silium
665 1773 830 1855 Italicum,
859 1773 1100 1852 Marcellinum,
1123 1781 1160 1837 tu
1180 1772 1351 1838 Manilium
1374 1775 1633 1856 astronomicum,

346 1876 385 1941 L.
415 1877 547 1962 Septim.
577 1876 744 1941 Valerium
772 1877 942 1956 Flaccum,
975 1884 1012 1940 tu
1039 1874 1201 1962 Capram,
1235 1873 1449 1960 Eutychium,
1483 1875 1633 1957 Probum,

347 1981 589 2064 grammaticos,
618 1990 654 2044 11
681 1978 862 2065 complures
885 1977 965 2042 alios
988 1976 1236 2042 Bartholomaeo
1259 1976 1386 2061 collega
1414 1987 1468 2041 tuo
1490 1978 1632 2042 adiutore

347 2080 489 2146 velfato
511 2081 640 2146 1110101
664 2082 733 2145 vita
754 2080 899 2145 donastis
922 2079 975 2144 vel
998 2078 1104 2164 longo,
1128 2089 1164 2144 ut
1186 2080 1278 2144 aiunt
1299 2078 1497 2166 postliminio
1520 2081 1552 2144 in
1575 2081 1632 2144 La·

347 2184 426 2247 tium
450 2183 649 2249 reduxistis’.
692 2171 773 2248 illud
795 2192 903 2248 autem
925 2181 967 2246 ad
989 2203 1085 2268 quem
1107 2179 1226 2246 librum
1247 2180 1346 2245 Probi
1368 2181 1573 2247 referendum
1596 2182 1632 2246 sit

346 2287 467 2350 nescio.
510 2307 585 2351 nam
612 2285 791 2351 Bobienses
820 2293 909 2350 certe
941 2283 1041 2349 libros
1070 2284 1231 2370 Poggium
1257 2305 1322 2348 non
1349 2286 1542 2348 tractavisse
1570 2306 1632 2349 cer-

346 2397 416 2452 tum
437 2398 498 2452 est.

486 2558 520 2623 11
551 2557 613 2622 DE
635 2557 770 2623 PROBI
793 2557 943 2622 LIBRIS
965 2556 1028 2621 DE
1050 2556 1172 2622 ARTE
1195 2556 1499 2623 GRAMMATICA

431 2693 608 2779 Postquam
630 2693 729 2757 Ianus
751 2692 944 2757 Parrhasius
967 2692 1127 2757 catholica
1149 2701 1181 2756 et
1202 2693 1365 2774 instituta,
1394 2716 1478 2780 quae
1506 2694 1631 2780 quidem

346 2794 401 2860 ille
424 2795 568 2875 dixerat,
591 2793 709 2874 edidit,
732 2815 797 2859 non
819 2794 1051 2859 dubitaverunt
1073 2795 1135 2860 viri
1157 2794 1243 2859 docti
1264 2794 1464 2859 nobilissimo
1479 2817 1631 2882 gramma·

346 2897 412 2961 tice
433 2896 479 2961 M.
494 2895 625 2960 Valerio
640 2895 746 2960 Probo
762 2896 912 2982 Berytio,
935 2898 1019 2960 sicut
1041 2896 1102 2982 ipsi
1125 2895 1298 2961 Parrhasio
1321 2898 1427 2961 visum
1449 2907 1533 2978 crat,
1556 2897 1631 2962 haee

347 2998 501 3062 tribuere.
546 3008 648 3062 artem
670 3020 798 3085 quoque
819 2998 928 3080 illam,
947 3020 1030 3085 quae
1053 3007 1164 3063 nostra
1186 2998 1315 3063 demum
1338 3009 1444 3071 aetate
1466 2999 1555 3064 edita
1576 3008 1630 3080 est,

347 3100 455 3165 Probe
470 3100 629 3165 tribuerat
643 3099 845 3182 Parrhasius,
858 3103 913 3186 qui
935 3100 1016 3165 haec
1035 3102 1069 3164 in
1085 3098 1298 3185 Neapolitano
1321 3101 1431 3165 codice
1454 3102 1630 3187 adscripsit,

347 3202 433 3267 sicut
447 3200 548 3266 refert
570 3201 726 3266 Iancllius
748 3202 845 3267 catal.
870 3201 1017 3267 biblioth.
1041 3224 1124 3265 mus.
1146 3201 1288 3266 Borbon.
1312 3211 1415 3288 p.12,
1440 3203 1529 3269 ‘Hoc
1552 3226 1630 3290 opus

348 3325 419 3369 0110
435 3303 533 3369 Probi
555 3313 739 3370 0011111011
756 3305 869 3390 Sergio
884 3305 1110 3389 grammatico,
1132 3303 1243 3389 quide
1265 3305 1629 3380 nominumpdifferentiir

348 3428 448 3492 agens
471 3408 505 3470 in
528 3405 782 3488 Commentario,
806 3406 892 3493 quod
913 3407 948 3471 in
970 3406 1143 3471 editionem
1166 3405 1287 3470 Donati
1310 3406 1485 3471 secundam
1507 3409 1629 3493 scripsit

348 3509 435 3595 (430,
459 3509 529 3592 37);
561 3508 688 3590 Senior,
712 3510 833 3596 inquit,
855 3518 893 3573 ut
914 3508 1039 3572 Probus
1063 3507 1157 3587 dicit,
1186 3516 1293 3572 tamen
1315 3511 1443 3594 generis
1465 3508 1629 3575 masculini

347 3620 411 3691 011,
439 3611 499 3675 hoc
529 3620 636 3675 autem
663 3610 783 3693 legitur
811 3611 870 3676 hoc
898 3609 1008 3674 libello
1030 3632 1105 3695 pag.
1129 3617 1166 3679 9’
1192 3609 1260 3695 (61,
1284 3611 1330 3695 3).
1374 3610 1432 3675 sed
1454 3612 1628 3675 accuratius

346 3714 442 3776 huius
464 3711 668 3795 grammatici
690 3713 814 3777 ratione
836 3721 1007 3798 perspecta
1028 3734 1102 3776 cunr
1124 3711 1183 3776 hos
1200 3712 1315 3793 libros,
1338 3712 1450 3798 quales
1473 3734 1558 3775 nunc
1581 3710 1628 3776 ha

347 3814 477 3894 bernus,
500 3837 563 3879 non
586 3815 731 3899 potuisse
753 3812 866 3877 abillo
883 3814 981 3878 scribi
1003 3813 1203 3878 intellectum
1226 3825 1325 3894 esset,
1349 3813 1430 3878 duos
1453 3822 1628 3877 statuerunt

244 3938 247 3942 ’
347 3914 450 3980 fuisse
478 3914 624 3979 eiusdem
645 3915 784 3978 nominis
812 3915 1053 3997 grammaticos,
1089 3937 1226 4001 quorum
1255 3915 1392 3980 alterum
1420 3915 1590 4000 Berytium
1617 3939 1627 3979 1

347 4015 483 4081 Neronis
505 4016 574 4081 1010
589 4025 694 4081 aetate
709 4015 752 4079 ad
768 4015 946 4079 Domitiani
967 4015 1138 4100 imperium
1160 4017 1261 4080 vitam
1282 4017 1476 4101 produxisse
1498 4027 1627 4096 constat

347 4117 484 4182 alterum
505 4129 623 4204 quarte
645 4127 719 4204 post
740 4115 906 4181 Christum
928 4126 1039 4180 natum
1062 4116 1191 4182 saeculo
1213 4120 1336 4182 vixisse
1358 4117 1541 4183 voluerunt.
1583 4140 1627 4183 00

346 4221 437 4306 piosa
458 4221 499 4286 de
521 4221 645 4284 iuniore
666 4219 722 4285 illo
738 4218 860 4299 Probo,
883 4240 978 4305 quem
1001 4217 1127 4300 dicunt,
1150 4222 1273 4306 primus
1288 4221 1469 4306 disputavit
1484 4218 1627 4285 Osannur

347 4324 484 4408 symbol.
501 4321 598 4387 litter.
615 4323 677 4389 vol.
695 4323 730 4388 ΙΙ
745 4345 777 4409 p.
796 4329 855 4391 166
872 4343 943 4407 sqq.
982 4331 1057 4407 post
1079 4321 1164 4387 hunc
1188 4322 1361 4387 Lerschius
1384 4322 1511 4408 ephem.
1534 4325 1625 4410 antiq

347 4447 376 4490 a.
401 4432 483 4495 1843
505 4448 537 4490 1.
561 4431 601 4493 79
623 4436 656 4490 01
678 4431 717 4493 80
740 4426 786 4488 ita
807 4432 979 4509 utrumque
1002 4423 1165 4505 distinxit,
1194 4435 1231 4488 ut
1253 4434 1395 4489 veterem
1416 4423 1509 4488 illurn
1531 4447 1626 4510 gram

346 4529 501 4592 maticum
522 4525 734 4611 scriptoribus
758 4525 892 4590 edendis
908 4536 940 4589 et
955 4525 1147 4590 adnotandis
1162 4547 1294 4611 operam
1310 4525 1454 4607 dedisse,
1477 4527 1626 4590 iunioren

347 4630 408 4693 arti
431 4628 621 4694 scribendae
642 4629 802 4692 intentum
824 4628 927 4692 111110
949 4626 1080 4691 (1100101.
1110 4636 1143 4690 01
1163 4628 1239 4692 huic
1261 4627 1392 4714 quidem
1413 4628 1516 4692 solam
1532 4639 1626 4692 arten

347 4739 380 4794 et
407 4740 561 4816 excerpta
589 4731 628 4795 de
656 4733 785 4795 nomine
813 4729 921 4794 danda
948 4728 1163 4808 existimavit,
1196 4729 1321 4815 reliqua
1342 4752 1363 4793 a
1384 4729 1483 4794 Probi
1505 4731 1626 4795 nemin<

347 4834 475 4898 omnino
512 4832 618 4898 aliena
650 4854 722 4897 esse
747 4830 866 4919 soluit.
909 4829 1023 4894 horum
1064 4829 1256 4893 sententiam
1293 4829 1427 4915 reliqui,
1470 4832 1525 4917 qui
1560 4852 1626 4918 poss
