3314 5506
225 392 283 456 118
809 390 920 451 PROBl

272 523 292 563 p.
310 509 430 551 moult.
489 530 492 535 <
1289 518 1312 560 p.
1325 504 1458 548 mdiv.

305 581 347 641 lte
365 577 370 660 l
390 579 514 640 ablativo
535 597 604 641 rasu
626 579 741 639 numeri
756 576 920 656 singularis,
942 578 990 656 qui
1012 595 1027 637 s
1044 577 1139 638 littera
1158 578 1345 649 terminatur,
1367 587 1505 658 quantum

221 683 296 744 ratio
319 680 468 761 poscebat,
492 680 689 742 tractavimus.
783 701 789 710 ·
1264 673 1269 682 '

245 796 247 801 ·
306 783 391 845 Nunc
408 789 477 844 sunt
498 781 594 862 aliqua
615 783 733 843 nomina
755 783 874 860 generis
895 780 1058 850 masculini,
1081 799 1156 860 quae
1179 783 1376 843 numeri—sint
1397 788 1506 845 motum

220 884 387 963 singularia,
410 892 533 963 utputa
556 885 701 946 Saturum
724 892 753 946 et
773 893 872 946 cetera
894 882 976 944 talia:
999 882 1051 944 sed
1073 883 1312 953 memoremus
1336 884 1418 962 quod
1438 884 1508 946 haee

195 1007 279 1053 snou
302 1006 337 1048 eo
360 987 444 1067 plura
470 1004 534 1048 esse
554 989 751 1065 reperiantur.
766 982 780 1069 ΙΙ
795 988 864 1047 item
890 986 1008 1063 generis
1031 985 1178 1056 seminini,
1206 992 1240 1046 ut
1266 992 1336 1063 puta
1362 986 1461 1048 Venus
1481 994 1510 1049 et

222 1097 319 1152 cetera
339 1089 421 1151 talia:
444 1106 524 1149 nune
541 1088 599 1150 hoc
620 1106 783 1158 monemus,
802 1088 881 1170 qnod
903 1088 977 1168 haee
997 1105 1056 1148 non
1073 1105 1108 1149 eo
1125 1087 1251 1166 plurima
1275 1103 1340 1149 esse
1359 1091 1509 1168 reperian-

221 1198 278 1252 tur.
323 1193 392 1253 item
414 1198 482 1252 sunt
510 1193 627 1269 generis
649 1191 761 1261 neutri,
787 1196 819 1250 ut
841 1196 909 1268 puta
933 1190 989 1250 hoc
1011 1206 1115 1250 aurum
1140 1196 1170 1250 et
1194 1195 1292 1250 cetera
1315 1186 1401 1251 talia:
1434 1174 1510 1253 nune

222 1293 280 1354 lvoe
302 1311 471 1362 monemus,
509 1293 588 1373 quod
611 1293 684 1354 lvaec
715 1310 774 1352 uon
799 1310 835 1353 eo
857 1291 981 1369 plurima
1011 1309 1076 1352 esse
1103 1293 1299 1371 reperiantur.
1345 1294 1416 1353 item
1444 1300 1510 1353 suot

222 1396 341 1456 nomina
368 1396 486 1474 generis
507 1394 674 1463 masculini,
697 1412 773 1474 quae
791 1395 906 1455 numeri
927 1395 985 1455 siut
1002 1399 1114 1455 tautum
1137 1392 1275 1471 pluralis,
1306 1401 1431 1472 utputa
1448 1393 1509 1456 Cir·

185 1512 325 1560 recenses
348 1504 376 1558 et
397 1505 496 1558 cetera
522 1497 606 1558 talia:
640 1497 692 1557 sevl
719 1496 775 1556 lroe
801 1513 969 1566 monemus,
997 1495 1077 1576 quod
1104 1495 1178 1556 haec
1205 1497 1281 1556 iutra
1309 1497 1430 1575 triginta
1452 1502 1509 1560 tres

222 1615 319 1666 sonos,
338 1598 396 1658 hoc
413 1609 458 1660 est
474 1600 593 1676 triginta
611 1600 666 1659 tria
683 1598 810 1667 nomina,
833 1616 898 1659 esse
915 1599 1111 1675 reperiantur.
1145 1599 1214 1657 item
1235 1599 1353 1675 generis
1370 1597 1508 1670 feminini,

222 1709 254 1761 ut
276 1706 346 1779 puta
366 1698 514 1762 Kalendae
549 1707 579 1761 et
601 1709 707 1761 cetera.
725 1699 808 1760 talia:
842 1700 894 1761 sed
927 1700 984 1760 hoc
1016 1716 1186 1768 munemne,
1218 1698 1299 1779 quod
1328 1698 1403 1761 haee
1435 1702 1509 1762 intra

221 1804 405 1882 septuaginta
427 1803 503 1863 (loos
521 1821 619 1871 sonos,
643 1802 700 1862 hoc
724 1810 767 1862 est
788 1803 972 1880 septuaginta
995 1800 1054 1862 duo
1076 1802 1204 1870 nomina,
1225 1819 1290 1862 esse
1312 1803 1508 1881 reperiantur.

222 1907 290 1965 itero
310 1907 427 1983 generis
448 1907 554 1975 neutri,
577 1912 608 1966 ut
629 1912 698 1984 puta
718 1922 799 1964 arma
824 1911 852 1964 et
873 1912 970 1963 cetera
992 1902 1076 1963 talia:
1098 1903 1150 1963 seo
1173 1903 1230 1962 hoe
1245 1920 1411 1973 monemus,
1434 1904 1509 1984 quot

185 2031 208 2070 rs
222 2007 296 2068 haec
318 2008 395 2068 intra
416 2014 534 2068 cantum
559 2007 657 2085 viginti
680 2006 754 2066 duos
774 2023 872 2074 sonos,
894 2004 951 2065 hoc
973 2011 1017 2065 est
1038 2013 1157 2066 centum
1180 2005 1360 2085 vigintiduo
1381 2008 1508 2074 nomina,

222 2127 287 2170 esse
305 2110 500 2188 reperiantur.
545 2110 613 2169 item
637 2114 705 2169 suut
726 2109 844 2167 nomina
872 2109 988 2185 generis
1009 2109 1120 2175 neutri,
1150 2125 1225 2185 quiae
1247 2109 1276 2167 in
1298 2124 1426 2171 numero
1447 2107 1509 2187 pln-

222 2209 277 2271 rali
300 2213 417 2290 triptota
439 2229 504 2271 esse
525 2212 725 2288 reperiantur,
756 2216 788 2270 ut
809 2216 879 2288 puta
901 2208 987 2269 mella
1010 2216 1039 2270 et
1058 2215 1156 2271 cetera
1179 2209 1261 2287 talia:
1296 2209 1347 2271 sed
1370 2210 1429 2272 hoo
1449 2229 1509 2271 mo·

222 2330 342 2383 nemus,
377 2312 455 2394 quod
485 2311 558 2372 haec
591 2314 667 2372 intra
696 2313 812 2389 triginta
835 2318 895 2371 tres
923 2328 1026 2380 sonos,
1060 2311 1117 2370 hoc
1145 2320 1189 2372 est
1215 2313 1291 2373 intra
1315 2312 1437 2390 triginta
1456 2315 1508 2374 tria

221 2414 354 2482 nomina,
387 2433 450 2476 esse
472 2414 669 2493 reperiantur.
715 2420 784 2474 sunt
812 2414 929 2473 nomina
952 2421 1139 2492 monoptota,
1172 2413 1229 2473 lroc
1251 2420 1296 2474 est
1321 2432 1399 2494 quae
1420 2433 1509 2476 unum

183 2538 209 2578 ro
223 2534 323 2576 casum
342 2522 454 2576 tautum
478 2514 644 2585 exhibeant,
667 2523 698 2576 ut
720 2524 789 2595 puta
809 2514 964 2576 ablativum
987 2522 1091 2593 sponte
1113 2522 1142 2576 et
1161 2523 1259 2577 cetera
1277 2513 1359 2576 talia:
1381 2516 1435 2577 secl
1456 2516 1510 2576 lroo

189 2670 192 2675 .
221 2635 384 2687 menenius,
406 2618 485 2696 quod
507 2617 581 2678 lraee
602 2636 660 2679 non
682 2637 717 2677 eo
734 2617 820 2697 plura
843 2635 906 2678 esse
927 2619 1121 2695 reperiantur.
1166 2623 1238 2678 sunt*
1257 2619 1376 2679 nomina
1399 2624 1508 2698 aptota,

221 2718 278 2779 hoc
301 2728 346 2780 est
366 2738 440 2798 quae
463 2737 516 2798 per
540 2738 643 2781 omues
665 2736 751 2780 casus
773 2737 833 2779 uno
856 2736 930 2779 sono
959 2717 1158 2788 declinentur,
1187 2728 1220 2780 ut
1241 2728 1311 2798 puta
1333 2718 1462 2782 Celaeno
1482 2728 1510 2781 et

221 2827 319 2882 cetera
342 2820 424 2882 talia:
448 2822 499 2882 sed
522 2822 578 2882 troc
599 2839 767 2889 monemus,
791 2820 869 2899 quod
888 2821 961 2882 haec
983 2838 1043 2880 non
1066 2838 1101 2881 eo
1123 2820 1206 2900 plura
1227 2840 1292 2884 esse
1312 2823 1508 2901 reperiantur.

305 2923 525 2993 Semnonum,
549 2942 624 3003 quae
645 2943 680 2985 ex
703 2941 760 2984 una
783 2923 881 2983 littera
902 2920 1121 3002 intelleguntur,
1144 2932 1177 2985 ut
1193 2930 1262 3002 puta
1279 2923 1327 2993 ll,
1350 2932 1380 2985 et
1401 2924 1509 3003 signill-

183 3034 270 3086 ucat
289 3025 420 3094 Marcum
455 3032 524 3085 sunt
549 3043 624 3104 quae
652 3006 780 3094 duabus,
812 3035 844 3086 ut
866 3033 941 3102 preto
963 3026 1035 3095 Gn,
1059 3034 1088 3086 et
1109 3027 1254 3102 significat
1275 3024 1409 3095 Gnaeus:
1442 3034 1511 3088 snut

220 3145 295 3207 quae
317 3126 421 3195 tribus,
445 3135 476 3188 ut
496 3135 564 3207 puta
586 3127 663 3212 Sex,
686 3136 715 3188 et
738 3129 882 3207 significat
897 3128 1018 3196 Sextum
1042 3134 1112 3187 sunt
1130 3146 1206 3208 quiae
1221 3135 1372 3208 quattuor,
1392 3135 1426 3191 ut
1441 3135 1511 3208 puta

197 3230 310 3307 'reip.,
344 3236 373 3290 et
394 3231 538 3308 significat
559 3232 604 3290 rei
625 3229 774 3310 publicam
808 3236 876 3295 sunt
905 3247 980 3309 quae
1002 3231 1145 3308 quinque,
1179 3239 1212 3290 ut
1231 3237 1301 3310 puta
1323 3229 1394 3292 trib.
1412 3248 1459 3311 p.,
1482 3238 1512 3292 et

220 3332 364 3409 significat
386 3332 524 3394 tribunus
545 3333 648 3412 plebis.
666 3329 680 3418 ll

305 3434 381 3495 Stvnt
406 3439 541 3507 nomina,
571 3455 646 3514 quae
676 3438 703 3495 in
727 3452 852 3496 ovrmero
879 3434 1021 3512 singulari
1047 3435 1104 3494 sint
1134 3435 1251 3512 generis
1278 3433 1448 3505 masculini,
1477 3442 1510 3496 ut

182 3543 290 3614 utputa
320 3537 533 3607 numurus,
570 3540 599 3599 in
623 3555 747 3599 numero
774 3556 843 3599 rero
868 3535 975 3614 plurali
1002 3536 1118 3614 generis
1148 3538 1260 3604 neutri,
1296 3544 1418 3618 utputa
1439 3536 1512 3599 haee

219 3646 328 3699 tartara
351 3647 380 3700 et
399 3647 496 3701 cetera
518 3639 596 3700 talia.
642 3646 711 3700 sum
734 3640 851 3699 nomina
870 3640 987 3715 generis
1005 3639 1118 3706 neutri,
1140 3657 1215 3718 quae
1237 3647 1350 3699 etcum
1376 3638 1440 3702 aliis
1461 3642 1533 3718 ges

219 3740 340 3802 neribus
370 3742 532 3820 iunguntur
566 3751 594 3802 et
622 3751 718 3803 tamen
744 3742 802 3800 vim
831 3759 914 3801 suam
948 3742 1132 3809 contineant,
1164 3749 1196 3800 ut
1228 3750 1297 3820 puta
1331 3749 1510 3819 portentum.

220 3840 328 3902 dieitur
353 3845 432 3903 enirn
454 3849 623 3921 portentum
652 3844 755 3910 homo,
788 3842 845 3901 hoc
863 3850 907 3902 est
931 3850 962 3902 ut
984 3844 1022 3901 sit
1048 3843 1137 3903 homo
1167 3845 1285 3922 generis
1306 3842 1462 3907 masculini
1484 3849 1509 3905 et

220 3926 387 4022 portentum
408 3946 525 4024 generis
547 3946 653 4005 neutri.

181 4057 207 4097 ³³
305 4046 380 4107 Sunt
402 4048 533 4115 nomina,
560 4065 636 4127 quae
664 4045 842 4106 nominativo
865 4046 908 4106 vel
934 4047 1063 4106 vocativo
1086 4064 1155 4108 casu
1184 4050 1300 4108 numeri
1321 4046 1507 4127 singularior

220 4147 353 4209 ultimum
377 4150 449 4209 etin
469 4147 623 4209 slitteram
648 4154 828 4218 convertant,
850 4155 883 4208 ut
904 4155 974 4226 puta
995 4148 1076 4209 color
1094 4157 1123 4210 et
1143 4148 1223 4209 colos
1245 4155 1275 4210 et
1289 4157 1390 4211 cetera
1410 4147 1416 4230 Ι
1434 4148 1505 4212 talia.

220 4251 290 4311 item
317 4257 385 4311 sunt
411 4253 544 4319 nomina,
576 4269 652 4332 quae
674 4268 691 4311 o
712 4249 838 4311 litteram
868 4259 896 4310 et
919 4252 946 4310 in
971 4270 1007 4311 au
1035 4251 1147 4313 litteras
1174 4258 1361 4322 convertant,
1388 4258 1423 4314 ut
1443 4259 1505 4331 puta

219 4352 296 4414 lotus
319 4359 348 4414 et
367 4352 463 4415 lautus
487 4362 517 4415 et
539 4361 636 4415 cetera
658 4352 734 4414 talia.
771 4354 840 4412 item
863 4360 932 4413 sunt
951 4355 1078 4422 nomina,
1103 4372 1179 4433 quae
1202 4353 1332 4431 plerosin
1353 4355 1505 4433 patiantur,

219 4438 339 4517 horest
360 4473 435 4536 quae
458 4475 474 4517 e
496 4454 591 4518 littera
618 4454 682 4535 plum
707 4454 890 4523 scribantur,
919 4462 951 4514 ut
971 4462 1039 4534 puta
1052 4450 1152 4517 'limen
1176 4463 1205 4517 et
1227 4455 1334 4518 leimen
1364 4464 1394 4519 et
1415 4463 1506 4519 cetera

287 4661 304 4713 e
322 4675 454 4712 cereeusea
472 4662 494 4712 Β
598 4662 632 4712 22
652 4661 755 4712 eaeleuo
773 4660 796 4710 li
815 4659 934 4710 eaelaeno
950 4661 976 4712 B
1080 4661 1112 4713 23
1131 4660 1195 4711 haee
1213 4677 1263 4711 non
1282 4661 1308 4712 B
1325 4660 1391 4713 haee
1409 4664 1508 4714 uomina

218 4731 310 4782 nouR
415 4731 447 4781 25
467 4739 494 4780 ut
508 4738 570 4796 puta
589 4746 633 4780 our.
655 4733 694 4783 lia
779 4746 860 4797 gneus
877 4731 927 4781 RB
960 4765 965 4775 ·
1013 4731 1046 4783 32
1066 4741 1191 4783 ettamen
1211 4733 1362 4783 liettamen
1382 4733 1408 4784 B
1477 4733 1508 4787 ³8

218 4802 330 4868 pleroain
349 4817 364 4849 r
387 4800 496 4866 plerosis
514 4801 646 4865 arlsrripta
670 4805 694 4852 iu
712 4803 823 4866 murpine
842 4805 1052 4865 interpretatione
1072 4802 1164 4852 Latino
1190 4802 1375 4866 plenitudinem
1394 4802 1417 4854 u
1441 4801 1507 4868 pleu—

219 4874 283 4922 resis
302 4887 371 4922 corr.
392 4872 500 4937 plerosie
520 4870 545 4920 B
