3314 5506
218 376 280 438 518
783 369 935 454 [stituit]

271 478 287 518 r.
301 478 340 519 aa·
353 478 401 520 sou.
416 478 468 519 usa.
1296 491 1318 533 p.
1330 479 1371 523 etz
1382 479 1428 523 tat

219 557 283 618 loro
305 560 369 619 sto’
392 567 422 618 et
443 560 492 618 ‘iu
515 557 580 618 loro
602 556 719 630 sedeo’,
740 557 792 639 qui
813 558 886 621 dicit
906 565 952 621 sto
975 564 1005 619 et
1024 557 1130 629 sedeo,
1154 560 1387 639 permansionem
1402 559 1463 639 r'gn'a

219 660 299 728 licat;
322 658 389 720 ideo
412 658 538 720 ablativo
561 660 690 738 iungitur
711 659 757 719 in:
780 661 831 740 qui
852 658 924 720 dicit
945 661 994 721 ‘in
1015 659 1113 722 lorum
1136 665 1200 731 eo',
1224 661 1269 721 ‘in
1283 660 1375 722 iorum
1388 661 1464 737 rerio',

219 762 469 839 permutationem
491 761 637 840 signifieat
658 759 696 821 de
717 757 783 821 looo
805 759 841 823 ad
862 759 977 831 houm:
999 759 1067 823 ldeo
1089 762 1254 823 accusativo
1275 768 1354 824 reete
1370 763 1466 841 iunpltu

219 864 251 924 in
273 864 463 942 praepositio.
494 863 546 924 sed
568 863 706 943 quonlam
728 870 798 923 sunt
812 861 908 944 aliqua
929 861 1034 934 rerba,
1056 881 1132 944 quae
1154 861 1265 925 hahent
1285 861 1466 933 ‹lubintionm

180 983 194 1024 s
221 965 298 1024 scire
326 962 416 1025 debas
444 964 522 1046 quod
550 962 726 1044 plerumque
754 981 843 1025 sensu
871 965 1050 1027 discernitur
1076 965 1132 1027 ista
1153 965 1395 1045 praepositionum
1411 980 1466 1025 oon·

221 1068 336 1135 munio,
360 1072 483 1145 utputa
506 1065 579 1129 rado
601 1064 721 1129 ambulo
744 1083 847 1128 curro:
880 1082 1038 1146 possumus
1066 1069 1146 1129 enim
1168 1067 1270 1129 dioere
1289 1074 1320 1128 et
1338 1067 1384 1128 ‘in
1400 1065 1467 1128 lornn

220 1173 327 1229 onrro’
355 1175 385 1228 et
412 1169 461 1228 ‘in
483 1168 549 1228 loro
578 1166 752 1237 ororo','et
768 1169 820 1229 ‘iu
837 1167 942 1242 smum
965 1169 1099 1230 amdmo’
1120 1175 1151 1230 et
1170 1172 1202 1229 ia
1219 1169 1293 1244 soro
1312 1166 1469 1236 ambulatet

220 1269 269 1330 ‘in
297 1268 424 1349 plateam
452 1268 543 1331 oado'
572 1278 602 1330 et
622 1271 672 1331 ‘in
694 1268 791 1349 platea
813 1269 915 1331 oado’.
957 1286 1031 1349 ergo
1056 1287 1145 1332 seusu
1167 1269 1385 1341 discernuntur,
1402 1267 1470 1339 utri

220 1373 252 1432 in
279 1370 345 1433 loro
373 1373 486 1451 positus
513 1369 646 1433 ambules
673 1378 725 1433 aut
751 1387 870 1444 oneras,
900 1369 1027 1433 ablativo
1048 1372 1155 1441 marim
1183 1373 1209 1432 si
1230 1370 1269 1433 de
1290 1369 1346 1433 alio
1366 1369 1419 1433 loon
1434 1365 1468 1429 illo

184 1471 341 1545 toleraris,
369 1474 544 1535 accusativo.
588 1473 692 1535 Cicero
724 1472 796 1535 dieit
826 1471 1100 1535 ‘includuntur
1130 1474 1169 1534 in
1196 1488 1385 1536 cernerem
1410 1484 1470 1532 eon·

222 1573 420 1636 demnati’:
454 1585 537 1635 reete
566 1573 650 1646 dieit;
679 1572 824 1654 significat
850 1575 930 1636 enlm
957 1592 1009 1636 eos
1031 1573 1074 1654 *do
1103 1593 1139 1636 eo
1164 1572 1249 1646 loeo,
1270 1575 1302 1635 in
1323 1592 1378 1655 qno
1394 1574 1471 1636 lutat

223 1675 360 1748 sedebat,
384 1676 420 1737 ad
443 1693 595 1738 carcerem
618 1676 686 1738 duni
713 1674 916 1739 includendos.
961 1676 1028 1738 ideo
1056 1694 1192 1747 rursum,
1221 1675 1272 1738 ubl
1299 1677 1357 1738 iarn
1380 1673 1416 1735 tlt
1436 1671 1473 1732 luit

222 1776 353 1839 inolusus
375 1778 496 1851 Gavius,
520 1787 600 1839 recte
623 1779 664 1839 ait
685 1776 836 1839 ‘inclusus
857 1779 889 1838 in
910 1782 1059 1839 earcere’.
1095 1796 1186 1858 super
1208 1787 1239 1839 et
1259 1770 1329 1850 sub}
1349 1776 1472 1838 arnono

223 1879 347 1960 placuit,
376 1882 471 1959 magis
498 1882 554 1941 lam
583 1881 739 1942 accusativi
768 1887 837 1941 sunt
870 1898 958 1960 mam
992 1897 1173 1942 communes.
1219 1877 1311 1941 hahes
1344 1874 1473 1957 exemplum

187 1991 212 2034 ¹⁵
226 1982 344 2052 Donati,
367 1984 418 2063 qui
440 1981 526 2054 dixit,
550 1984 687 2063 quotiem
708 1980 841 2043 localiter
862 1982 1042 2061 significant,
1066 1983 1231 2044 aoousativo
1253 1997 1318 2043 esse
1338 1977 1473 2059 iungenda.

225 2102 280 2145 neo
308 2094 462 2146 auctorum
491 2083 577 2145 nobis
606 2081 740 2164 exempla
764 2082 900 2144 oberunt.
945 2101 1014 2145 nam
1036 2092 1151 2146 veteres
1174 2082 1255 2145 nullo
1276 2077 1475 2144 discriminali

224 2183 396 2256 utebantur,
419 2193 452 2246 ut
473 2185 618 2265 Vergilius
645 2186 864 2267 ‘rapuitque
890 2186 927 2246 in
954 2182 1085 2248 fomite
1114 2184 1336 2254 ilammam’;
1357 2178 1476 2245 madal

226 2289 274 2348 ‘ln
296 2286 459 2359 tomitem’,
486 2306 553 2349 cum
576 2289 674 2367 rapuit
694 2283 951 2370 permutaltionem
981 2287 1017 2350 de
1040 2305 1073 2349 re
1094 2287 1131 2349 ad
1153 2305 1217 2348 rem
1240 2286 1386 2367 siguilioet
1421 2279 1475 2344 idon

224 2391 256 2449 io
283 2407 342 2450 uuo
371 2388 462 2450 verbo
490 2408 588 2451 casum
620 2390 755 2460 variavit,
789 2387 986 2451 ‘conditus
1007 2392 1044 2451 in
1066 2389 1219 2452 nubem’
1243 2396 1273 2451 et
1294 2393 1394 2449 ‘nota
1412 2398 1476 2445 eon·

188 2492 363 2552 ²⁰dnntur
390 2493 427 2551 in
456 2490 565 2562 alvo',
594 2491 762 2571 ‘gemina
789 2475 904 2572 super
932 2489 1068 2553 arbore
1089 2491 1234 2552 sidunt'
1257 2499 1287 2552 et
1307 2496 1476 2551 ‘saevust-

227 2593 321 2654 deus
343 2612 456 2673 super
478 2598 604 2655 arma’.
626 2591 805 2675 loquellares
825 2593 1060 2674 praepositiones
1074 2609 1192 2672 semper
1215 2590 1373 2654 cohaerent
1384 2605 1429 2651 nee
1439 2583 1475 2646 all·

226 2694 297 2776 quid
319 2695 417 2756 valent
440 2694 520 2757 solae
542 2696 670 2774 positae,
694 2693 747 2757 sed
769 2695 892 2773 liguram
916 2695 1027 2756 iaciunt
1048 2696 1236 2765 coniunctae,
1259 2702 1292 2756 ut
1313 2707 1432 2774 eonpouo
1448 2685 1478 2749 d-

228 2796 304 2858 duoo
326 2796 462 2876 disiunge
485 2815 591 2859 rerooo
613 2815 719 2877 separo
742 2794 859 2858 ambulo
882 2795 991 2858 ambio.

685 2982 733 3045 DE
754 2981 1055 3045 INTERIECTIONE.

188 3126 214 3167 ²⁵
313 3120 482 3183 interiectio
511 3127 556 3179 est
586 3138 634 3180 res
655 3138 730 3200 quaa
753 3121 861 3180 mentis
883 3118 1045 3190 adiectum,
1069 3119 1120 3180 sed
1145 3137 1215 3180 voce
1236 3119 1394 3188 incondita,
1413 3113 1480 3191 algt'r

227 3224 308 3293 licat,
337 3221 387 3284 ubi
416 3241 469 3283 vox
497 3239 556 3281 non
585 3228 630 3282 est
658 3223 715 3281 nisi
737 3240 772 3281 ex
794 3223 858 3300 ipso
881 3220 1008 3282 adiectu.
1053 3220 1227 3301 plerumque
1251 3231 1349 3282 tamen
1370 3214 1485 3291 manarit

231 3333 262 3386 ut
284 3332 313 3386 et
335 3342 390 3384 vox
412 3324 526 3402 integra
550 3331 579 3384 et
600 3341 675 3403 quae
698 3322 783 3384 aliam
806 3329 919 3403 partem
935 3324 1076 3384 orationis
1090 3321 1198 3385 efficiat
1219 3323 1381 3384 interieedo
1400 3321 1483 3396 stupro

230 3444 333 3497 sensu,
358 3434 390 3487 ut
411 3447 429 3486 o
451 3444 506 3506 pro
535 3424 626 3486 nefas.
670 3423 726 3485 hae
753 3425 975 3486 interiectiones
1002 3432 1085 3496 suut,
1113 3425 1250 3504 quotiens
1279 3442 1345 3486 cum
1371 3420 1486 3485 exulant·

229 3531 309 3590 tione
330 3527 368 3589 ab
390 3528 465 3588 irato
487 3526 690 3607 proferuntur.

799 3629 1000 3641 ——--——.-

191 3770 217 3811 ³0
581 3734 585 3742 ’
633 3762 646 3846 p
669 3763 907 3825 nxrmulrto
929 3762 1123 3830 murnum.

315 3902 426 3962 Littera
449 3901 526 3962 dieta
550 3909 595 3963 est
609 3900 693 3980 quasi
715 3896 851 3978 legitera,
875 3916 910 3959 eo
932 3899 1012 3979 quod
1034 3900 1091 3960 iter
1112 3897 1279 3976 legentibus
1300 3897 1441 3980 praebeat,
1459 3888 1491 3951 tol

299 4104 394 4157 doado
415 4106 515 4157 ambulo
533 4120 606 4156 curro
620 4112 646 4156 ot
662 4105 688 4153 in
706 4103 788 4154 lorum
805 4103 906 4153 ambulo
922 4111 948 4153 et
965 4104 990 4153 in
1009 4102 1065 4153 loro
1083 4111 1108 4153 et
1124 4103 1149 4153 in
1168 4103 1279 4169 plateam
1297 4098 1362 4154 eodo
1377 4112 1400 4154 et
1416 4102 1439 4150 ie
1453 4096 1492 4165 plt-

231 4182 271 4222 tea
288 4175 351 4223 cado
371 4175 392 4226 S
407 4177 470 4225 rado
489 4175 590 4226 ambulo
609 4189 683 4225 curro
701 4182 726 4223 et
745 4175 771 4222 in
789 4171 873 4223 lorum
894 4189 967 4224 curro
986 4181 1010 4224 et
1027 4173 1111 4223 lorum
1129 4172 1231 4223 ambulo
1247 4183 1272 4224 et
1286 4174 1313 4223 in
1331 4173 1431 4240 plateam
1447 4166 1493 4218 oudo

232 4243 256 4291 F
323 4245 337 4292 7
354 4259 427 4293 curro
447 4273 479 4282 —
499 4246 554 4295 loro
572 4260 617 4298 orn.
636 4245 660 4293 L
731 4243 763 4294 10
781 4251 806 4292 et
824 4244 906 4294 cicero
926 4243 987 4293 dicit
999 4244 1024 4293 F
1039 4260 1064 4306 q.
1085 4244 1167 4293 oirero
1182 4243 1249 4294 dixit
1269 4245 1303 4296 S.-
1324 4244 1374 4294 tte.
1392 4244 1415 4291 ln
1433 4241 1493 4290 Vsa.

231 4320 281 4364 act.
295 4329 345 4363 reo.
365 4314 443 4375 1145,
458 4315 507 4365 117
580 4314 610 4365 ll
631 4316 657 4364 in
675 4327 725 4376 qno
745 4312 825 4362 terrea
838 4313 944 4363 sedebat
960 4313 984 4361 L
1006 4315 1032 4361 ln
1050 4328 1099 4375 quo
1119 4327 1179 4362 nera
1199 4314 1323 4364 sedebant
1340 4313 1365 4363 F
1377 4313 1402 4362 in
1423 4310 1494 4374 quito

231 4397 272 4432 res
290 4382 431 4433 sedebatS
501 4384 533 4433 12
552 4385 594 4433 ubi
610 4387 662 4434 lam
678 4383 795 4433 inolndna
808 4383 834 4431 F
902 4382 933 4435 13
947 4383 1023 4448 gaius
1041 4382 1065 4430 L
1082 4383 1188 4448 mulus
1204 4382 1230 4430 F
1243 4385 1342 4450 gratius
1358 4384 1394 4435 S.-
1413 4381 1445 4445 es.
1457 4378 1495 4428 (it

231 4454 256 4502 a'u
277 4456 354 4504 Verr.
369 4461 420 4502 oot.
440 4469 490 4503 seo.
509 4454 568 4508 Vr,
589 4454 620 4504 ol
637 4469 693 4519 app.
768 4453 799 4502 17
818 4449 964 4520 rapuitque]
985 4453 1065 4518 Verp.
1082 4452 1147 4502 Aea.
1167 4452 1242 4504 1176
1333 4452 1364 4504 tt
1377 4452 1448 4501 verbo
1461 4463 1495 4497 ott

232 4525 264 4584 L,
283 4524 345 4576 add.
365 4523 408 4574 FS
476 4524 592 4573 oonditna
610 4539 679 4577 corr.
695 4522 812 4574 conditur
831 4523 874 4572 L:
898 4524 977 4587 Vera.
992 4537 1080 4588 peorp.
1100 4525 1177 4573 1442
1263 4530 1324 4573 nota
1340 4521 1383 4573 FS
1397 4530 1451 4572 nata
1464 4515 1496 4566 L:

236 4595 314 4660 Vero.
334 4593 399 4647 Aen.
420 4593 441 4642 ll
459 4593 508 4643 401
579 4593 613 4642 20
631 4590 746 4660 genuina]
769 4594 847 4658 Verp.
867 4591 932 4644 Aea.
953 4591 1054 4643 V1203
1125 4593 1215 4643 sedent
1235 4593 1260 4643 F
1326 4587 1411 4659 saeva]
1434 4591 1495 4652 Vtra.

232 4661 297 4716 Aen.
319 4665 328 4713 l
347 4664 398 4714 295
479 4664 512 4712 at
531 4677 564 4711 na
583 4677 780 4714 rursurnorroue
797 4661 1020 4713 FGommentatns
1038 4662 1220 4712 interieotionis
1241 4662 1275 4716 L.
1291 4662 1413 4713 ὤνησαι
1428 4660 1456 4711 al
1470 4658 1498 4708 ἢ

233 4749 297 4796 quoe
314 4736 339 4783 in
359 4732 409 4782 Μ’
422 4734 455 4783 de
472 4733 641 4783 interiectione
658 4735 755 4796 scripta
771 4739 829 4784 suat
844 4740 979 4783 mactatum
997 4748 1032 4783 ea:
1051 4732 1163 4795 Pompeii
1186 4732 1251 4783 ttdro
1273 4735 1377 4795 petitam
1401 4727 1499 4781 totels

300 4803 335 4853 29
353 4802 515 4868 proieruutur
529 4817 597 4851 ruur
613 4817 745 4852 ratramne
764 4810 942 4853 commentatus
957 4818 989 4852 nn
1005 4817 1068 4853 ooro
1086 4816 1173 4853 aranu
1192 4816 1298 4853 runem:
1318 4814 1468 4853 oraturam
1482 4796 1499 4847 t

305 4872 339 4922 30
356 4872 509 4937 Explanntio
528 4872 626 4923 litterae
644 4874 687 4922 ind
706 4872 739 4936 L,
757 4875 783 4922 a'n
801 4888 850 4939 qno
866 4875 1008 4923 reoeatr'ore
1021 4886 1094 4922 mauu
1110 4875 1312 4939 superscripta·
1329 4880 1368 4924 eat
1384 4872 1475 4939 argius
