3346 5506
540 372 749 436 sirinnan.
772 370 810 433 ΙΝ
832 368 1013 433 nostrvm
1035 368 1105 430 LlB.
1128 367 1153 430 ll
1421 370 1480 434 551

248 484 264 528 r.
278 484 318 527 ec·
331 483 379 526 coc.
393 481 448 523 nav.

191 565 306 639 linitum
327 569 379 624 aut
400 560 525 622 actimm
548 566 605 630 est,
634 567 667 620 ut
693 556 773 636 lego,
804 565 854 619 aut
875 564 1029 628 neutrum,
1058 563 1173 629 atsto,
1202 565 1252 618 aut
1272 555 1481 625 inchoativum,

191 675 224 728 ut
244 664 377 734 caksoo,
412 669 462 722 aut
488 661 748 740 frequentativum,
782 665 815 721 ut
843 658 931 721 dicto.
976 657 1097 720 verbum
1126 665 1223 720 autern
1251 675 1267 719 r
1293 656 1390 718 littera
1417 656 1482 718 tini·

190 778 252 830 tum
276 774 329 828 aut
349 764 496 846 passivum
519 771 577 834 est,
601 760 751 841 allegor,
775 770 824 823 aut
846 760 1011 840 deponens,
1042 767 1074 822 ut
1095 778 1219 840 sequor,
1242 766 1293 821 aut
1313 776 1480 829 commune,

190 875 222 932 nt
244 864 398 937 consolor,
427 873 478 927 aut
505 865 764 943 frequentativum,
793 871 826 925 ut
853 864 959 933 iactor,
989 869 1039 924 aut
1064 859 1266 941 inpersonale,
1297 868 1330 922 ut
1350 859 1481 923 sedetur.

190 970 269 1052 quod
300 976 397 1031 autem
425 968 436 1027 i
464 964 509 1026 vel
536 984 565 1027 m
594 963 690 1027 littera
719 965 820 1026 finitur
848 963 1010 1027 neutralem
1038 972 1151 1025 tanturn
1174 962 1264 1024 habet
1286 962 1426 1035 formam,
1450 971 1507 1023 uls

190 1071 314 1134 memini
341 1068 454 1132 adsum.
497 1069 568 1129 item
597 1066 674 1149 quod
703 1075 715 1127 t
741 1065 838 1129 littera
872 1067 972 1128 linitur
998 1073 1113 1127 tantum
1142 1062 1330 1146 inpersonale
1357 1073 1415 1135 est,
1449 1074 1483 1125 ιιι

189 1173 291 1255 pudet.
322 1171 535 1251 frequentativa
557 1168 647 1232 verba
670 1170 747 1229 scire
769 1168 911 1230 dehemus
933 1167 1036 1229 eadem
1058 1167 1150 1228 activa
1173 1184 1253 1237 esse,
1276 1168 1301 1227 si
1323 1165 1360 1228 de
1382 1166 1481 1228 activis

190 1275 316 1337 deducta
339 1275 412 1343 sint;
434 1274 505 1334 item
528 1273 553 1333 si
576 1271 612 1332 de
634 1272 770 1351 passivis,
793 1273 905 1351 passiva
928 1288 1002 1331 esse.

273 1376 423 1456 Tempora
455 1373 612 1435 verborum
645 1373 700 1434 tria
733 1379 815 1444 sunt,
850 1380 883 1434 ιιι
915 1372 946 1433 in
974 1370 1169 1435 declinatione
1199 1381 1395 1435 monstratum
1427 1379 1480 1445 est,

189 1493 331 1558 praesens
347 1479 549 1554 praeteritum
559 1475 708 1550 sutorum.
753 1475 944 1554 praeteritum
965 1483 1082 1553 tempus
1104 1481 1150 1534 ter
1172 1471 1324 1536 dividitur:
1347 1475 1380 1537 tlt
1401 1477 1480 1536 enim
1495 1499 1519 1542 ro

190 1580 383 1662 praeteritum
406 1577 617 1657 inperfectum,
641 1586 672 1637 ut
688 1574 837 1655 legebam
861 1577 893 1639 tit
907 1577 1084 1656 perlectum,
1108 1587 1141 1639 ιιι
1160 1577 1234 1657 legi;
1257 1578 1290 1638 iit
1311 1573 1480 1656 plusquam·

190 1683 372 1763 perlectum,
401 1687 434 1741 nt
461 1677 599 1757 legeram.
644 1680 675 1738 in
703 1679 825 1758 passivis
858 1695 929 1740 vero
964 1676 1061 1740 verbis
1093 1682 1284 1760 praeteritum
1316 1677 1480 1758 perlectum

189 1793 305 1865 tempus
327 1780 405 1844 alind
421 1780 565 1859 significat
585 1778 721 1850 ulterius,
745 1789 778 1842 ut
799 1779 892 1841 lectus
913 1798 979 1842 sum
1001 1779 1094 1843 lectus
1116 1782 1173 1852 tui;
1195 1781 1265 1843 item
1288 1781 1480 1861 praeteritum

189 1883 523 1966 plusquamperfectum,
553 1879 646 1942 lectus
675 1899 755 1942 eram
784 1881 908 1944 ineram.
953 1881 1083 1944 futurum
1110 1891 1226 1963 tempus
1253 1884 1284 1944 in
1306 1882 1406 1944 activis
1428 1881 1479 1944 ad·

176 1988 316 2050 'iunctlvo
343 1993 455 2046 tantum
478 1982 567 2044 modo
589 1981 696 2063 duplex
719 1991 772 2053 est,
794 1991 828 2045 ut
849 2001 915 2044 enm
938 1981 1033 2062 legam
1056 1991 1173 2046 etcum
1196 1983 1311 2063 legerm
1333 1986 1364 2047 ln
1386 1987 1479 2066 passi·
1493 2008 1518 2050 rs

189 2090 229 2152 ιιι
257 2087 424 2150 adiunctiro
451 2084 540 2147 modo
567 2082 674 2164 triplex
701 2092 760 2155 est,
789 2103 856 2147 curn
884 2087 987 2162 lepor,
1022 2085 1162 2148 ulteriore
1194 2104 1261 2148 cum
1296 2085 1389 2150 lectus
1416 2107 1477 2159 ero,

189 2191 258 2253 item
280 2187 337 2252 alio
359 2187 500 2249 ulteriore
523 2205 590 2249 cum
612 2185 705 2247 lectus
726 2187 819 2248 luero.

271 2290 314 2353 ile
338 2307 465 2369 persona
486 2296 516 2351 et
537 2288 573 2349 de
596 2288 803 2368 coniugatione
824 2289 921 2368 primo
940 2286 1020 2351 libro
1042 2289 1223 2371 disputatum
1246 2299 1299 2362 ιιι,
1323 2289 1374 2352 ubi
1396 2291 1478 2355 verbi

191 2392 415 2456 monnauonem
438 2393 598 2471 posuimus.
643 2407 714 2451 sane
742 2397 811 2451 sunt
838 2390 981 2471 quaedam
1003 2390 1093 2453 verba
1115 2399 1197 2454 extra
1219 2391 1352 2472 regulam
1376 2395 1478 2456 coniu-

190 2495 338 2575 gationum
359 2491 561 2574 [accidentia],
585 2492 831 2572 praeposituros
852 2511 907 2554 nos
928 2493 1154 2575 spopondimus,
1178 2502 1207 2556 et
1228 2495 1370 2576 quaedam
1393 2514 1477 2577 quae
1491 2519 1517 2561 ιι

189 2596 301 2659 etiamsi
332 2596 569 2674 coniugationem
596 2590 721 2666 habent,
757 2602 854 2657 tamen
887 2594 936 2655 hic
964 2594 1046 2658 locus
1076 2597 1193 2674 repetit.
1239 2604 1321 2659 extra
1352 2596 1476 2661 sormam

189 2698 425 2779 coniugationum
453 2703 521 2759 sunt
542 2694 632 2757 verba
655 2695 728 2757 haec
751 2705 780 2759 et
801 2697 888 2758 huius
909 2696 1004 2769 modi,
1035 2700 1089 2760 odi
1108 2699 1230 2760 memini
1253 2701 1333 2760 nori:
1357 2718 1426 2762 nam
1449 2710 1479 2762 ιι

189 2801 198 2860 i
218 2799 315 2862 littera
337 2805 367 2860 et
390 2799 485 2878 prima
507 2807 537 2860 et
558 2796 687 2860 secunda
708 2815 836 2878 persona
851 2797 1008 2878 singularis
1021 2800 1136 2870 finitur,
1160 2809 1204 2869 ut,
1228 2817 1295 2861 cum
1311 2801 1370 2862 sint
1390 2819 1476 2880 prae·

189 2903 278 2965 enus
323 2902 479 2981 temporis,
512 2901 641 2980 speciem
680 2901 833 2981 praeteriti
875 2900 1000 2980 perlecti
1038 2902 1181 2981 temporis
1223 2902 1407 2981 praeierant,
1444 2910 1474 2966 et

189 3003 333 3085 disparem
367 3003 474 3065 ceteris
507 3001 734 3064 declinationem
760 3001 884 3072 habent,
925 3020 1049 3084 eamque
1080 3005 1226 3081 integram
1260 3011 1290 3065 et
1320 3003 1513 3085 multiplicis

190 3107 326 3168 varietate
348 3104 509 3166 contusam.
548 3121 613 3166 rum
635 3113 664 3164 ιι
685 3121 804 3184 possum
825 3102 896 3166 licet
916 3104 1044 3166 secunda
1067 3122 1193 3184 persona
1216 3123 1248 3167 es
1269 3114 1300 3168 et
1320 3113 1405 3186 potes
1426 3125 1477 3170 eas

182 3207 299 3281 ,litteras
326 3207 356 3267 in
385 3207 442 3268 tine
470 3204 613 3275 habeant,
643 3224 715 3285 quas
743 3203 885 3267 debuerat
912 3207 1079 3286 coniugatio
1105 3206 1248 3279 secunda,
1271 3215 1371 3272 tamen
1393 3216 1476 3270 extra

191 3309 409 3389 coniugationes
431 3316 507 3379 sunt,
531 3309 599 3390 quia
614 3314 780 3387 correptam
796 3309 992 3388 posteriorem
1012 3306 1124 3371 habent
1146 3317 1175 3372 et
1196 3327 1212 3371 a
1235 3309 1383 3372 secundae
1405 3329 1475 3372 con·

188 3411 342 3490 rogationis
364 3407 460 3471 verbis
480 3412 511 3472 in
533 3417 593 3473 tota
617 3407 813 3471 declinatione
828 3408 1005 3472 desciscunt.
1035 3411 1123 3473 etiam
1145 3411 1210 3472 tero
1232 3411 1292 3472 [ιιι
1313 3411 1372 3474 tert
1393 3420 1474 3475 extra

190 3513 407 3592 coniugationes
435 3529 500 3574 esse
528 3513 716 3593 perspicuum
739 3520 791 3574 est.
838 3530 904 3573 nam
927 3512 1014 3583 cedo,
1037 3513 1115 3593 quod
1139 3522 1183 3575 est
1204 3514 1240 3576 da
1262 3512 1308 3574 vel
1330 3513 1391 3586 dic,
1414 3532 1513 3584 nono

189 3613 276 3677 modo
299 3621 380 3675 earet
401 3615 616 3694 coniugatione,
639 3614 691 3676 sed
713 3614 776 3676 iere
799 3632 854 3675 nec
876 3614 996 3677 modum
1019 3634 1074 3677 nec
1096 3633 1253 3694 personam
1277 3613 1364 3678 ullam
1386 3634 1473 3696 prae·

189 3725 231 3779 ter
257 3716 334 3778 hanc
363 3717 481 3794 recipit,
511 3736 586 3797 quae
613 3725 660 3780 ιιι
689 3717 817 3779 secunda
846 3719 1025 3798 imperativi,
1055 3734 1115 3778 non
1137 3718 1358 3798 pronuntiatiri.
1401 3734 1474 3797 ergo

189 3825 301 3881 tantum
323 3817 465 3896 singulari
487 3837 611 3881 numero
634 3817 722 3891 cedo,
746 3828 776 3882 ιι
797 3820 875 3900 apud
898 3828 1011 3882 veteres
1026 3819 1136 3883 dictum
1152 3827 1196 3881 est
1217 3817 1372 3900 pluraliter
1386 3827 1472 3881 cette.

135 3937 143 3947 ·
190 3919 266 3982 unde
288 3929 423 4000 apparet,
445 3934 534 4000 quam
557 3919 649 3983 multa
671 3922 731 3983 sint
753 3920 841 3984 verba
862 3924 893 3984 in
916 3922 1023 4004 quibus
1044 3921 1201 3985 declinatio
1223 3929 1301 3984 stare
1323 3937 1384 3982 non
1405 3940 1474 4002 pos·

189 4023 234 4083 sit.
277 4021 313 4084 de
335 4021 380 4084 his
401 4040 518 4103 quoque
540 4042 615 4104 qnae
637 4024 892 4103 coniugationibus
919 4027 1050 4088 serviunt
1071 4032 1140 4086 sunt
1161 4022 1250 4086 verba
1273 4025 1399 4104 quaein
1422 4023 1512 4095 ιιι-ιι

190 4121 343 4187 clinatione
365 4142 425 4187 non
448 4133 595 4188 constent.
639 4124 772 4188 neutrale
794 4127 888 4189 audeo
909 4129 1070 4209 praeterito
1098 4127 1231 4207 perlecto
1253 4133 1283 4187 et
1304 4124 1472 4207 plusquam·

187 4223 316 4305 perlecto
336 4233 469 4304 tempore
492 4228 668 4290 transfertur
689 4228 721 4289 in
742 4228 869 4292 formam
896 4232 1028 4311 passivae
1050 4228 1267 4299 declinationis,
1296 4246 1384 4291 ausus
1405 4245 1471 4290 sum

252 4429 649 4486 coemptoremconsutrorl,
683 4432 735 4484 8ιί
752 4433 803 4484 eL
842 4432 875 4486 10
886 4436 1050 4502 praeteritum
1062 4433 1259 4488 inturnmomL
1298 4431 1330 4485 to
1341 4431 1412 4498 legar
1423 4445 1471 4485 ovvv·

187 4500 211 4553 L
256 4499 288 4551 ts
305 4501 420 4556 etom.L
471 4504 554 4571 primo
573 4500 655 4586 libre]¹
668 4520 696 4569 p.
709 4502 813 4559 alten.
826 4503 902 4557 Lina.
958 4507 990 4558 19
1012 4503 1385 4572 extralegnlaooiugatlonum
1402 4501 1470 4550 seci-

188 4584 271 4635 deutia
287 4588 414 4651 posituros
433 4604 480 4641 nos
499 4589 712 4657 spopondidi'mns
731 4589 756 4640 L
813 4592 847 4641 22
865 4592 908 4643 odi
925 4607 970 4646 orn.
991 4594 1014 4643 L
1083 4590 1117 4642 te
1135 4606 1244 4657 persona
1262 4590 1348 4640 linitur
1364 4594 1392 4636 ut
1410 4601 1466 4636 enm

188 4655 220 4707 sit
232 4659 358 4721 praoaemi
371 4663 493 4727 temporis
512 4660 536 4710 L
623 4661 656 4712 24
674 4661 802 4727 praeierat
819 4670 844 4711 et
862 4663 999 4730 singularis
1017 4664 1146 4727 disparem
1165 4662 1189 4713 L
1257 4660 1291 4710 25
1309 4658 1384 4707 habet
1399 4671 1468 4710 corr.

188 4722 278 4776 bibent
298 4725 323 4775 b
405 4732 440 4784 26
458 4732 591 4784 contusam
610 4741 635 4782 et
653 4745 743 4797 posum
762 4740 788 4782 et
800 4732 860 4782 lieet
878 4734 902 4784 L
971 4735 1005 4784 27
1024 4734 1129 4784 deberat
1148 4731 1173 4782 L
1242 4738 1313 4780 extra
1329 4727 1470 4793 seiugatio·

186 4808 242 4846 nam
253 4804 312 4847 sunt
329 4812 393 4862 qnae
411 4803 435 4851 L
522 4801 557 4856 30
576 4817 626 4854 non
646 4801 721 4853 modo
739 4808 808 4854 earet
825 4816 874 4853 non
893 4805 1054 4872 eolugatlone
1073 4805 1097 4855 L
1168 4801 1201 4853 32
1220 4797 1281 4866 non]
1300 4812 1357 4848 enm
1375 4795 1399 4845 L

188 4862 218 4917 87
236 4880 312 4918 tutus
330 4877 368 4919 est
383 4888 411 4925 es
430 4889 498 4925 eram
515 4875 539 4926 L
