3346 5506
679 400 750 466 ans
771 400 1010 469 autunnalis
1428 400 1490 467 ast

691 588 740 653 DE
762 587 990 655 Pannonius.

285 726 452 790 Pronomae
474 726 543 809 quld
566 727 628 789 est?
670 728 741 790 Pars
763 729 916 800 orationis,
940 746 1014 809 quae
1037 745 1090 808 pro
1113 727 1233 788 nomine
1255 726 1348 807 posita
1371 733 1488 788 tantun·

214 828 269 892 lent
289 849 385 912 paene
407 830 551 909 significat
572 849 787 912 personamque
810 832 956 892 interdum
981 830 1093 909 recipit.
1127 831 1298 890 Pronnmini
1318 836 1390 909 qttot
1411 830 1487 888 acci·

213 931 291 994 dunt?
322 934 390 995 Sex.
418 932 518 1004 Quae?
546 933 675 1004 Qualitas
698 952 790 1013 genus
812 953 953 995 numerus
975 935 1067 1012 sigtua
1090 952 1216 1013 persona
1239 949 1333 992 casus.
1357 929 1487 1002 Qualitas

211 1037 406 1114 pronominum
429 1035 459 1095 in
475 1053 534 1115 quo
549 1042 611 1096 esti
635 1037 776 1116 Biportita
799 1045 857 1097 est:
881 1045 931 1096 aut
953 1036 1030 1096 enim
1054 1034 1134 1095 liriita
1157 1042 1224 1095 sunt
1246 1035 1420 1113 pronomina
1437 1042 1511 1092 anta

210 1137 321 1198 inlinita.
355 1136 436 1208 Quae
459 1145 527 1197 sunt
549 1138 647 1197 linita?
680 1138 760 1210 Quae
783 1140 929 1217 recipiunt
950 1155 1107 1216 personas,
1131 1145 1163 1196 ιιι
1185 1154 1239 1214 ego
1262 1145 1293 1196 tu
1315 1133 1372 1196 ille.
1406 1135 1486 1206 Quae

208 1248 267 1299 sunt
288 1239 419 1298 inimitai
458 1239 538 1310 Quae
562 1258 620 1301 non
643 1242 790 1319 recipiunt
811 1258 967 1320 personas.
997 1247 1029 1299 nt
1056 1239 1121 1319 quis
1143 1258 1217 1318 quae
1239 1237 1326 1318 quiorl.
1372 1238 1486 1298 Genera

207 1339 406 1420 pronominum
429 1357 503 1420 quiae
525 1343 611 1401 sunt?
654 1341 763 1403 Eadem
787 1343 849 1402 lere
872 1361 946 1423 qtrae
970 1349 999 1401 et
1026 1342 1193 1401 nominum:
1223 1338 1431 1409 masculinum,
1455 1347 1488 1398 ut

207 1444 277 1522 qrris,
300 1441 488 1510 femininum,
512 1451 654 1522 atquae,
679 1453 829 1514 neutrum,
860 1453 891 1504 ιιι
914 1442 1005 1523 quod,
1036 1460 1207 1512 commune,
1237 1450 1268 1501 ιιι
1291 1440 1385 1521 qualis
1411 1439 1485 1509 talio,

207 1546 285 1605 trium
307 1560 467 1620 generum,
492 1552 522 1602 ut
545 1564 599 1622 ego
622 1553 661 1606 tu.
705 1546 826 1606 Numeri
848 1546 1055 1623 pronominum
1078 1551 1149 1624 qamt
1171 1545 1255 1603 sunt?
1296 1543 1369 1603 llere.
1413 1542 1524 1612 Quian·

205 1644 375 1725 Singularis,
399 1643 515 1715 utlaio,
539 1645 672 1725 pluralis,
697 1658 727 1708 ut
749 1648 788 1708 nt.
821 1648 945 1725 Figurae
962 1648 1169 1726 pronominum
1185 1654 1256 1725 quot
1278 1646 1363 1704 suini
1396 1644 1484 1704 [luae.

205 1745 295 1818 Quae?
327 1745 471 1827 Simplex,
491 1751 616 1828 niquis,
633 1751 798 1829 conposita,
815 1758 847 1809 ut
861 1749 1000 1827 natisonis.
1027 1747 1175 1808 Personae
1190 1747 1398 1826 pronominum
1415 1754 1487 1824 ιμιιιι

204 1850 282 1910 sunt?
307 1849 391 1910 Tres.
418 1849 523 1932 ¹Quae?
553 1850 664 1921 Prima,
689 1861 721 1912 ιιι
743 1870 811 1929 ego,
835 1849 978 1920 secumla,
1002 1858 1033 1910 ιιι
1056 1858 1101 1918 tu,
1124 1850 1225 1917 tertia,
1248 1857 1281 1908 ιιι
1303 1846 1360 1908 ille.
1396 1848 1486 1909 Casus

204 1950 266 2012 item
293 1952 502 2031 pronominum
531 1963 602 2033 quot
629 1956 713 2013 sunt?
746 1954 818 2022 Sex,
849 1971 936 2032 quaem
965 1951 999 2012 atl
1030 1951 1148 2012 utorium
1176 1959 1205 2011 et
1233 1950 1400 2019 nominum,
1431 1967 1485 2028 per

204 2070 270 2132 quos
290 2054 421 2114 omnium
445 2069 585 2130 generum
608 2056 783 2134 pronomina
805 2056 995 2114 inlleetuntur
1016 2055 1071 2113 lroc
1094 2053 1191 2112 modo.
1379 2048 1385 2063 “
1497 2063 1522 2104 ιι

279 2154 341 2234 Ego
362 2172 527 2235 pronomen
549 2157 662 2217 finitum
687 2159 803 2235 generis
826 2157 921 2216 oninis
949 2157 1065 2215 numeri
1092 2153 1249 2234 singularis
1276 2154 1386 2232 signinae
1414 2155 1484 2214 sim·

204 2252 280 2333 plicis
301 2273 446 2337 personae
468 2259 582 2337 primae
609 2278 694 2319 casus
716 2259 900 2327 nominativi,
930 2257 1007 2338 quod
1036 2256 1230 2318 declinabitur
1251 2257 1307 2316 sic:
1342 2275 1397 2335 ego
1425 2257 1484 2316 mei

204 2356 241 2418 rel
261 2359 317 2419 mis
340 2358 412 2418 milti
434 2377 481 2419 me
503 2379 519 2419 a
542 2379 604 2430 me,
636 2369 665 2421 et
683 2358 836 2440 pluraliter
859 2378 912 2420 nos
935 2367 1067 2421 nostrum
1091 2357 1135 2418 vel
1163 2360 1256 2418 nostri
1283 2357 1368 2420 nobis
1391 2377 1484 2418 rroso

204 2459 334 2521 anobis:
361 2477 505 2540 personae
527 2461 674 2523 secundae
696 2463 813 2541 generis
835 2464 932 2523 omnis
947 2463 1061 2523 numeri
1083 2459 1240 2540 singularis
1262 2470 1293 2521 tu
1316 2463 1357 2521 tui
1380 2458 1424 2521 rel
1447 2460 1484 2521 tis

204 2558 248 2622 tihi
268 2571 298 2622 te
320 2579 338 2622 o
360 2571 437 2629 ate.
461 2570 491 2623 et
511 2562 664 2643 pluraliter
692 2583 742 2624 ros
763 2573 891 2625 vestrum
920 2564 966 2625 vel
993 2566 1081 2625 vestri
1110 2562 1191 2624 vobis
1220 2581 1269 2623 vos
1295 2581 1312 2622 o
1341 2582 1358 2623 a
1384 2561 1480 2623 voltis:
1495 2584 1520 2624 ιι

203 2677 339 2738 personae
361 2666 465 2725 tertiae
488 2666 606 2743 generis
627 2664 781 2726 masculini
800 2667 916 2727 numeri
936 2665 1092 2745 singularis
1107 2666 1156 2726 ille
1178 2665 1255 2726 illins
1277 2663 1318 2724 illi
1342 2663 1422 2724 illum
1445 2663 1481 2724 alt

204 2762 258 2837 illo,
282 2775 311 2826 et
332 2763 485 2845 pluraliter
507 2767 548 2827 illi
570 2767 687 2828 illorum
718 2767 774 2828 illis
802 2766 868 2829 illos
895 2768 931 2829 alt
960 2767 1031 2837 illis;
1061 2771 1178 2847 generis
1206 2768 1339 2828 leminini
1367 2767 1481 2826 nuruori
1527 2834 1531 2838 .

202 2866 349 2946 ungulatis
371 2867 419 2928 illa
442 2867 519 2929 illius
542 2868 583 2929 illi
605 2869 684 2929 illam
707 2868 742 2930 ab
765 2869 827 2936 illa,
856 2879 886 2932 et
914 2870 1068 2950 pluraliter
1095 2869 1162 2931 illae
1192 2869 1308 2931 illarum
1336 2864 1481 2930 ittts'ittas

202 2967 232 3028 ah
252 2969 324 3039 illis;
348 2971 466 3048 generis
488 2972 586 3031 nentri
610 2973 725 3032 numeri
747 2972 903 3049 singularis
931 2971 1003 3033 illud
1032 2970 1109 3033 illius
1135 2970 1270 3032 illiillnd
1293 2968 1417 3040 altillo,
1451 2978 1481 3030 et

202 3069 346 3148 pluraliter
367 3070 416 3133 illa
438 3070 556 3133 illorum
579 3072 635 3132 illls
658 3071 705 3133 illa
729 3072 765 3133 ab
787 3073 852 3134 illis.
881 3076 976 3135 nrinus
999 3094 1085 3155 quam
1117 3075 1196 3134 finita
1224 3074 1341 3152 generis
1363 3090 1477 3132 mason-
1492 3092 1518 3134 aa

202 3168 245 3234 lini
271 3175 389 3236 numeri
416 3173 571 3252 singularis
600 3176 663 3255 ipse
691 3176 781 3255 ipsius
810 3177 865 3256 ipsi
893 3179 988 3256 ipsum
1017 3175 1053 3235 ab
1082 3177 1160 3252 ipso,
1190 3184 1219 3235 et
1244 3171 1397 3253 pluraliter
1424 3175 1479 3252 ipsi

201 3273 324 3351 ipsorum
346 3275 418 3354 ipsis
446 3276 525 3354 ipsos
547 3275 583 3336 ab
606 3277 691 3355 ipsis;
715 3279 831 3355 generis
847 3278 978 3338 lenriuini
994 3279 1110 3338 numeri
1125 3276 1282 3356 singularis
1304 3277 1365 3354 ipsa
1388 3275 1479 3354 ipsius

201 3375 249 3455 ipsi
270 3379 364 3458 ipsam
387 3374 424 3435 ab
447 3378 522 3454 ipsa,
547 3385 575 3438 et
590 3377 742 3455 pluraliter
761 3381 841 3459 ipsae
861 3382 992 3459 ipsarum
1007 3380 1078 3458 ipsis
1101 3379 1178 3458 ipsas
1200 3377 1236 3437 alt
1252 3378 1337 3457 ipsis;
1362 3376 1479 3453 generis

200 3481 289 3539 neutri
316 3479 433 3539 numeri
461 3478 617 3555 singularis
645 3482 741 3559 ipsum
768 3482 859 3558 ipsius
887 3482 943 3559 ipsi
970 3482 1065 3558 ipsum
1094 3479 1131 3540 ab
1157 3482 1236 3560 ipso,
1272 3487 1301 3538 et
1328 3477 1479 3557 pluraliter

200 3578 254 3658 ipsa
276 3582 409 3661 ipsorum
432 3581 503 3659 ipsis
525 3583 586 3660 ipsa
610 3581 646 3663 ab
669 3583 749 3661 ipsis.
782 3585 852 3642 item
869 3583 965 3642 minus
980 3600 1066 3662 quam
1089 3583 1169 3642 finita
1193 3582 1311 3659 generis
1326 3578 1477 3640 masculini
1491 3602 1517 3643 ao

202 3683 308 3743 numeri
330 3680 489 3758 singularis
511 3683 565 3743 iste
588 3683 671 3743 istius
694 3685 739 3743 isti
763 3685 850 3745 istum
879 3683 915 3744 ab
942 3685 1013 3754 isto,
1043 3693 1072 3745 et
1099 3681 1251 3764 pluraliter
1278 3683 1327 3743 isti
1355 3684 1478 3741 istorum

199 3782 254 3843 istis
275 3785 349 3844 istos
370 3781 407 3843 ab
429 3784 507 3853 istis;
536 3781 654 3864 generis
677 3787 809 3847 lerniuini
832 3789 946 3847 numeri
967 3785 1123 3865 singularis
1145 3787 1198 3847 ista
1220 3785 1303 3845 istius
1325 3785 1372 3844 isti
1395 3784 1478 3844 istam

198 3881 232 3943 ab
250 3886 319 3957 ista,
344 3891 374 3946 et
396 3882 547 3963 pluraliter
569 3888 641 3947 istae
664 3889 785 3949 istarum
802 3889 864 3948 istis
880 3890 949 3950 istas
964 3889 1001 3950 ab
1016 3890 1095 3957 istis;
1119 3889 1236 3968 generis
1252 3888 1349 3947 nentri
1365 3886 1480 3947 numeri

189 3984 347 4066 singularis
368 3986 445 4047 istud
468 3988 551 4049 istius
574 3991 621 4048 isti
641 3989 717 4049 istud
741 3989 777 4049 al)
800 3990 869 4061 isto,
895 4000 924 4051 et
944 3989 1097 4072 pluraliter
1119 3993 1174 4052 ista
1196 3991 1318 4049 istorum
1342 3989 1404 4050 istis
1425 3989 1480 4048 ista

184 4084 231 4145 -ah
250 4089 321 4149 istis.
354 4089 425 4149 item
447 4088 603 4151 articulare
626 4092 853 4171 praepositivum
876 4092 920 4153 vel
944 4093 1202 4155 demonstrativum
1226 4093 1343 4170 generis
1365 4109 1479 4151 nrasou·
1493 4112 1518 4154 aa

188 4181 245 4249 lini
266 4190 384 4250 numeri
404 4191 561 4268 singularis
583 4193 631 4252 lrio
653 4192 739 4253 liuius
761 4193 829 4253 liuio
851 4193 931 4255 huno
954 4213 971 4254 o
994 4195 1029 4256 ab
1053 4197 1125 4265 lioc,
1150 4203 1179 4254 et
1200 4192 1352 4273 pluraliter
1375 4193 1405 4253 lti
1428 4192 1479 4252 lto-

184 4300 258 4352 lum
279 4291 326 4352 his
348 4291 403 4352 hos
425 4292 496 4352 oab
512 4294 573 4363 lris;
597 4296 713 4373 generis
736 4295 869 4355 seminini
892 4300 1008 4357 numeri
1030 4297 1185 4376 singularis
1208 4296 1280 4377 liaeo
1304 4295 1390 4356 liuius
1411 4295 1480 4356 hiric

259 4470 360 4534 Squaa
379 4470 447 4537 sterit]
468 4482 529 4535 quot
547 4482 605 4524 sum
625 4473 655 4522 M
715 4473 746 4524 14
766 4480 790 4522 et
807 4489 853 4526 om.
874 4475 910 4531 L.
928 4476 989 4525 odd.
1012 4476 1040 4524 ,11
1100 4476 1131 4525 15
1149 4476 1260 4524 οιιιιιίιιιιι
1280 4489 1402 4542 generum
1421 4488 1480 4538 pro-

189 4545 281 4590 !tomen
308 4541 446 4590 inlleetitur
474 4542 521 4591 lmo
551 4544 667 4593 modoh
692 4544 804 4592 omnium
824 4559 945 4609 generum
966 4544 1067 4593 nourina
1087 4545 1236 4611 pronomina
1255 4545 1387 4611 participia
1407 4543 1476 4591 inlle·

191 4614 290 4659 ttontru
305 4611 354 4661 lroo
369 4612 444 4660 motio
466 4612 497 4660 ,11
582 4613 613 4663 17
631 4615 667 4662 sie
686 4629 734 4679 ego
753 4613 782 4661 ,tt
800 4615 837 4661 sie
856 4614 1016 4664 Nominutivo
1037 4630 1085 4680 ega
1109 4617 1129 4663 L
1199 4615 1229 4664 ts
1249 4631 1288 4663 me
1307 4630 1321 4660 o
1341 4631 1353 4660 a
1374 4629 1412 4661 mo
1435 4612 1479 4661 tt:

190 4680 239 4727 aed
254 4696 267 4730 o
284 4683 428 4732 recentiore
449 4697 521 4730 annam
543 4684 652 4734 additum
672 4700 728 4734 ease
746 4683 845 4734 videtur
932 4685 966 4735 ‘20
984 4701 998 4733 a
1018 4684 1102 4748 vobis]
1123 4701 1246 4751 persanao
1272 4685 1358 4734 tertiae
1377 4683 1479 4747 genueris

194 4751 272 4801 omnis
289 4752 388 4801 numeri
407 4753 547 4801 communis
564 4755 604 4803 sui
623 4754 670 4802 sini
691 4770 718 4802 se
735 4769 749 4801 a
769 4768 806 4812 se,
822 4763 846 4802 ot
860 4754 992 4820 pluraliter
1010 4756 1049 4803 sui
1067 4755 1115 4802 eibi
1135 4771 1162 4804 so
1182 4771 1195 4803 u
1216 4771 1243 4803 se
1263 4754 1321 4802 eald.
1337 4758 1360 4802 l:
1378 4752 1479 4800 aaronis

198 4811 237 4866 Sui
254 4822 302 4872 sibi
321 4837 350 4871 se
368 4836 383 4868 a
402 4836 430 4869 se
449 4835 472 4870 et
492 4822 622 4889 pluraliter
640 4825 679 4873 sui
700 4824 747 4872 silai
768 4838 795 4871 se
812 4837 827 4869 a
847 4839 874 4872 se
895 4823 928 4872 ,11
1012 4826 1042 4876 at
1065 4825 1134 4874 illum
1154 4840 1168 4874 o
1187 4825 1217 4872 ab
1242 4825 1284 4874 illo
1306 4822 1348 4873 ll:
1375 4825 1432 4872 item
1456 4824 1480 4871 iu

198 4888 291 4956 νειιᾳιιιι
303 4891 490 4958 pronominibus
505 4895 639 4944 vocativum
653 4909 737 4945 eaawn
750 4892 823 4941 addit
837 4893 867 4943 ,11
