3314 5506
218 364 258 425 70
804 362 918 426 PROlll

285 478 393 518 ,ιω-ει
409 477 436 520 e.
567 499 573 511 .
1307 478 1374 521 ,ιη
1396 479 1450 521 zv.

218 492 289 630 pull
319 549 368 610 liic
396 555 425 610 el
447 549 520 610 llaec
542 557 572 610 cl
597 549 655 610 hec
684 549 779 610 audax
806 549 894 611 huius
921 549 1040 612 audacie
1067 549 1124 612 hee
1151 481 1514 613 alicacissilnum⁵laoerc·

217 650 331 713 debeat.

303 753 380 815 Sane
398 753 457 814 hoe
480 771 643 822 menemus.
663 760 696 813 ul
718 772 754 814 ex
768 753 813 814 his
835 760 948 832 septem
970 771 1059 833 supra
1082 752 1167 815 dictis
1185 756 1191 833 Ι
1209 753 1321 817 scilieet
1340 754 1452 824 formis.
1474 755 1502 815 id

217 860 262 916 esl
283 874 317 915 ex
340 855 367 915 ix
391 873 428 914 ex
451 873 505 916 ans
525 872 579 916 cns
602 861 950 934 ers01·s‚'quaecumque
969 856 1086 917 nomina
1110 856 1323 940 comparativos
1341 855 1386 917 vel
1399 874 1502 936 super·

191 955 323 1030 slatives
339 956 447 1034 gradus
470 975 504 1017 ex
526 974 558 1018 se
580 956 677 1018 lacere
698 964 837 1036 pessum,
862 974 951 1036 supra
973 956 1068 1019 dictae
1090 958 1218 1026 formae,
1245 975 1305 1036 qua
1325 958 1454 1019 diximus
1474 960 1503 1019 ie

217 1058 341 1137 positive
364 1057 456 1136 gradu
486 1058 662 1119 nominative
684 1076 753 1120 casu
784 1058 900 1120 numeri
921 1057 1077 1136 singularis
1103 1060 1223 1120 nomina
1245 1078 1282 1120 ax
1304 1058 1413 1121 litteris
1433 1058 1503 1121 deli·

217 1160 284 1229 niri,
307 1157 490 1236 disciplinam
510 1168 681 1239 sequantur,
706 1167 737 1220 ul
751 1167 820 1238 puta
837 1159 959 1241 simplex
981 1159 1049 1222 lelix
1072 1159 1154 1222 velex
1174 1177 1275 1222 amans
1288 1161 1408 1240 sepiens
1426 1162 1505 1223 inem

217 1278 329 1323 vecors.
373 1261 415 1321 sie
436 1268 466 1322 ct
486 1268 583 1322 celem
605 1260 673 1323 talia
702 1263 834 1333 nemina,
865 1280 941 1341 quae
968 1282 1003 1324 ex
1031 1262 1123 1324 isdem
1146 1263 1375 1342 suprascriptis
1402 1261 1506 1325 formis

219 1365 318 1425 venire
345 1360 552 1440 intelleguntur
581 1373 610 1423 et
632 1364 845 1443 comparativus
867 1363 911 1425 vel
933 1362 1125 1443 superlatives
1143 1365 1263 1442 'gradus
1286 1383 1325 1447 ei
1345 1384 1379 1427 se
1406 1365 1505 1428 lacere

181 1471 357 1545 tepescunt,
388 1470 422 1526 ul
450 1482 539 1543 supra
567 1464 708 1535 diximus,
739 1483 830 1546 supra
859 1465 953 1527 dictae
981 1464 1093 1527 lermae
1122 1465 1307 1544 disciplinam
1332 1474 1504 1547 sequamur.

219 1584 298 1628 nune
318 1567 455 1647 queniam
478 1584 565 1646 quem
585 1567 621 1627 ad
641 1566 760 1627 modum
783 1584 872 1645 supra
895 1567 1038 1628 dictarum
1061 1567 1223 1629 formarum
1248 1569 1366 1630 nemina
1386 1586 1505 1650 eompa-

217 1669 326 1731 reiives
356 1666 400 1730 vel
421 1666 613 1746 superlativus
640 1661 748 1746 gradus
778 1687 811 1730 ex
840 1687 872 1729 se
898 1668 995 1730 facere
1022 1677 1145 1747 pessunt
1171 1669 1451 1741 demonstravimus,
1477 1678 1508 1732 el

218 1770 284 1833 ideo
305 1771 363 1831 iam
385 1776 457 1850 quot
482 1789 518 1830 ex
539 1770 630 1831 isdem
657 1770 779 1848 singulis
803 1770 904 1831 lermis
931 1771 996 1831 soni
1026 1769 1158 1832 exhiheri
1182 1773 1295 1851 possint
1322 1755 1509 1837 moneamus:

219 1891 254 1933 ex
275 1872 370 1934 lerma
397 1873 514 1949 generis
539 1872 650 1934 scilieet
676 1873 786 1943 omnis,
815 1891 872 1952 qua
899 1874 929 1932 in
957 1873 1079 1950 positive
1107 1872 1201 1950 gradu
1230 1873 1408 1935 nominativo
1437 1893 1506 1937 casu

182 1976 335 2038 cnumcri
357 1973 513 2053 singularis
533 1977 650 2035 nemina
671 1993 707 2035 ax
728 1974 832 2036 litteris
854 1974 1047 2044 definiuntur,
1068 1973 1125 2035 hoc
1146 1992 1315 2046 menemus,
1338 1977 1418 2056 qued
1441 1976 1506 2056 plus

218 2094 305 2155 quem
324 2075 417 2138 xxlll
442 2077 520 2147 soni,
543 2076 601 2138 hoc
621 2083 665 2138 esi
687 2095 774 2156 quam
798 2078 896 2155 viginti
919 2077 972 2136 tria
994 2077 1128 2144 nomina,
1153 2075 1287 2139 exhiheri
1303 2096 1364 2139 nen
1382 2080 1505 2158 possm

219 2197 254 2240 cx
282 2179 376 2239 ferma
405 2178 522 2255 generis
548 2177 660 2240 seilicet
686 2179 797 2247 omnis,
827 2197 883 2257 qua
912 2179 941 2239 in
964 2178 1205 2258 pesiiivdgradu
1232 2180 1412 2242 nominative
1437 2199 1506 2243 casu

219 2282 335 2342 numeri
357 2279 513 2358 singularis
535 2281 654 2340 nemina
676 2299 712 2340 ex
733 2278 837 2342 litteris
858 2279 1047 2348 deliniuntur,
1070 2279 1127 2341 hee
1147 2298 1316 2350 monemus,
1338 2282 1418 2360 quod
1442 2282 1506 2363 plus

219 2401 305 2463 quam
325 2380 418 2443 XXlll
433 2381 552 2441 nemina
572 2380 704 2442 exhiberi
724 2399 784 2441 nen
802 2383 923 2460 possim.
969 2401 1004 2443 ex
1023 2381 1118 2443 forma
1137 2384 1254 2460 generis
1271 2380 1383 2445 scilieet
1402 2385 1505 2455 omnic

181 2505 207 2547 m
221 2503 278 2565 qua
301 2485 330 2544 in
352 2484 477 2564 positivo
496 2482 589 2561 gradu
608 2484 785 2544 nominative
808 2501 877 2544 casu
899 2485 1015 2546 nileieri
1036 2482 1194 2562 singularis
1216 2486 1333 2547 nominc
1351 2486 1381 2547 ix
1402 2483 1507 2547 litteris

219 2586 407 2655 deliniuntur,
431 2584 489 2646 hec
510 2603 678 2655 monemus,
701 2586 781 2667 quod
803 2584 869 2666 plus
891 2605 978 2665 quam
1000 2585 1026 2648 ll
1048 2588 1126 2657 seni,
1154 2587 1211 2648 hec
1232 2594 1277 2648 csl
1298 2605 1386 2666 quam
1408 2587 1436 2649 ll
1454 2606 1506 2649 ne·

220 2690 306 2756 mina,
330 2686 463 2749 exhiheri
488 2705 547 2748 nen
566 2689 689 2766 possint.
733 2707 769 2749 ex
792 2689 887 2750 ferma
903 2687 1014 2750 scilicet
1035 2689 1131 2749 omnis
1147 2690 1272 2766 generis,
1296 2707 1354 2768 qua
1373 2690 1403 2750 iu
1429 2692 1506 2770 pesi-

219 2791 275 2850 live
291 2789 386 2868 gradu
408 2790 587 2850 nominative
603 2808 674 2851 casu
689 2791 804 2852 numeri
822 2790 978 2869 singularis
997 2791 1115 2851 nemina
1136 2809 1174 2851 ex
1194 2789 1298 2851 litteris
1317 2790 1505 2862 definiuntur.

218 2891 276 2952 hec
297 2909 466 2961 monemus,
496 2891 574 2971 quod
596 2891 663 2971 plus
685 2910 772 2971 quam
790 2891 866 2953 Vllll
888 2893 969 2964 seni,
1000 2892 1057 2954 hec
1079 2899 1123 2953 est
1141 2911 1229 2973 quam
1250 2910 1356 2955 novem
1377 2895 1506 2974 nemina,

181 3013 206 3054 es
221 2992 352 3054 exhiheri
383 2994 586 3072 nonpossint.
630 3013 667 3055 ex
688 2993 921 3061 lermascilicct
947 2995 1065 3071 generis
1092 2996 1201 3063 omnis,
1237 3013 1294 3073 qua
1325 2995 1355 3055 in
1383 2997 1507 3075 positive

219 3096 312 3174 gradu
335 3095 511 3156 nominative
540 3114 609 3156 casu
638 3097 754 3158 numeri
780 3095 937 3173 singularis
966 3097 1084 3158 nemius
1106 3114 1158 3157 ans
1185 3095 1290 3158 litteris
1316 3096 1505 3167 deliniuntur,

219 3198 276 3259 hee
298 3216 462 3268 menemus,
486 3197 565 3276 quod
586 3217 621 3259 ee
643 3197 744 3278 plures
765 3198 846 3267 seni,
875 3198 932 3259 hec
960 3207 1005 3259 est
1027 3217 1063 3260 ee
1084 3198 1211 3278 plurima
1233 3200 1366 3274 nemine,
1396 3199 1508 3279 possint

219 3300 361 3362 exhiberi.
406 3319 441 3362 ex
464 3299 559 3361 lerma
579 3301 696 3378 generis
705 3297 828 3361 seilicet
848 3302 957 3368 omnis,
985 3302 1091 3380 quain
1112 3301 1235 3379 positive
1258 3300 1353 3377 gradu
1373 3303 1507 3363 nemine·

219 3404 276 3464 live
289 3400 304 3485 ll
320 3422 389 3465 casu
412 3404 526 3465 numeri
548 3401 705 3480 singularis
720 3403 837 3463 nomina
860 3420 913 3464 eus
934 3402 1037 3464 litteris
1055 3403 1243 3471 definiuntur,
1263 3401 1321 3463 hee
1341 3404 1506 3473 menemus.

181 3507 299 3586 acquod
322 3526 357 3568 eo
383 3505 482 3584 plures
506 3506 585 3575 seni,
614 3506 672 3566 lice
694 3512 739 3566 est
767 3524 801 3566 ee
824 3504 948 3583 plurima
978 3506 1112 3573 nemina,
1144 3505 1258 3584 pessiul
1284 3502 1427 3567 exhiberi.
1471 3524 1508 3567 cx

218 3610 313 3669 leima
336 3607 447 3669 scilicet
466 3608 583 3686 generis
598 3608 703 3677 omnis,
726 3625 782 3688 que
801 3607 832 3667 in
847 3608 971 3685 positive
992 3607 1086 3684 gradu
1108 3607 1285 3673 nominative
1302 3623 1373 3668 casu
1390 3609 1509 3671 numeri

219 3707 375 3786 singularis
397 3709 515 3770 nomina
538 3727 586 3770 ers
607 3708 711 3770 lilleris
733 3709 927 3778 deliniuntur,
957 3709 1014 3770 hec
1041 3726 1208 3777 menemus,
1239 3709 1318 3788 qued
1342 3726 1378 3770 ee
1406 3708 1509 3788 plures

220 3811 299 3878 seni,
322 3809 377 3870 liec
399 3817 443 3871 est
463 3829 497 3871 eo
518 3809 644 3889 plurima
664 3811 797 3879 nemina,
820 3810 952 3872 exhiberi
974 3813 1095 3890 possim.
1139 3829 1175 3872 ex
1196 3811 1290 3871 ferma
1312 3811 1431 3890 generis
1451 3812 1508 3874 sci-

218 3911 287 3973 licet
308 3913 418 3981 emnis,
449 3930 506 3991 qua
533 3913 562 3972 in
588 3912 712 3990 positive
735 3911 829 3988 gradu
850 3913 1026 3973 nominative
1050 3930 1118 3973 casu
1139 3913 1254 3974 numeri
1275 3911 1433 3990 singularis
1455 3932 1519 3975 uo·-

181 4023 207 4066 ³⁵
221 4014 298 4074 mina
317 4031 366 4073 ers
387 4012 491 4074 litteris
511 4013 703 4081 deliniuntur,
730 4012 787 4073 hec
809 4032 978 4082 enodemus,
1007 4014 1086 4094 quod
1112 4034 1147 4076 eo
1176 4014 1243 4094 plus
1263 4033 1351 4096 quem
1370 4015 1410 4077 xl
1432 4016 1509 4087 seni,

219 4115 277 4177 hec
297 4123 340 4176 est
362 4113 401 4176 xl
423 4116 550 4184 nemina,
571 4113 705 4177 exhiberi
725 4132 783 4176 noe
805 4117 927 4196 possint.
948 4112 953 4198 Ι
971 4133 1051 4176 nune
1072 4118 1158 4178 eliam
1179 4116 1237 4178 hcc
1257 4117 1426 4197 quaeritur,
1450 4136 1510 4197 qua

288 4347 402 4411 dsuprc
420 4344 546 4396 dunello
598 4342 737 4395 dneminc
754 4360 799 4396 om.
820 4348 852 4410 ll,
871 4347 932 4398 add.
953 4363 969 4396 r
1022 4346 1055 4397 10
1075 4361 1154 4412 supra
1172 4336 1255 4398 dlc'lee
1271 4346 1295 4396 ll
1310 4345 1477 4412 supi-adme
1494 4364 1514 4399 r

289 4415 321 4468 21
341 4415 399 4483 plus
415 4429 491 4480 quem
511 4415 533 4464 ll
551 4415 613 4464 seni.
626 4413 675 4464 hec
690 4426 729 4466 εει
744 4432 819 4481 quem
833 4418 857 4467 11
874 4416 1012 4468 nominali
1031 4417 1088 4483 plus
1104 4417 1216 4480 quamv
1231 4417 1287 4467 seni
1305 4415 1354 4466 hoe
1372 4424 1414 4468 ecl
1432 4433 1512 4482 quam

221 4488 331 4552 qulnque
349 4486 452 4536 nemine
469 4501 485 4533 r
572 4483 606 4534 29
624 4485 726 4535 nomina
746 4504 792 4539 om.
812 4487 844 4551 R,
860 4488 921 4536 add.
940 4503 955 4535 r
1038 4486 1073 4537 32
1093 4488 1194 4537 nemine
1212 4502 1258 4536 om.
1277 4485 1309 4541 fl.
1327 4485 1390 4537 add.
1409 4502 1426 4535 r

220 4557 254 4609 33
272 4557 310 4607 ad
323 4556 487 4620 definitionem
503 4557 622 4605 nominum
639 4557 665 4605 in
682 4570 724 4605 ors
741 4558 867 4619 finitorum
884 4559 909 4608 in
927 4559 1011 4609 codice
1029 4558 1185 4619 adscriptam
1203 4560 1268 4606 eme‘
1282 4558 1357 4607 aliem
1374 4558 1513 4609 eorundem

220 4629 339 4678 neminum
353 4626 517 4690 definitionem
535 4625 775 4679 adnotamentis
793 4628 816 4678 ll
833 4631 884 4683 ite.
911 4642 944 4676 ex
962 4626 1045 4678 leima
1067 4627 1169 4694 generis
1187 4626 1284 4677 seilicet
1304 4628 1388 4676 omnis
1413 4643 1465 4692 qna
1482 4629 1511 4679 in

221 4697 333 4765 positiuo
353 4696 435 4762 gradu
456 4696 615 4746 nominatiuo
634 4710 695 4747 casu
712 4710 780 4748 num.
800 4698 867 4764 sing.
884 4696 986 4747 nemina
1005 4712 1047 4748 ers
1065 4696 1156 4746 litteris
1174 4695 1329 4746 definiuntur
1351 4696 1400 4746 hee
1421 4712 1512 4748 mone-

221 4782 278 4819 mus
299 4768 367 4831 quod
386 4782 419 4833 ee·
438 4766 496 4832 plus
517 4780 592 4830 quem
611 4774 666 4818 oete
682 4768 739 4817 seni
763 4767 812 4818 lice
830 4776 869 4819 ecl
893 4783 923 4818 eo
941 4768 1049 4832 plurime
1068 4769 1171 4816 nomina
1196 4765 1310 4816 exhiberi
1329 4780 1381 4816 nen
1398 4768 1512 4833 possim,

221 4853 292 4906 quam
309 4839 462 4901 scripturam
480 4843 631 4900 receperunt
648 4852 677 4887 rc
