3314 5506
228 386 290 451 562
790 376 944 459 [stituit]

277 489 295 530 r.
308 488 334 531 ra
346 489 394 529 eon
407 487 459 528 mv.

310 569 439 629 Scaurus
459 565 694 646 praepositiones
715 565 873 626 accusativi
894 581 979 625 casus
991 565 1043 624 aio
1064 563 1175 641 posuit,
1196 581 1251 643 per
1272 563 1348 643 apud
1365 564 1468 625 adroso

227 668 273 730 uls
295 668 331 730 ad
353 686 446 748 usque
468 685 545 748 poue
567 684 655 745 supra
679 674 781 727 contra
799 667 842 725 cis
864 667 937 726 citra
960 663 1035 726 ultra
1056 662 1166 726 strbtim
1181 682 1276 745 prope
1297 667 1370 727 iuxta
1388 667 1467 727 motu

227 771 265 832 ob
287 779 355 832 ante
377 769 538 830 secundum
567 775 686 848 praeter
707 774 829 847 propter
850 766 927 826 intra
949 767 1027 826 circa
1050 774 1132 827 extra
1154 775 1222 847 post
1243 768 1320 827 iuter
1341 784 1402 846 erga
1416 765 1468 827 clau

227 881 309 934 trans
335 889 440 951 penes,
469 879 502 931 ut
526 888 580 950 per
607 869 773 936 hominem,
802 866 879 948 apud
906 867 1145 944 grammaticum,
1173 867 1314 930 adsersus
1337 867 1420 946 leges,
1438 866 1468 928 uls

200 975 422 1055 sprorinciam,
445 971 481 1033 ad
503 973 646 1042 amicum,
669 986 763 1047 usque
778 968 916 1038 Romam,
939 986 1017 1048 poue
1039 968 1133 1040 loros,
1155 987 1246 1049 supra
1267 988 1378 1050 regem,
1398 976 1468 1030 uota

224 1077 286 1145 ius,
309 1076 351 1134 cis
366 1072 504 1144 Galliam,
528 1075 601 1135 citra
623 1071 739 1142 sedem,
762 1069 837 1133 ultra
859 1069 1011 1142 familiam,
1034 1069 1138 1132 subtus
1158 1072 1276 1150 iugum,
1297 1090 1385 1152 prope
1401 1071 1468 1140 meu

225 1179 304 1238 iuxta
326 1184 471 1246 montem,
495 1177 607 1236 circum
629 1180 762 1253 portum,
785 1171 824 1233 ob
839 1173 990 1242 iniuriam,
1014 1171 1217 1243 antecedam,
1239 1172 1469 1239 seeundumuttt

224 1285 344 1358 praeter
372 1295 471 1357 spem,
500 1282 622 1357 propter
649 1292 768 1355 aquam,
798 1276 875 1335 intra
897 1292 1020 1344 anuum,
1048 1275 1127 1336 circa
1155 1275 1315 1345 rationem,
1336 1284 1409 1337 extra
1423 1274 1469 1335 bat·

223 1387 301 1450 tum,
323 1386 390 1460 post
410 1395 542 1448 anuum,
564 1379 641 1439 iuter
657 1375 775 1447 domos,
798 1394 868 1456 erga
891 1394 954 1436 rem
977 1373 1139 1455 publicam,
1161 1383 1244 1437 trans
1266 1376 1393 1447 durium,
1409 1392 1470 1437 secu

187 1488 359 1561 repartum,
391 1478 465 1541 olam
494 1496 628 1541 uxorem.
672 1476 790 1559 ablativi
816 1496 902 1539 casus
928 1487 998 1538 sunt
1023 1476 1092 1548 hae,
1121 1496 1138 1538 a
1166 1476 1204 1539 ab
1226 1477 1279 1540 abs
1300 1477 1337 1539 de
1355 1496 1373 1539 e
1389 1495 1417 1539 er
1433 1493 1470 1557 pn

224 1601 296 1663 prae
318 1600 385 1644 cum
407 1583 470 1643 sine
493 1588 580 1642 tenus
602 1597 703 1641 coram
718 1578 830 1661 palam,
854 1588 924 1640 uta
946 1576 1022 1647 solo,
1047 1577 1084 1639 ab
1107 1577 1197 1651 urbe,
1219 1579 1258 1640 de
1276 1579 1375 1658 domo,
1393 1576 1469 1645 ovilla

224 1702 260 1744 ex
288 1682 406 1753 ordine,
435 1701 490 1763 pro
518 1683 597 1752 iure,
632 1700 703 1762 prae
732 1683 853 1753 virtute,
884 1672 957 1742 cum'
978 1680 1073 1751 socio,
1102 1682 1166 1742 siue
1194 1680 1268 1751 flue,
1297 1690 1380 1743 tenus
1400 1696 1469 1741 crure

224 1803 324 1846 coram
346 1792 445 1865 patre,
468 1783 565 1865 palam
580 1781 649 1844 lilio.
680 1784 710 1842 in
733 1789 830 1845 autem
854 1789 883 1843 et
904 1780 959 1842 sub
982 1789 1011 1842 et
1033 1780 1135 1843 subter
1156 1784 1274 1861 utrique
1295 1780 1397 1862 pariter
1414 1779 1469 1841 casui

223 1888 367 1956 serviunt,
391 1904 457 1946 cum
479 1886 510 1945 in
533 1883 598 1946 loco
622 1883 716 1965 [rem]
740 1885 905 1963 significare
927 1881 1064 1953 velimus,
1089 1881 1229 1953 ablativo;
1259 1902 1324 1945 cum
1344 1884 1373 1943 in
1391 1882 1468 1946 lacurn

185 2010 210 2051 n
223 1989 403 2058 accusativo,
431 1993 464 2049 ut
492 1987 522 2048 in
548 1987 613 2048 loro
641 2005 707 2047 sum
736 1995 764 2047 et
790 1987 821 2047 iu
849 1986 946 2046 lorum
970 2003 1023 2056 eo,
1054 1983 1115 2066 [ut]
1138 1985 1193 2046 sub
1217 1993 1294 2046 tecto
1315 2004 1374 2046 sum
1393 1979 1468 2043 etsub

222 2098 331 2151 tectum
354 2088 443 2176 lugia.

679 2256 727 2317 DE
748 2255 1050 2319 lNTElllEC'llONE.

307 2394 365 2455 Cur
387 2393 552 2454 interiectio
568 2391 645 2454 dieta
667 2394 755 2453 sitin
776 2394 873 2471 primo
896 2392 971 2453 libro
995 2393 1172 2462 nouumus,
1196 2411 1231 2453 eo
1253 2392 1330 2473 quod
1352 2391 1405 2454 aliis
1421 2406 1467 2468 par

224 2494 301 2556 tibus
323 2495 475 2555 interiecta
498 2495 550 2565 sit,
573 2495 663 2555 animi
686 2477 836 2556 adlectum
855 2494 1032 2573 significans.
1077 2496 1156 2555 vario
1179 2502 1276 2555 autem
1305 2494 1408 2555 adiectu
1424 2506 1467 2551 uo

186 2615 334 2659 novemur.
379 2614 446 2656 nam
474 2607 525 2657 aut
552 2594 709 2666 laetamur,
740 2605 773 2657 ut
795 2594 886 2665 baoh;
914 2603 964 2655 aut
985 2595 1130 2665 dolemus,
1154 2604 1186 2655 ut
1207 2595 1282 2665 uem
1304 2603 1352 2656 aut
1370 2588 1467 2654 ammad-

222 2699 371 2768 rertimus,
397 2707 427 2758 ut
450 2704 535 2766 attat;
570 2705 620 2757 aut
646 2696 763 2758 ridiculi
791 2697 1073 2758 animadversionem
1107 2698 1313 2777 exprimimus,
1338 2704 1368 2756 ut
1391 2691 1468 2754 uta.

221 2798 298 2881 apud
321 2796 455 2860 Plautum
478 2806 548 2860 sunt
569 2798 712 2878 quaedam
740 2808 840 2877 partes
868 2800 1009 2860 orationis
1031 2818 1086 2879 pro
1108 2797 1358 2860 interiectionibus
1377 2795 1467 2875 pasus

221 2919 290 2963 nam
313 2909 343 2962 et
361 2899 506 2979 Vergilius
527 2902 571 2961 sic
592 2901 697 2978 posuit,
722 2902 986 2980 ‘sequiturque
1009 2901 1113 2961 nelas
1134 2902 1314 2980 Aegyptia
1336 2898 1468 2960 coniur’:

221 3004 304 3064 netas
325 3003 374 3063 hic
397 3003 474 3063 enim
497 3002 663 3062 interiectio
686 3008 744 3061 est:
774 3009 803 3061 et
826 3001 1082 3081 ‘pecudesque
1112 3000 1260 3063 locutae
1292 2995 1468 3063 lniauduu'

181 3125 207 3167 ns
222 3122 275 3182 pro
297 3103 430 3165 inlande:
456 3106 525 3165 item
549 3121 604 3184 pro
626 3100 727 3173 dolor,
750 3121 804 3183 pro
826 3103 930 3184 pudor,
944 3122 1010 3164 cum
1033 3103 1173 3171 dicimus,
1197 3112 1227 3165 et
1247 3104 1329 3184 siqua
1343 3095 1469 3163 scutulis.

759 3275 829 3281 ..ω-
842 3276 891 3283 ...-
904 3278 936 3282 .—

304 3406 411 3476 3intra]
432 3408 498 3458 inira
516 3409 540 3456 L
609 3406 694 3474 tuis]
717 3408 816 3458 uulsL
899 3409 1008 3459 ilsecus
1026 3420 1127 3473 portum
1138 3418 1229 3473 postea
1243 3410 1352 3459 additus
1367 3402 1470 3458 essendo

219 3489 268 3542 tur,
286 3482 407 3546 siquidem
424 3492 499 3530 secus
514 3482 580 3529 inter
593 3481 796 3541 praepositiones
808 3494 825 3527 a
843 3478 941 3530 Scauro
956 3483 1057 3542 positas
1072 3495 1152 3542 snpra
1167 3495 1216 3530 non
1232 3482 1349 3542 scriptun
1363 3486 1403 3530 est.
1415 3486 1471 3537 prte-

218 3560 289 3602 terea
308 3554 446 3615 eccenpltan
462 3549 660 3614 praepositiones
678 3563 755 3612 penes
773 3550 885 3598 omissum
903 3557 943 3599 est
1013 3549 1045 3598 tu
1060 3548 1164 3603 hueeL
1235 3549 1351 3599 eancL
1413 3545 1433 3596 ll
1448 3554 1472 3590 et

219 3623 280 3672 uilla
297 3623 321 3671 L
393 3622 425 3671 12
444 3629 517 3670 tenus
537 3634 610 3669 cruce
628 3619 651 3666 L
724 3619 755 3671 19
773 3626 889 3668 mouetur
906 3619 931 3667 L
1011 3617 1045 3669 23
1064 3616 1238 3684 sequiturque]
1266 3620 1343 3685 Verp.
1361 3608 1471 3667 senili

219 3692 270 3743 688
341 3694 375 3743 nt
392 3685 564 3757 pecudesque]
587 3690 665 3753 Verp.
682 3704 770 3752 pearp.
791 3688 868 3737 1478
939 3689 972 3739 25
990 3688 1059 3742 talia.
1084 3689 1126 3738 hic
1143 3689 1341 3739 adscribendum
1359 3680 1472 3736 utileiali·

219 3777 305 3811 comm
320 3776 384 3824 quae
401 3769 460 3811 sunt
474 3759 638 3824 producenda
656 3773 720 3819 quae
739 3758 910 3822 corripienda.
930 3775 945 3808 a
963 3758 1046 3807 littera
1063 3759 1212 3808 terminatus
1225 3759 1393 3809 nominalium
1406 3757 1472 3817 singa-

220 3831 279 3879 lurie
299 3831 383 3880 breuis
397 3840 435 3879 est
451 3830 613 3894 —exceptis
631 3828 728 3877 seilicet
742 3830 869 3893 positione
887 3828 972 3893 longis
986 3835 1029 3876 uut
1047 3828 1177 3894 diptougis
1196 3844 1261 3890 quse
1277 3829 1389 3878 omuibus
1401 3826 1472 3890 pauit

219 3899 314 3964 explici
332 3899 430 3948 lluiales
444 3898 467 3945 L
483 3899 515 3962 (s.
532 3896 601 3960 ili).
621 3901 809 3949 competitorum
821 3897 853 3946 de
869 3897 975 3962 opilabis
988 3898 1107 3959 finalibus
1119 3896 1165 3946 doc
1183 3900 1238 3947 loco
1251 3901 1276 3947 in
1294 3898 1377 3949 codiee
1389 3894 1473 3955 carlom

218 3984 253 4020 cco
267 3968 352 4018 codem
369 3967 451 4018 libello
465 3969 558 4030 petitus
573 3975 619 4029 est,
636 3969 707 4018 caius
718 3970 830 4031 priorem
843 3975 942 4029 partem
957 3983 1038 4031 supra
1052 3967 1076 4030 f.
1095 3967 1128 4018 55
1145 3967 1283 4018 coctionum
1296 3983 1351 4018 esse
1361 3966 1474 4015 amnem

218 4047 256 4088 est
266 4053 294 4102 p.
305 4038 366 4098 52⁸2,
382 4038 427 4087 12:
445 4039 479 4099 cs.
493 4038 565 4088 Sero.
582 4036 695 4099 desinat.
708 4054 737 4102 p.
751 4036 894 4090 1803—10.
913 4037 952 4086 lais
965 4037 1078 4088 subiecta
1089 4044 1146 4086 snut
1157 4039 1182 4086 in
1194 4038 1280 4088 codice
1289 4038 1473 4101 praeceptam·

217 4114 306 4155 etnroe
327 4122 362 4157 esc
377 4106 498 4157 Bobiensi
517 4107 602 4156 codice
619 4108 687 4156 edita
709 4110 777 4157 anal.
794 4123 897 4172 pronun.
917 4106 1023 4157 Vindob.
1040 4121 1067 4168 p.
1083 4105 1142 4165 506,
1157 4108 1348 4170 quatuordeeim
1364 4111 1473 4156 structum

218 4185 399 4242 praccepta-
417 4177 562 4237 retardauit,
583 4184 608 4225 et
625 4177 707 4228 breuis
725 4178 861 4240 disputatio
883 4177 914 4225 de
934 4175 1027 4227 Latino
1045 4191 1171 4240 sermone,
1202 4175 1290 4227 Omnis
1311 4178 1397 4226 latinus
1411 4182 1472 4223 serm·

217 4246 299 4296 tribus
324 4245 399 4294 rebus
418 4254 516 4296 tenetur
536 4261 584 4297 usu
608 4255 662 4296 erte
684 4248 831 4298 auctoritate
853 4274 884 4282 —
911 4247 952 4296 ille
975 4256 1057 4296 tamen
1075 4261 1137 4296 risus
1162 4247 1310 4310 probandus
1329 4257 1368 4298 est
1391 4244 1428 4306 qui
1443 4244 1473 4288 ¹⁰¹

217 4315 327 4366 euhonia
339 4315 402 4378 (scr.
423 4315 540 4381 eulonia)
557 4315 685 4382 colligitur
703 4326 746 4366 aut
764 4324 888 4367 uetustate
905 4327 1021 4367 seruatur
1030 4312 1056 4381 ll
1070 4317 1101 4380 (f.
1116 4316 1172 4377 72).
1190 4314 1473 4381 seqaumraeutew·

216 4387 332 4437 mentarii
348 4388 380 4436 de
394 4385 560 4451 barbarismo,
578 4387 610 4436 de
627 4391 779 4444 soloecismo,
793 4389 825 4436 de
844 4387 934 4437 ceteris
949 4388 1024 4448 sitim,
1041 4388 1260 4449 demetaplasmis,
1280 4388 1314 4437 de
1333 4378 1473 4437 selant&

217 4457 248 4504 de
266 4457 354 4518 tropis.
378 4472 414 4507 ex
431 4456 469 4508 tos
481 4473 553 4506 nnnn
566 4458 598 4506 de
616 4458 759 4508 soloecismo
776 4458 971 4506 consuentariaun
988 4460 1109 4521 inceps-ron
1126 4456 1245 4514 estmoe
1263 4472 1299 4506 eo:
1315 4456 1416 4522 reliquis,
1432 4449 1473 4514 sti*

216 4533 240 4575 et
256 4527 413 4590 neplepenter
425 4529 516 4590 scripti
530 4534 588 4575 sient
609 4534 633 4575 et
658 4526 719 4577 nibil
740 4528 799 4590 sere
820 4527 887 4592 quod
907 4529 1006 4592 aipnnn
1028 4542 1085 4577 esse
1102 4527 1218 4576 mensoria
1237 4525 1355 4577 uideatur
1369 4522 1473 4575 eoam

214 4611 301 4659 pauco
319 4598 342 4644 in
360 4597 520 4646 adnotatione
536 4597 671 4658 adscripsi.
709 4595 745 4646 De
760 4597 915 4647 barbarismo
928 4599 1069 4660 ceterisque
1085 4597 1155 4646 uitis.
1180 4595 1356 4646 Barbarismus
1371 4587 1473 4644 estdist'tt

217 4664 303 4728 aliqua
322 4676 392 4729 purte
409 4667 502 4716 uitiosa
517 4666 557 4714 uel
570 4666 740 4716 enuntiatione
759 4667 800 4715 uel
817 4668 909 4730 scripto
920 4693 954 4702 —
968 4666 1106 4717 infantibus
1120 4666 1232 4716 scribere
1248 4666 1377 4726 debemus,
1392 4672 1413 4712 et
1428 4670 1472 4708 tot

217 4749 355 4799 numquam
377 4736 391 4783 b
410 4736 591 4801 adpungimus,
612 4746 636 4784 et
655 4735 719 4784 iacit
741 4738 764 4788 b.
786 4736 965 4787 salsamentum
990 4738 1017 4799 (l.
1036 4736 1185 4785 salmeutum
1205 4730 1473 4801 praemonendus

217 4805 292 4854 modo
314 4815 476 4870 paumeutum
494 4821 540 4871 pro
558 4807 714 4869 pauimento.
741 4806 773 4855 de
794 4807 878 4856 medio
898 4806 1055 4856 subtrahitur
1073 4804 1183 4868 syllaba,
1202 4806 1297 4869 ‘unius
1318 4805 1350 4854 ob
1375 4797 1473 4852 nortn’t

216 4873 292 4939 longa
321 4888 377 4924 esse
402 4875 523 4926 debuerat
540 4875 566 4923 ui
584 4882 609 4924 et
632 4874 688 4926 loco
715 4875 801 4965 breuis
826 4886 865 4928 est
890 4877 988 4942 posita,
1016 4873 1194 4925 antibacchum
1216 4875 1303 4941 posuit
1325 4889 1370 4941 pro
1386 4865 1473 4932 dactylo
