3346 5506
222 377 284 441 ros
791 367 944 452 [senon]

175 637 177 641 ἢ
223 576 379 639 praesens:
404 576 464 617 non
485 575 604 636 possum
628 556 727 617 dicere
748 556 832 636 logo,
855 557 911 619 nisi
925 556 995 619 dum
1009 554 1091 634 lego,
1115 556 1185 618 dum
1207 557 1239 618 in
1257 477 1513 638 ipsbbbrd'bun.

224 678 295 739 ergo
317 661 344 722 si
364 659 438 720 milri
460 660 539 720 dicas
561 658 646 738 ‘lege
661 659 734 719 mibi
750 657 937 738 Vergilium’,
961 666 991 720 et
1012 657 1114 720 dixero
1136 657 1217 738 lego,
1240 657 1439 723 soloecismus
1459 668 1513 723 est.

223 781 292 824 nam
327 781 394 823 cnm
428 761 524 822 adhuc
556 762 588 822 in
620 779 653 822 re
682 778 741 822 non
769 763 839 827 sim,
868 779 926 841 qno
955 760 1043 823 modo
1070 778 1212 841 praesens
1233 768 1352 842 tempus
1373 761 1514 825 admmnl

224 882 295 943 ergo
324 862 466 924 debemus
494 862 592 924 dicere
620 861 727 941 legem.
764 864 957 943 praeteritum
985 869 1100 944 tempus
1121 871 1183 925 tres
1203 862 1295 925 babet
1315 866 1448 944 species,
1469 866 1515 927 in·

187 986 199 1023 ⁵
224 965 386 1045 perfectam
415 964 578 1044 perfectam
610 963 938 1044 plusquamperIectam.
982 964 1178 1044 lnporlectnm
1210 972 1327 1047 tempus
1359 975 1406 1028 est
1436 966 1515 1048 quod

226 1069 366 1129 omissum
395 1074 453 1137 est,
483 1074 640 1145 antequam
668 1065 872 1146 conpleretur,
901 1065 1050 1146 legebam:
1084 1068 1211 1130 ostendit
1238 1085 1270 1128 se
1295 1064 1301 1151 Ι
1324 1065 1433 1147 legisse
1461 1086 1516 1131 nee

226 1168 388 1248 conplesse.
434 1169 599 1249 perlectum
626 1167 735 1230 dieitur
765 1168 844 1249 quod
866 1169 1007 1230 omissum
1031 1176 1076 1232 est
1097 1188 1164 1232 oum
1185 1188 1220 1231 re
1240 1172 1306 1250 ipsa
1326 1169 1416 1251 paulo
1437 1179 1515 1240 ente.

225 1271 342 1352 quando
364 1290 427 1332 rem
457 1272 581 1332 omisisti
609 1278 639 1331 et
660 1278 791 1350 tempus:
820 1277 888 1350 puta
911 1269 982 1332 tollo
1002 1271 1150 1342 codicem,
1179 1270 1246 1351 lego
1268 1280 1298 1335 et
1318 1289 1449 1353 repono,
1471 1274 1516 1335 in·

225 1383 360 1453 terrogas
387 1391 435 1433 me
458 1372 546 1452 ‘quid
569 1373 697 1434 lecistil'
728 1372 793 1433 dico
815 1373 889 1451 ‘ego
910 1372 970 1450 legi
978 1378 998 1445 ’,
1030 1375 1098 1456 quia
1120 1381 1151 1434 et
1173 1373 1246 1435 desii
1267 1372 1368 1453 legere
1390 1381 1421 1436 et
1442 1383 1516 1436 mm·

189 1493 213 1532 ro
226 1494 281 1557 pus
303 1478 444 1538 omissum
473 1482 526 1535 est.
571 1475 596 1535 si
623 1471 787 1535 antemnis
814 1482 847 1535 nt
873 1475 1036 1554 significem
1063 1493 1111 1538 me
1137 1474 1208 1537 olim
1229 1472 1350 1555 legisse,
1375 1475 1442 1538 dico
1463 1476 1516 1538 tibi

228 1577 389 1657 ‘legeram
418 1578 461 1639 sic
488 1577 619 1638 venisti’.
664 1576 829 1656 perlectum
857 1583 903 1638 est
929 1576 1007 1658 quod
1035 1595 1102 1640 oum
1130 1595 1164 1639 re
1192 1578 1350 1649 omittitur;
1378 1580 1518 1658 quotiens

226 1685 322 1741 antem
347 1677 416 1740 olim
440 1697 495 1740 nos
516 1677 627 1759 aliquid
651 1678 776 1758 gessisse
798 1685 1009 1750 monstramus,
1037 1679 1356 1761 plusquamperloctnm
1380 1687 1435 1742 est.
1473 1680 1518 1742 ln·

226 1790 325 1843 turum
347 1780 492 1860 estquod
515 1781 586 1851 erit,
610 1797 670 1841 non
692 1779 770 1861 quod
794 1787 847 1842 est.
892 1787 923 1842 et
950 1780 999 1842 hic
1021 1783 1100 1843 enim
1122 1782 1156 1843 iit
1176 1782 1293 1862 saepius
1314 1780 1518 1843 soloecismus.

227 1885 321 1961 surgit
343 1882 448 1963 aliquis
469 1900 555 1944 mane
577 1890 607 1944 et
629 1882 700 1942 dicit
721 1883 889 1945 ‘circenses
903 1888 999 1955 sunt',
1023 1882 1150 1945 diluculo
1173 1884 1268 1962 surgit
1289 1881 1411 1961 aliquis,
1435 1893 1518 1945 ante·

189 2000 214 2041 rs
228 2004 317 2067 quarn
341 1987 408 2065 equi
431 1987 550 2047 veniant
571 1990 601 2045 et
622 1982 730 2065 aliquid
752 1992 857 2064 agatur
871 1987 903 2046 in
918 1987 1008 2054 circo,
1029 1993 1059 2046 et
1077 1985 1148 2047 dicit
1169 1986 1339 2047 ‘circenses
1353 1991 1452 2047 sunt’.
1475 1994 1520 2047 at·

227 2088 297 2167 quin
320 2085 417 2147 adbuc
439 2104 498 2147 non
521 2095 598 2148 sunt.
642 2093 712 2148 sunt
733 2088 812 2148 enim
834 2104 975 2168 praesens
998 2094 1113 2167 tempus
1135 2087 1279 2166 significat
1301 2095 1331 2148 et
1352 2086 1382 2148 id
1405 2088 1436 2148 in
1459 2106 1519 2169 qno

187 2251 190 2257 ,
228 2207 276 2250 res
298 2190 420 2267 geritur.
464 2206 530 2250 cum
559 2196 658 2251 autern
686 2187 782 2250 adhuc
810 2187 882 2250 nibil
905 2195 1039 2269 geratur,
1062 2188 1114 2250 sed
1136 2196 1203 2268 post
1224 2188 1328 2250 boram
1351 2189 1518 2268 gerendum

227 2293 278 2362 sit,
313 2308 373 2350 non
407 2288 550 2352 debemus
578 2289 677 2351 dicere
712 2291 883 2352 ‘circenses
911 2294 1008 2362 sunt’,
1039 2291 1091 2352 sed
1120 2292 1285 2352 ‘circenses
1314 2294 1429 2352 ernnt’.
1477 2293 1519 2353 ris

230 2394 316 2464 scire,
340 2411 428 2473 quam
450 2410 552 2453 verum
574 2393 628 2452 sttt
651 2411 667 2453 e
690 2393 839 2454 contrario
860 2401 1000 2455 converte
1022 2411 1149 2454 sensum.
1173 2392 1292 2455 dimittit
1306 2393 1405 2455 circus
1419 2401 1518 2455 stante

190 2510 217 2550 ro
232 2495 328 2557 adhuc
350 2495 412 2564 die,
436 2511 502 2555 oum
525 2493 621 2556 adbuc
642 2493 731 2555 bodie
752 2494 805 2565 sit,
828 2493 857 2554 id
880 2502 925 2559 est
946 2495 1022 2558 dies:
1051 2494 1188 2558 locuntur
1209 2495 1346 2557 homines
1368 2493 1405 2555 de
1427 2496 1518 2564 circo,

229 2596 371 2678 numquid
393 2596 493 2657 dicunt
522 2595 629 2658 ‘bodie
658 2597 807 2658 circenses
828 2597 931 2659 sunt'l
959 2597 1011 2658 sed
1034 2596 1136 2659 dicunt
1157 2596 1261 2659 ‘bodie
1282 2598 1433 2658 circenses
1455 2597 1519 2658 lue·

229 2705 326 2762 rnnt'.
371 2716 443 2778 ergo
471 2699 496 2759 si
525 2699 589 2778 ipsa
617 2697 664 2759 die
692 2716 753 2759 uon
780 2706 878 2778 potest
904 2698 1004 2761 dicere
1031 2708 1113 2770 sunt,
1136 2699 1188 2760 sed
1211 2697 1345 2770 luerunt.
1369 2716 1425 2759 nec
1447 2696 1519 2761 illud

229 2808 326 2881 potest
353 2800 452 2861 dicere
480 2801 647 2862 ‘circenses
675 2806 772 2870 sunt',
801 2807 959 2881 antequam
980 2801 1049 2861 sint.
1092 2799 1228 2862 similiter
1248 2799 1444 2862 soloecismus
1464 2808 1520 2870 esi,

229 2905 254 2964 si
276 2903 377 2963 dixero
407 2908 491 2963 ‘oras
513 2901 549 2962 ad
578 2909 607 2963 te
629 2901 713 2963 venio
741 2909 771 2962 et
791 2900 857 2981 lego
879 2901 964 2965 tibi’:
998 2921 1063 2964 cras
1085 2905 1163 2964 enim
1186 2903 1277 2966 inturi
1298 2903 1444 2980 temporis
1466 2909 1519 2973 est,

192 3004 297 3083 relego
319 3007 496 3084 praesentis:
524 3003 682 3065 dicendum
711 3012 755 3066 est
781 3005 864 3066 ‘cras
891 3004 929 3065 ad
955 3012 984 3066 te
1012 3006 1126 3066 veniam
1154 3013 1184 3066 et
1205 3003 1300 3083 legam
1324 3003 1406 3064 tibi’.
1451 3005 1520 3064 satis

231 3107 365 3167 homines
395 3106 581 3185 decipiuntur
610 3108 640 3166 in
663 3107 777 3167 ratione
800 3116 967 3185 temporum
989 3108 1129 3175 istorum,
1151 3106 1275 3186 perlecti
1297 3112 1327 3165 et
1349 3103 1519 3185 plusquam·

231 3208 371 3287 perlecti,
395 3209 419 3268 si
443 3208 522 3269 dicas
545 3209 629 3269 ‘beri
651 3209 694 3268 sic
717 3209 835 3278 venisti,
858 3207 1006 3287 legeram’
1030 3217 1060 3269 et
1081 3207 1325 3269 ‘nudiustertius
1346 3207 1390 3266 sic
1406 3208 1520 3277 venuti,

231 3319 385 3391 postquam
414 3308 504 3389 legi’:
537 3309 644 3371 nudius
673 3311 776 3371 tertius
810 3312 888 3371 enim
917 3309 1065 3371 ulterioris
1097 3310 1239 3389 temporis
1272 3308 1519 3386 significationem

231 3411 320 3473 habet
351 3430 438 3493 qnam
470 3412 550 3481 beri;
584 3413 655 3472 item
684 3411 815 3490 legeram
843 3410 1015 3472 ulteriorem
1042 3412 1285 3490 significationem
1314 3409 1403 3470 babet
1431 3430 1519 3490 quam

194 3528 219 3569 ιι
234 3514 300 3594 legi.
345 3533 415 3594 ergo
444 3531 538 3591 nuper
566 3522 713 3575 transacto
743 3514 868 3594 tempori
896 3513 947 3576 das
970 3533 1034 3575 rem
1056 3513 1126 3575 olim
1150 3520 1275 3592 gestam,
1301 3509 1305 3592 Ι
1332 3520 1362 3572 et
1385 3510 1521 3573 ulteriori

232 3619 357 3697 tempori
379 3618 431 3678 das
453 3634 517 3677 rom
540 3635 636 3694 nuper
658 3625 781 3695 gestam.
812 3618 852 3677 ita
875 3634 945 3695 ergo
969 3614 1125 3676 dicendum
1148 3623 1200 3684 est„
1224 3613 1302 3673 ‘beri
1319 3621 1389 3675 tunc
1406 3615 1518 3682 venisti,

232 3728 386 3801 postquam
410 3718 494 3796 legi’,
519 3718 647 3778 ‘nudius
670 3719 774 3779 tertius
796 3719 839 3778 sic
861 3719 980 3789 venisti,
1004 3717 1162 3797 legeram’.

315 3822 372 3883 Sed
395 3821 468 3882 baec
490 3830 623 3900 tempora
646 3838 712 3880 cum
735 3819 872 3881 omuibus
893 3821 1045 3900 praeteriti
1066 3819 1207 3898 temporis
1229 3815 1385 3897 speciebus
1407 3820 1520 3878 nonin

231 3923 368 3985 erunibus
396 3922 491 4000 modis
522 3923 719 3982 inveniuntur.
765 3939 832 3982 nam
860 3921 1033 3983 indicativus
1063 3922 1160 3981 omnia
1187 3918 1290 3988 babet,
1322 3938 1465 3998 praesens
1491 3929 1520 3979 et

192 4053 217 4092 ³5
231 4026 384 4103 praeteriti
412 4032 472 4085 tres
499 4024 613 4105 species
640 4032 669 4084 et
697 4024 837 4084 loturum.
882 4024 1070 4103 imperativus
1092 4022 1150 4083 duo
1172 4029 1285 4083 tantum
1307 4019 1411 4092 babet,
1436 4040 1519 4102 prae·

231 4146 300 4188 sens
332 4133 362 4186 ct
394 4126 534 4186 luturnm.
575 4133 644 4185 sunt
676 4136 774 4187 tamen
801 4127 852 4206 qni
880 4125 982 4186 dicnut
1010 4143 1100 4184 unum
1127 4122 1238 4184 lrabere
1264 4131 1395 4202 tempus,
1425 4123 1455 4184 id
1479 4132 1520 4184 est

232 4246 387 4308 praesens:
411 4245 477 4289 nam
500 4227 631 4288 luturum
653 4236 782 4289 nonest
808 4228 1028 4307 imperativum,
1057 4225 1110 4286 sed
1133 4225 1320 4294 mandatum
1348 4225 1418 4285 dum
1443 4227 1518 4285 enim

234 4350 293 4391 non
316 4331 362 4401 iit,
386 4349 446 4390 non
468 4338 510 4390 cst
533 4331 700 4409 imperium.
730 4329 842 4392 addunt
863 4328 912 4390 alii
934 4329 1065 4389 lutnrum
1088 4337 1217 4407 tempus,
1240 4335 1273 4388 nt
1293 4325 1393 4404 legito.
1438 4335 1517 4406 opta·

232 4435 308 4494 tirus
330 4430 435 4492 modus
458 4433 555 4493 omnia
578 4430 681 4502 babet,
704 4431 756 4491 sed
779 4433 909 4510 gemina,
932 4448 992 4491 non
1013 4428 1140 4510 duplicia
1155 4429 1206 4492 sed
1230 4447 1356 4489 conexa:
1380 4446 1517 4509 praesens

299 4669 526 4735 dnecconplesse
544 4668 623 4718 Snec
640 4669 761 4737 implesse
779 4670 804 4719 F
820 4684 870 4720 non
889 4670 1021 4733 conplesse
1048 4670 1068 4718 L
1141 4666 1173 4717 10
1185 4667 1225 4717 uis
1242 4677 1270 4717 ut
1287 4667 1431 4733 signilioem
1451 4663 1517 4716 meS

233 4743 272 4791 nis
287 4749 313 4790 nt
327 4741 458 4807 significes
472 4750 496 4788 te
514 4740 539 4789 F
554 4740 594 4788 nis
614 4749 640 4790 ut
655 4740 841 4805 significassem
860 4756 901 4790 me
919 4740 942 4788 L
1030 4739 1062 4789 14
1077 4739 1160 4802 surgit
1178 4737 1271 4800 aliquis
1290 4753 1363 4786 mnne
1380 4737 1423 4787 FS
1440 4736 1515 4801 surgit

236 4811 314 4874 aliqui
333 4811 446 4860 maneL
516 4808 628 4858 diluculo
646 4810 903 4876 surgeteliquisFS
919 4808 1035 4859 delnoulo
1055 4816 1142 4874 surget
1163 4807 1242 4870 aliqui
1260 4806 1285 4855 L
1356 4805 1391 4858 34
1408 4806 1516 4856 habetet

236 4881 377 4944 praesentis
393 4889 417 4930 et
430 4879 560 4946 praeteriti
577 4888 627 4930 tres
644 4881 743 4944 species
758 4880 870 4946 (species
886 4894 933 4932 om.
952 4880 989 4945 F)
1007 4886 1032 4930 et
1050 4877 1128 4929 lutari
1143 4876 1212 4928 LFS
