<?xml version="1.0" encoding="UTF-8"?>
<!DOCTYPE html PUBLIC "-//W3C//DTD XHTML 1.0 Transitional//EN"
    "http://www.w3.org/TR/xhtml1/DTD/xhtml1-transitional.dtd">
<html xmlns="http://www.w3.org/1999/xhtml" xml:lang="en" lang="en">
 <head>
  <title>
</title>
<meta http-equiv="Content-Type" content="text/html;charset=utf-8" />
  <meta name='ocr-system' content='tesseract 3.04.00' />
  <meta name='ocr-capabilities' content='ocr_page ocr_carea ocr_par ocr_line ocrx_word'/>
</head>
<body>
  <div class='ocr_page' id='page_1' title='image "./grammaticilatin05keilgoog/grammaticilatin05keilgoog_0035.png"; bbox 0 0 3314 5506; ppageno 0'>
   <div class='ocr_carea' id='block_1_1' title="bbox 196 388 943 452">
    <p class='ocr_par' dir='ltr' id='par_1_1' title="bbox 196 388 943 452">
     <span class='ocr_line' id='line_1_1' title="bbox 196 388 943 452; baseline -0.003 0"><span class='ocrx_word' id='word_1_1' title='bbox 196 401 309 452; x_wconf 81' lang='lat' dir='ltr'><strong>xxvnr</strong></span> <span class='ocrx_word' id='word_1_2' title='bbox 525 399 529 411; x_wconf 83' lang='grc'><strong>’</strong></span> <span class='ocrx_word' id='word_1_3' title='bbox 731 388 943 452; x_wconf 72' lang='lat' dir='ltr'><strong>PRAEFATIO</strong></span> 
     </span>
    </p>
   </div>
   <div class='ocr_carea' id='block_1_2' title="bbox 163 575 1489 3829">
    <p class='ocr_par' dir='ltr' id='par_1_2' title="bbox 163 575 1489 3829">
     <span class='ocr_line' id='line_1_2' title="bbox 196 575 1482 662; baseline 0.001 -22"><span class='ocrx_word' id='word_1_4' title='bbox 196 584 229 641; x_wconf 91' lang='grc'><strong>61</strong></span> <span class='ocrx_word' id='word_1_5' title='bbox 250 575 291 640; x_wconf 91' lang='lat' dir='ltr'><strong>de</strong></span> <span class='ocrx_word' id='word_1_6' title='bbox 312 576 460 662; x_wconf 87' lang='lat' dir='ltr'><strong>partibus</strong></span> <span class='ocrx_word' id='word_1_7' title='bbox 488 576 641 640; x_wconf 88' lang='lat' dir='ltr'><strong>orationis</strong></span> <span class='ocrx_word' id='word_1_8' title='bbox 668 577 701 639; x_wconf 91' lang='lat' dir='ltr'><strong>in</strong></span> <span class='ocrx_word' id='word_1_9' title='bbox 733 597 771 640; x_wconf 91' lang='lat' dir='ltr'><strong>eo</strong></span> <span class='ocrx_word' id='word_1_10' title='bbox 798 575 881 639; x_wconf 91' lang='lat' dir='ltr'><strong>libro</strong></span> <span class='ocrx_word' id='word_1_11' title='bbox 909 575 1091 661; x_wconf 85' lang='lat' dir='ltr'><strong>expositum</strong></span> <span class='ocrx_word' id='word_1_12' title='bbox 1113 576 1223 640; x_wconf 86' lang='lat' dir='ltr'><strong>fuisse.</strong></span> <span class='ocrx_word' id='word_1_13' title='bbox 1251 576 1342 662; x_wconf 90' lang='lat' dir='ltr'><strong>atqui</strong></span> <span class='ocrx_word' id='word_1_14' title='bbox 1369 576 1482 641; x_wconf 88' lang='lat' dir='ltr'><strong>eodem</strong></span> 
     </span>
     <span class='ocr_line' id='line_1_3' title="bbox 195 677 1480 764; baseline 0.001 -22"><span class='ocrx_word' id='word_1_15' title='bbox 195 679 324 742; x_wconf 92' lang='lat' dir='ltr'><strong>nomine</strong></span> <span class='ocrx_word' id='word_1_16' title='bbox 346 679 537 764; x_wconf 87' lang='lat' dir='ltr'><strong>inscriptum</strong></span> <span class='ocrx_word' id='word_1_17' title='bbox 564 678 721 743; x_wconf 89' lang='lat' dir='ltr'><strong>habemus</strong></span> <span class='ocrx_word' id='word_1_18' title='bbox 748 677 868 743; x_wconf 91' lang='lat' dir='ltr'><strong>librum</strong></span> <span class='ocrx_word' id='word_1_19' title='bbox 896 677 936 741; x_wconf 99' lang='grc'><strong>(16</strong></span> <span class='ocrx_word' id='word_1_20' title='bbox 962 687 1031 741; x_wconf 89' lang='grc'><strong>6116</strong></span> <span class='ocrx_word' id='word_1_21' title='bbox 1061 679 1288 763; x_wconf 88' lang='lat' dir='ltr'><strong>grammatica,</strong></span> <span class='ocrx_word' id='word_1_22' title='bbox 1321 680 1373 743; x_wconf 90' lang='grc'><strong>6111</strong></span> <span class='ocrx_word' id='word_1_23' title='bbox 1400 678 1480 744; x_wconf 92' lang='lat' dir='ltr'><strong>illud</strong></span> 
     </span>
     <span class='ocr_line' id='line_1_4' title="bbox 196 779 1482 868; baseline 0 -24"><span class='ocrx_word' id='word_1_24' title='bbox 196 801 312 844; x_wconf 91' lang='lat' dir='ltr'><strong>nomen</strong></span> <span class='ocrx_word' id='word_1_25' title='bbox 333 779 499 845; x_wconf 84' lang='lat' dir='ltr'><strong>vindicari</strong></span> <span class='ocrx_word' id='word_1_26' title='bbox 522 780 709 845; x_wconf 89' lang='lat' dir='ltr'><strong>auctoribus</strong></span> <span class='ocrx_word' id='word_1_27' title='bbox 731 780 897 845; x_wconf 88' lang='lat' dir='ltr'><strong>Prisciano</strong></span> <span class='ocrx_word' id='word_1_28' title='bbox 920 780 984 844; x_wconf 88' lang='lat' dir='ltr'><strong>vol.</strong></span> <span class='ocrx_word' id='word_1_29' title='bbox 1008 780 1024 844; x_wconf 94' lang='grc' dir='ltr'>Ι</span> <span class='ocrx_word' id='word_1_30' title='bbox 1052 803 1082 866; x_wconf 92' lang='lat' dir='ltr'><strong>p.</strong></span> <span class='ocrx_word' id='word_1_31' title='bbox 1112 788 1188 860; x_wconf 84' lang='lat'><strong>383,</strong></span> <span class='ocrx_word' id='word_1_32' title='bbox 1221 791 1238 848; x_wconf 88' lang='grc'><strong>7</strong></span> <span class='ocrx_word' id='word_1_33' title='bbox 1268 794 1301 844; x_wconf 89' lang='grc'><strong>61</strong></span> <span class='ocrx_word' id='word_1_34' title='bbox 1327 782 1482 868; x_wconf 90' lang='lat' dir='ltr'><strong>Pompeio</strong></span> 
     </span>
     <span class='ocr_line' id='line_1_5' title="bbox 195 881 1483 970; baseline -0.003 -20"><span class='ocrx_word' id='word_1_35' title='bbox 195 905 227 968; x_wconf 85' lang='lat' dir='ltr'><strong>p·</strong></span> <span class='ocrx_word' id='word_1_36' title='bbox 246 889 306 952; x_wconf 83' lang='grc'><strong>156</strong></span> <span class='ocrx_word' id='word_1_37' title='bbox 322 890 354 946; x_wconf 85' lang='grc'><strong>61</strong></span> <span class='ocrx_word' id='word_1_38' title='bbox 372 889 432 951; x_wconf 91' lang='grc'><strong>187</strong></span> <span class='ocrx_word' id='word_1_39' title='bbox 449 885 495 969; x_wconf 82' lang='lat' dir='ltr'><strong>(p.</strong></span> <span class='ocrx_word' id='word_1_40' title='bbox 507 881 602 946; x_wconf 87' lang='lat' dir='ltr'><strong>VIII.</strong></span> <span class='ocrx_word' id='word_1_41' title='bbox 616 881 713 970; x_wconf 59' lang='lat' dir='ltr'><strong>XIII.</strong></span> <span class='ocrx_word' id='word_1_42' title='bbox 726 882 844 967; x_wconf 79' lang='lat' dir='ltr'><strong>XXI),</strong></span> <span class='ocrx_word' id='word_1_43' title='bbox 865 904 937 946; x_wconf 91' lang='lat' dir='ltr'><strong>cum</strong></span> <span class='ocrx_word' id='word_1_44' title='bbox 953 893 1048 948; x_wconf 90' lang='lat' dir='ltr'><strong>antea</strong></span> <span class='ocrx_word' id='word_1_45' title='bbox 1063 892 1165 947; x_wconf 88' lang='lat' dir='ltr'><strong>artem</strong></span> <span class='ocrx_word' id='word_1_46' title='bbox 1178 884 1333 946; x_wconf 80' lang='lat' dir='ltr'>minorem</span> <span class='ocrx_word' id='word_1_47' title='bbox 1348 884 1483 969; x_wconf 87' lang='lat' dir='ltr'><strong>inscrip-</strong></span> 
     </span>
     <span class='ocr_line' id='line_1_6' title="bbox 197 983 1483 1070; baseline 0.001 -23"><span class='ocrx_word' id='word_1_48' title='bbox 197 985 315 1048; x_wconf 89' lang='lat' dir='ltr'><strong>sissent</strong></span> <span class='ocrx_word' id='word_1_49' title='bbox 334 983 603 1048; x_wconf 72' lang='lat' dir='ltr'>vindobonenses</span> <span class='ocrx_word' id='word_1_50' title='bbox 626 985 775 1050; x_wconf 83' lang='lat' dir='ltr'><strong>editores.</strong></span> <span class='ocrx_word' id='word_1_51' title='bbox 797 984 883 1050; x_wconf 87' lang='grc'><strong>111166</strong></span> <span class='ocrx_word' id='word_1_52' title='bbox 899 985 1062 1049; x_wconf 90' lang='lat' dir='ltr'><strong>diversum</strong></span> <span class='ocrx_word' id='word_1_53' title='bbox 1077 1007 1148 1050; x_wconf 88' lang='lat' dir='ltr'><strong>esse</strong></span> <span class='ocrx_word' id='word_1_54' title='bbox 1170 984 1289 1048; x_wconf 91' lang='lat' dir='ltr'><strong>abillo</strong></span> <span class='ocrx_word' id='word_1_55' title='bbox 1311 984 1403 1062; x_wconf 92' lang='lat' dir='ltr'><strong>libro,</strong></span> <span class='ocrx_word' id='word_1_56' title='bbox 1427 987 1483 1070; x_wconf 91' lang='lat' dir='ltr'><strong>qui</strong></span> 
     </span>
     <span class='ocr_line' id='line_1_7' title="bbox 197 1081 1483 1173; baseline 0 -23"><span class='ocrx_word' id='word_1_57' title='bbox 197 1085 273 1150; x_wconf 91' lang='lat' dir='ltr'><strong>olim</strong></span> <span class='ocrx_word' id='word_1_58' title='bbox 295 1108 369 1151; x_wconf 93' lang='lat' dir='ltr'><strong>eum</strong></span> <span class='ocrx_word' id='word_1_59' title='bbox 391 1085 558 1150; x_wconf 83' lang='lat' dir='ltr'><strong>catholicis</strong></span> <span class='ocrx_word' id='word_1_60' title='bbox 581 1088 771 1152; x_wconf 91' lang='lat' dir='ltr'><strong>coniunctus</strong></span> <span class='ocrx_word' id='word_1_61' title='bbox 795 1097 877 1167; x_wconf 89' lang='lat' dir='ltr'><strong>erat,</strong></span> <span class='ocrx_word' id='word_1_62' title='bbox 905 1109 969 1151; x_wconf 93' lang='lat' dir='ltr'><strong>non</strong></span> <span class='ocrx_word' id='word_1_63' title='bbox 991 1089 1095 1173; x_wconf 84' lang='lat' dir='ltr'><strong>magis</strong></span> <span class='ocrx_word' id='word_1_64' title='bbox 1119 1081 1222 1151; x_wconf 79' lang='grc'><strong>611116</strong></span> <span class='ocrx_word' id='word_1_65' title='bbox 1245 1108 1327 1172; x_wconf 88' lang='grc'><strong>6666</strong></span> <span class='ocrx_word' id='word_1_66' title='bbox 1350 1086 1483 1151; x_wconf 90' lang='lat' dir='ltr'><strong>catholi-</strong></span> 
     </span>
     <span class='ocr_line' id='line_1_8' title="bbox 197 1188 1483 1276; baseline 0 -23"><span class='ocrx_word' id='word_1_67' title='bbox 197 1210 257 1253; x_wconf 89' lang='lat' dir='ltr'><strong>con</strong></span> <span class='ocrx_word' id='word_1_68' title='bbox 291 1189 427 1274; x_wconf 74' lang='lat' dir='ltr'><strong>scriptor</strong></span> <span class='ocrx_word' id='word_1_69' title='bbox 453 1189 486 1251; x_wconf 94' lang='lat' dir='ltr'><strong>in</strong></span> <span class='ocrx_word' id='word_1_70' title='bbox 514 1188 670 1252; x_wconf 89' lang='lat' dir='ltr'><strong>institutis</strong></span> <span class='ocrx_word' id='word_1_71' title='bbox 699 1211 734 1252; x_wconf 91' lang='grc'><strong>66</strong></span> <span class='ocrx_word' id='word_1_72' title='bbox 760 1190 951 1254; x_wconf 83' lang='lat' dir='ltr'><strong>tractavisse</strong></span> <span class='ocrx_word' id='word_1_73' title='bbox 974 1190 1028 1270; x_wconf 89' lang='lat' dir='ltr'><strong>ait,</strong></span> <span class='ocrx_word' id='word_1_74' title='bbox 1056 1210 1218 1276; x_wconf 85' lang='grc'><strong>66616611</strong></span> <span class='ocrx_word' id='word_1_75' title='bbox 1240 1190 1392 1253; x_wconf 89' lang='lat' dir='ltr'><strong>universa</strong></span> <span class='ocrx_word' id='word_1_76' title='bbox 1414 1189 1483 1253; x_wconf 89' lang='lat' dir='ltr'><strong>cius</strong></span> 
     </span>
     <span class='ocr_line' id='line_1_9' title="bbox 196 1288 1485 1377; baseline 0 -23"><span class='ocrx_word' id='word_1_77' title='bbox 196 1289 272 1355; x_wconf 89' lang='lat' dir='ltr'><strong>libri</strong></span> <span class='ocrx_word' id='word_1_78' title='bbox 293 1288 402 1354; x_wconf 88' lang='lat' dir='ltr'><strong>indole</strong></span> <span class='ocrx_word' id='word_1_79' title='bbox 424 1297 457 1354; x_wconf 90' lang='lat' dir='ltr'><strong>et</strong></span> <span class='ocrx_word' id='word_1_80' title='bbox 478 1291 602 1355; x_wconf 92' lang='lat' dir='ltr'><strong>ratione</strong></span> <span class='ocrx_word' id='word_1_81' title='bbox 624 1291 769 1376; x_wconf 90' lang='lat' dir='ltr'><strong>adparet.</strong></span> <span class='ocrx_word' id='word_1_82' title='bbox 792 1313 867 1356; x_wconf 89' lang='lat' dir='ltr'><strong>nam</strong></span> <span class='ocrx_word' id='word_1_83' title='bbox 890 1313 994 1377; x_wconf 88' lang='lat' dir='ltr'><strong>neque</strong></span> <span class='ocrx_word' id='word_1_84' title='bbox 1016 1313 1055 1355; x_wconf 90' lang='lat' dir='ltr'><strong>ea</strong></span> <span class='ocrx_word' id='word_1_85' title='bbox 1077 1312 1159 1377; x_wconf 90' lang='lat' dir='ltr'><strong>quae</strong></span> <span class='ocrx_word' id='word_1_86' title='bbox 1181 1289 1235 1354; x_wconf 90' lang='lat' dir='ltr'><strong>ille</strong></span> <span class='ocrx_word' id='word_1_87' title='bbox 1258 1291 1349 1376; x_wconf 88' lang='lat' dir='ltr'><strong>ponit</strong></span> <span class='ocrx_word' id='word_1_88' title='bbox 1364 1291 1485 1376; x_wconf 86' lang='lat' dir='ltr'><strong>scripta</strong></span> 
     </span>
     <span class='ocr_line' id='line_1_10' title="bbox 196 1391 1484 1479; baseline -0.002 -21"><span class='ocrx_word' id='word_1_89' title='bbox 196 1393 407 1458; x_wconf 89' lang='lat' dir='ltr'><strong>inveniuntur</strong></span> <span class='ocrx_word' id='word_1_90' title='bbox 420 1393 455 1456; x_wconf 92' lang='grc'><strong>16</strong></span> <span class='ocrx_word' id='word_1_91' title='bbox 471 1392 542 1473; x_wconf 90' lang='lat' dir='ltr'><strong>hoc,</strong></span> <span class='ocrx_word' id='word_1_92' title='bbox 559 1402 591 1457; x_wconf 94' lang='grc'><strong>61</strong></span> <span class='ocrx_word' id='word_1_93' title='bbox 605 1395 708 1457; x_wconf 88' lang='grc'><strong>616616</strong></span> <span class='ocrx_word' id='word_1_94' title='bbox 722 1391 920 1479; x_wconf 54' lang='lat' dir='ltr'><strong>⁴disputandi</strong></span> <span class='ocrx_word' id='word_1_95' title='bbox 936 1404 968 1459; x_wconf 91' lang='grc'><strong>61</strong></span> <span class='ocrx_word' id='word_1_96' title='bbox 989 1391 1151 1457; x_wconf 89' lang='lat' dir='ltr'><strong>scribendi</strong></span> <span class='ocrx_word' id='word_1_97' title='bbox 1173 1394 1256 1456; x_wconf 89' lang='lat' dir='ltr'><strong>ratio</strong></span> <span class='ocrx_word' id='word_1_98' title='bbox 1277 1415 1297 1456; x_wconf 89' lang='lat' dir='ltr'><strong>a</strong></span> <span class='ocrx_word' id='word_1_99' title='bbox 1316 1391 1484 1456; x_wconf 85' lang='lat' dir='ltr'><strong>catholicis</strong></span> 
     </span>
     <span class='ocr_line' id='line_1_11' title="bbox 198 1494 1484 1582; baseline 0.001 -24"><span class='ocrx_word' id='word_1_100' title='bbox 198 1495 359 1561; x_wconf 89' lang='lat' dir='ltr'><strong>abhorret.</strong></span> <span class='ocrx_word' id='word_1_101' title='bbox 381 1494 491 1578; x_wconf 90' lang='lat' dir='ltr'><strong>agitur</strong></span> <span class='ocrx_word' id='word_1_102' title='bbox 511 1505 628 1575; x_wconf 86' lang='lat' dir='ltr'><strong>autern,</strong></span> <span class='ocrx_word' id='word_1_103' title='bbox 644 1507 681 1559; x_wconf 94' lang='lat' dir='ltr'><strong>ut</strong></span> <span class='ocrx_word' id='word_1_104' title='bbox 695 1518 780 1559; x_wconf 94' lang='lat' dir='ltr'><strong>nunc</strong></span> <span class='ocrx_word' id='word_1_105' title='bbox 794 1496 933 1582; x_wconf 88' lang='lat' dir='ltr'><strong>primurn</strong></span> <span class='ocrx_word' id='word_1_106' title='bbox 957 1495 996 1560; x_wconf 94' lang='grc'><strong>(16</strong></span> <span class='ocrx_word' id='word_1_107' title='bbox 1018 1496 1079 1560; x_wconf 95' lang='lat' dir='ltr'><strong>hoc</strong></span> <span class='ocrx_word' id='word_1_108' title='bbox 1100 1498 1171 1581; x_wconf 91' lang='lat' dir='ltr'><strong>ipso</strong></span> <span class='ocrx_word' id='word_1_109' title='bbox 1194 1494 1277 1559; x_wconf 90' lang='lat' dir='ltr'><strong>libro</strong></span> <span class='ocrx_word' id='word_1_110' title='bbox 1299 1495 1420 1574; x_wconf 86' lang='lat' dir='ltr'><strong>dicam,</strong></span> <span class='ocrx_word' id='word_1_111' title='bbox 1444 1494 1484 1559; x_wconf 94' lang='grc'><strong>(16</strong></span> 
     </span>
     <span class='ocr_line' id='line_1_12' title="bbox 198 1595 1484 1684; baseline -0.002 -22"><span class='ocrx_word' id='word_1_112' title='bbox 198 1607 270 1662; x_wconf 88' lang='grc'><strong>6616</strong></span> <span class='ocrx_word' id='word_1_113' title='bbox 292 1597 440 1684; x_wconf 89' lang='lat' dir='ltr'><strong>partibus</strong></span> <span class='ocrx_word' id='word_1_114' title='bbox 455 1599 619 1677; x_wconf 88' lang='lat' dir='ltr'><strong>orationis,</strong></span> <span class='ocrx_word' id='word_1_115' title='bbox 642 1597 755 1662; x_wconf 85' lang='lat' dir='ltr'><strong>ordine</strong></span> <span class='ocrx_word' id='word_1_116' title='bbox 774 1599 915 1684; x_wconf 85' lang='lat' dir='ltr'><strong>partium</strong></span> <span class='ocrx_word' id='word_1_117' title='bbox 930 1597 1058 1682; x_wconf 88' lang='lat' dir='ltr'><strong>vulgari</strong></span> <span class='ocrx_word' id='word_1_118' title='bbox 1073 1598 1120 1662; x_wconf 90' lang='lat' dir='ltr'><strong>ita</strong></span> <span class='ocrx_word' id='word_1_119' title='bbox 1135 1606 1267 1678; x_wconf 90' lang='lat' dir='ltr'><strong>mutato,</strong></span> <span class='ocrx_word' id='word_1_120' title='bbox 1291 1595 1332 1661; x_wconf 93' lang='lat' dir='ltr'><strong>de</strong></span> <span class='ocrx_word' id='word_1_121' title='bbox 1346 1597 1484 1677; x_wconf 87' lang='lat' dir='ltr'><strong>nominc,</strong></span> 
     </span>
     <span class='ocr_line' id='line_1_13' title="bbox 199 1698 1485 1786; baseline -0.002 -22"><span class='ocrx_word' id='word_1_122' title='bbox 199 1698 239 1764; x_wconf 91' lang='lat' dir='ltr'><strong>de</strong></span> <span class='ocrx_word' id='word_1_123' title='bbox 261 1700 465 1786; x_wconf 87' lang='lat' dir='ltr'><strong>pronomine,</strong></span> <span class='ocrx_word' id='word_1_124' title='bbox 497 1698 537 1763; x_wconf 91' lang='lat' dir='ltr'><strong>de</strong></span> <span class='ocrx_word' id='word_1_125' title='bbox 559 1700 746 1786; x_wconf 88' lang='lat' dir='ltr'><strong>participio,</strong></span> <span class='ocrx_word' id='word_1_126' title='bbox 781 1699 821 1764; x_wconf 90' lang='lat' dir='ltr'><strong>de</strong></span> <span class='ocrx_word' id='word_1_127' title='bbox 843 1700 1082 1781; x_wconf 89' lang='lat' dir='ltr'><strong>coniunctione,</strong></span> <span class='ocrx_word' id='word_1_128' title='bbox 1116 1699 1156 1764; x_wconf 91' lang='lat' dir='ltr'><strong>de</strong></span> <span class='ocrx_word' id='word_1_129' title='bbox 1177 1700 1414 1779; x_wconf 85' lang='lat' dir='ltr'><strong>interiectione,</strong></span> <span class='ocrx_word' id='word_1_130' title='bbox 1445 1698 1485 1762; x_wconf 90' lang='grc'><strong>(16</strong></span> 
     </span>
     <span class='ocr_line' id='line_1_14' title="bbox 198 1800 1484 1888; baseline -0.001 -23"><span class='ocrx_word' id='word_1_131' title='bbox 198 1802 452 1888; x_wconf 84' lang='lat' dir='ltr'><strong>praepositione,</strong></span> <span class='ocrx_word' id='word_1_132' title='bbox 487 1801 527 1866; x_wconf 91' lang='lat' dir='ltr'><strong>de</strong></span> <span class='ocrx_word' id='word_1_133' title='bbox 555 1802 725 1883; x_wconf 83' lang='lat' dir='ltr'><strong>adverbio,</strong></span> <span class='ocrx_word' id='word_1_134' title='bbox 760 1802 800 1865; x_wconf 93' lang='grc'><strong>(16</strong></span> <span class='ocrx_word' id='word_1_135' title='bbox 822 1800 933 1867; x_wconf 88' lang='lat' dir='ltr'><strong>verbo.</strong></span> <span class='ocrx_word' id='word_1_136' title='bbox 963 1803 1179 1888; x_wconf 89' lang='lat' dir='ltr'><strong>antiquiorum</strong></span> <span class='ocrx_word' id='word_1_137' title='bbox 1201 1802 1484 1886; x_wconf 87' lang='lat' dir='ltr'><strong>grammaticorum</strong></span> 
     </span>
     <span class='ocr_line' id='line_1_15' title="bbox 199 1902 1485 1989; baseline 0.003 -21"><span class='ocrx_word' id='word_1_138' title='bbox 199 1905 374 1969; x_wconf 86' lang='grc'><strong>6661611166</strong></span> <span class='ocrx_word' id='word_1_139' title='bbox 397 1927 471 1969; x_wconf 88' lang='grc'><strong>1616</strong></span> <span class='ocrx_word' id='word_1_140' title='bbox 494 1904 642 1969; x_wconf 83' lang='grc'><strong>6111111116</strong></span> <span class='ocrx_word' id='word_1_141' title='bbox 663 1915 722 1968; x_wconf 90' lang='lat' dir='ltr'><strong>est.</strong></span> <span class='ocrx_word' id='word_1_142' title='bbox 746 1926 821 1967; x_wconf 88' lang='lat' dir='ltr'><strong>nam</strong></span> <span class='ocrx_word' id='word_1_143' title='bbox 843 1913 971 1989; x_wconf 90' lang='lat' dir='ltr'><strong>praeter</strong></span> <span class='ocrx_word' id='word_1_144' title='bbox 993 1904 1171 1969; x_wconf 90' lang='lat' dir='ltr'><strong>Varronem</strong></span> <span class='ocrx_word' id='word_1_145' title='bbox 1200 1903 1304 1968; x_wconf 93' lang='lat' dir='ltr'><strong>trihus</strong></span> <span class='ocrx_word' id='word_1_146' title='bbox 1332 1902 1411 1967; x_wconf 89' lang='grc'><strong>16616</strong></span> <span class='ocrx_word' id='word_1_147' title='bbox 1434 1910 1485 1983; x_wconf 86' lang='grc'><strong>48,</strong></span> 
     </span>
     <span class='ocr_line' id='line_1_16' title="bbox 179 2005 1486 2088; baseline -0.006 -13"><span class='ocrx_word' id='word_1_148' title='bbox 179 2013 255 2087; x_wconf 72' lang='grc'><strong>“37;</strong></span> <span class='ocrx_word' id='word_1_149' title='bbox 290 2014 360 2086; x_wconf 97' lang='grc'><strong>127,</strong></span> <span class='ocrx_word' id='word_1_150' title='bbox 384 2014 439 2088; x_wconf 84' lang='grc'><strong>31;</strong></span> <span class='ocrx_word' id='word_1_151' title='bbox 475 2014 550 2088; x_wconf 88' lang='grc'><strong>152,</strong></span> <span class='ocrx_word' id='word_1_152' title='bbox 581 2016 620 2076; x_wconf 85' lang='grc'><strong>30</strong></span> <span class='ocrx_word' id='word_1_153' title='bbox 644 2016 675 2070; x_wconf 90' lang='grc'><strong>61</strong></span> <span class='ocrx_word' id='word_1_154' title='bbox 697 2014 737 2077; x_wconf 85' lang='grc'><strong>38</strong></span> <span class='ocrx_word' id='word_1_155' title='bbox 760 2014 792 2070; x_wconf 91' lang='grc'><strong>61</strong></span> <span class='ocrx_word' id='word_1_156' title='bbox 813 2005 955 2070; x_wconf 86' lang='lat' dir='ltr'><strong>Plinium</strong></span> <span class='ocrx_word' id='word_1_157' title='bbox 977 2009 1053 2069; x_wconf 92' lang='lat' dir='ltr'><strong>item</strong></span> <span class='ocrx_word' id='word_1_158' title='bbox 1076 2016 1125 2069; x_wconf 88' lang='lat' dir='ltr'><strong>ter</strong></span> <span class='ocrx_word' id='word_1_159' title='bbox 1147 2013 1197 2083; x_wconf 82' lang='grc'><strong>89,</strong></span> <span class='ocrx_word' id='word_1_160' title='bbox 1223 2014 1276 2088; x_wconf 85' lang='grc'><strong>10;</strong></span> <span class='ocrx_word' id='word_1_161' title='bbox 1307 2013 1382 2084; x_wconf 88' lang='grc'><strong>133,</strong></span> <span class='ocrx_word' id='word_1_162' title='bbox 1412 2014 1427 2072; x_wconf 92' lang='grc'><strong>7</strong></span> <span class='ocrx_word' id='word_1_163' title='bbox 1454 2015 1486 2068; x_wconf 87' lang='grc'><strong>61</strong></span> 
     </span>
     <span class='ocr_line' id='line_1_17' title="bbox 163 2106 1485 2193; baseline -0.004 -18"><span class='ocrx_word' id='word_1_164' title='bbox 163 2176 166 2193; x_wconf 69' lang='grc'>,</span> <span class='ocrx_word' id='word_1_165' title='bbox 200 2115 255 2189; x_wconf 83' lang='lat'><strong>113</strong></span> <span class='ocrx_word' id='word_1_166' title='bbox 280 2117 349 2189; x_wconf 87' lang='grc'><strong>137,</strong></span> <span class='ocrx_word' id='word_1_167' title='bbox 375 2119 410 2176; x_wconf 94' lang='grc'><strong>11</strong></span> <span class='ocrx_word' id='word_1_168' title='bbox 437 2118 470 2172; x_wconf 92' lang='grc'><strong>61</strong></span> <span class='ocrx_word' id='word_1_169' title='bbox 484 2108 657 2173; x_wconf 81' lang='lat' dir='ltr'><strong>Caesarem</strong></span> <span class='ocrx_word' id='word_1_170' title='bbox 680 2107 779 2172; x_wconf 89' lang='lat' dir='ltr'><strong>semel</strong></span> <span class='ocrx_word' id='word_1_171' title='bbox 797 2116 847 2188; x_wconf 84' lang='lat'><strong>50,</strong></span> <span class='ocrx_word' id='word_1_172' title='bbox 870 2114 911 2176; x_wconf 94' lang='grc'><strong>22</strong></span> <span class='ocrx_word' id='word_1_173' title='bbox 934 2109 1067 2171; x_wconf 90' lang='lat' dir='ltr'><strong>citatum</strong></span> <span class='ocrx_word' id='word_1_174' title='bbox 1090 2106 1197 2172; x_wconf 90' lang='lat' dir='ltr'><strong>nullus</strong></span> <span class='ocrx_word' id='word_1_175' title='bbox 1220 2108 1409 2171; x_wconf 91' lang='lat' dir='ltr'><strong>nominatim</strong></span> <span class='ocrx_word' id='word_1_176' title='bbox 1431 2129 1485 2192; x_wconf 90' lang='lat' dir='ltr'><strong>ap·</strong></span> 
     </span>
     <span class='ocr_line' id='line_1_18' title="bbox 197 2207 1485 2296; baseline 0 -23"><span class='ocrx_word' id='word_1_177' title='bbox 197 2208 337 2296; x_wconf 89' lang='lat' dir='ltr'><strong>pellatus</strong></span> <span class='ocrx_word' id='word_1_178' title='bbox 367 2219 427 2274; x_wconf 90' lang='grc'><strong>661.</strong></span> <span class='ocrx_word' id='word_1_179' title='bbox 462 2232 500 2274; x_wconf 88' lang='grc'><strong>66</strong></span> <span class='ocrx_word' id='word_1_180' title='bbox 527 2233 567 2274; x_wconf 92' lang='grc'><strong>66</strong></span> <span class='ocrx_word' id='word_1_181' title='bbox 594 2209 723 2274; x_wconf 90' lang='grc'><strong>11161661</strong></span> <span class='ocrx_word' id='word_1_182' title='bbox 745 2210 875 2296; x_wconf 92' lang='lat' dir='ltr'><strong>quidem</strong></span> <span class='ocrx_word' id='word_1_183' title='bbox 898 2209 998 2274; x_wconf 91' lang='lat' dir='ltr'><strong>libros</strong></span> <span class='ocrx_word' id='word_1_184' title='bbox 1022 2211 1091 2295; x_wconf 89' lang='lat' dir='ltr'><strong>ipse</strong></span> <span class='ocrx_word' id='word_1_185' title='bbox 1114 2209 1344 2295; x_wconf 88' lang='lat' dir='ltr'><strong>grammaticus</strong></span> <span class='ocrx_word' id='word_1_186' title='bbox 1366 2207 1485 2293; x_wconf 86' lang='lat' dir='ltr'><strong>legisse</strong></span> 
     </span>
     <span class='ocr_line' id='line_1_19' title="bbox 197 2309 1487 2398; baseline -0.001 -23"><span class='ocrx_word' id='word_1_187' title='bbox 197 2311 340 2393; x_wconf 87' lang='lat' dir='ltr'><strong>videtur,</strong></span> <span class='ocrx_word' id='word_1_188' title='bbox 370 2311 427 2377; x_wconf 89' lang='lat' dir='ltr'><strong>scd</strong></span> <span class='ocrx_word' id='word_1_189' title='bbox 447 2312 524 2398; x_wconf 93' lang='lat' dir='ltr'><strong>quid</strong></span> <span class='ocrx_word' id='word_1_190' title='bbox 552 2313 726 2376; x_wconf 85' lang='lat' dir='ltr'><strong>statuerint</strong></span> <span class='ocrx_word' id='word_1_191' title='bbox 748 2336 767 2377; x_wconf 90' lang='lat' dir='ltr'><strong>a</strong></span> <span class='ocrx_word' id='word_1_192' title='bbox 788 2313 1021 2376; x_wconf 90' lang='lat' dir='ltr'><strong>recentioribus</strong></span> <span class='ocrx_word' id='word_1_193' title='bbox 1044 2312 1123 2375; x_wconf 87' lang='lat' dir='ltr'><strong>artis</strong></span> <span class='ocrx_word' id='word_1_194' title='bbox 1143 2309 1300 2376; x_wconf 91' lang='lat' dir='ltr'><strong>latoribus</strong></span> <span class='ocrx_word' id='word_1_195' title='bbox 1330 2313 1419 2394; x_wconf 82' lang='lat' dir='ltr'><strong>(nam</strong></span> <span class='ocrx_word' id='word_1_196' title='bbox 1439 2312 1487 2375; x_wconf 90' lang='lat' dir='ltr'><strong>ita</strong></span> 
     </span>
     <span class='ocr_line' id='line_1_20' title="bbox 199 2413 1486 2501; baseline -0.001 -25"><span class='ocrx_word' id='word_1_197' title='bbox 199 2413 305 2478; x_wconf 87' lang='lat' dir='ltr'><strong>dicere</strong></span> <span class='ocrx_word' id='word_1_198' title='bbox 320 2414 503 2498; x_wconf 82' lang='lat' dir='ltr'><strong>consuevit)</strong></span> <span class='ocrx_word' id='word_1_199' title='bbox 527 2415 661 2500; x_wconf 88' lang='lat' dir='ltr'><strong>accepit.</strong></span> <span class='ocrx_word' id='word_1_200' title='bbox 685 2416 814 2479; x_wconf 91' lang='lat' dir='ltr'><strong>omnino</strong></span> <span class='ocrx_word' id='word_1_201' title='bbox 837 2423 963 2478; x_wconf 87' lang='lat' dir='ltr'><strong>veteres</strong></span> <span class='ocrx_word' id='word_1_202' title='bbox 986 2414 1159 2501; x_wconf 90' lang='lat' dir='ltr'><strong>scriptores</strong></span> <span class='ocrx_word' id='word_1_203' title='bbox 1181 2436 1254 2478; x_wconf 90' lang='lat' dir='ltr'><strong>curn</strong></span> <span class='ocrx_word' id='word_1_204' title='bbox 1277 2435 1398 2499; x_wconf 88' lang='lat' dir='ltr'><strong>paucos</strong></span> <span class='ocrx_word' id='word_1_205' title='bbox 1418 2421 1486 2475; x_wconf 88' lang='lat' dir='ltr'><strong>tum</strong></span> 
     </span>
     <span class='ocr_line' id='line_1_21' title="bbox 199 2514 1486 2602; baseline -0.001 -23"><span class='ocrx_word' id='word_1_206' title='bbox 199 2537 253 2580; x_wconf 90' lang='lat' dir='ltr'><strong>cos</strong></span> <span class='ocrx_word' id='word_1_207' title='bbox 275 2516 416 2579; x_wconf 84' lang='lat' dir='ltr'><strong>maxime</strong></span> <span class='ocrx_word' id='word_1_208' title='bbox 438 2517 548 2602; x_wconf 91' lang='lat' dir='ltr'><strong>quiin</strong></span> <span class='ocrx_word' id='word_1_209' title='bbox 571 2516 688 2580; x_wconf 92' lang='grc'><strong>66116116</strong></span> <span class='ocrx_word' id='word_1_210' title='bbox 711 2516 915 2601; x_wconf 88' lang='lat' dir='ltr'><strong>legebantur,</strong></span> <span class='ocrx_word' id='word_1_211' title='bbox 946 2517 1137 2600; x_wconf 85' lang='lat' dir='ltr'><strong>Vergilium,</strong></span> <span class='ocrx_word' id='word_1_212' title='bbox 1161 2516 1357 2594; x_wconf 82' lang='lat' dir='ltr'><strong>Terentium,</strong></span> <span class='ocrx_word' id='word_1_213' title='bbox 1381 2514 1486 2579; x_wconf 87' lang='lat' dir='ltr'><strong>Sallu·</strong></span> 
     </span>
     <span class='ocr_line' id='line_1_22' title="bbox 199 2617 1487 2703; baseline -0.001 -22"><span class='ocrx_word' id='word_1_214' title='bbox 199 2619 306 2697; x_wconf 89' lang='lat' dir='ltr'><strong>stium,</strong></span> <span class='ocrx_word' id='word_1_215' title='bbox 330 2617 494 2682; x_wconf 84' lang='lat' dir='ltr'><strong>Ciceronis</strong></span> <span class='ocrx_word' id='word_1_216' title='bbox 519 2621 556 2702; x_wconf 84' lang='lat' dir='ltr'><strong>in</strong></span> <span class='ocrx_word' id='word_1_217' title='bbox 579 2619 712 2684; x_wconf 90' lang='lat' dir='ltr'><strong>Verrem</strong></span> <span class='ocrx_word' id='word_1_218' title='bbox 741 2630 773 2683; x_wconf 91' lang='grc'><strong>61</strong></span> <span class='ocrx_word' id='word_1_219' title='bbox 799 2620 833 2683; x_wconf 89' lang='grc'><strong>16</strong></span> <span class='ocrx_word' id='word_1_220' title='bbox 856 2618 1029 2684; x_wconf 80' lang='lat' dir='ltr'><strong>Catilinam</strong></span> <span class='ocrx_word' id='word_1_221' title='bbox 1057 2619 1217 2682; x_wconf 89' lang='lat' dir='ltr'><strong>orationes</strong></span> <span class='ocrx_word' id='word_1_222' title='bbox 1248 2617 1333 2700; x_wconf 88' lang='lat' dir='ltr'><strong>(narn</strong></span> <span class='ocrx_word' id='word_1_223' title='bbox 1358 2626 1487 2703; x_wconf 90' lang='lat' dir='ltr'><strong>praeter</strong></span> 
     </span>
     <span class='ocr_line' id='line_1_23' title="bbox 197 2718 1488 2808; baseline 0 -25"><span class='ocrx_word' id='word_1_224' title='bbox 197 2718 256 2783; x_wconf 90' lang='lat' dir='ltr'><strong>has</strong></span> <span class='ocrx_word' id='word_1_225' title='bbox 272 2719 322 2783; x_wconf 93' lang='lat' dir='ltr'><strong>bis</strong></span> <span class='ocrx_word' id='word_1_226' title='bbox 345 2728 469 2784; x_wconf 89' lang='grc'><strong>1661616</strong></span> <span class='ocrx_word' id='word_1_227' title='bbox 485 2720 669 2806; x_wconf 85' lang='lat' dir='ltr'><strong>fragmenta</strong></span> <span class='ocrx_word' id='word_1_228' title='bbox 684 2721 849 2786; x_wconf 78' lang='lat' dir='ltr'><strong>Ciceronis</strong></span> <span class='ocrx_word' id='word_1_229' title='bbox 865 2722 1028 2808; x_wconf 89' lang='lat' dir='ltr'><strong>adscripta</strong></span> <span class='ocrx_word' id='word_1_230' title='bbox 1043 2721 1161 2801; x_wconf 90' lang='lat' dir='ltr'><strong>inveni,</strong></span> <span class='ocrx_word' id='word_1_231' title='bbox 1185 2741 1268 2805; x_wconf 88' lang='lat' dir='ltr'><strong>quae</strong></span> <span class='ocrx_word' id='word_1_232' title='bbox 1283 2718 1370 2782; x_wconf 89' lang='lat' dir='ltr'><strong>unde</strong></span> <span class='ocrx_word' id='word_1_233' title='bbox 1385 2721 1488 2805; x_wconf 89' lang='lat' dir='ltr'><strong>petita</strong></span> 
     </span>
     <span class='ocr_line' id='line_1_24' title="bbox 199 2820 1487 2908; baseline -0.001 -22"><span class='ocrx_word' id='word_1_234' title='bbox 199 2821 264 2886; x_wconf 91' lang='lat' dir='ltr'><strong>sint</strong></span> <span class='ocrx_word' id='word_1_235' title='bbox 285 2822 424 2908; x_wconf 88' lang='lat' dir='ltr'><strong>nescio),</strong></span> <span class='ocrx_word' id='word_1_236' title='bbox 454 2822 551 2887; x_wconf 90' lang='lat' dir='ltr'><strong>semel</strong></span> <span class='ocrx_word' id='word_1_237' title='bbox 580 2826 675 2888; x_wconf 87' lang='lat' dir='ltr'><strong>etiam</strong></span> <span class='ocrx_word' id='word_1_238' title='bbox 703 2823 865 2888; x_wconf 90' lang='lat' dir='ltr'><strong>Lucilium</strong></span> <span class='ocrx_word' id='word_1_239' title='bbox 891 2825 1014 2888; x_wconf 87' lang='lat' dir='ltr'><strong>citavit.</strong></span> <span class='ocrx_word' id='word_1_240' title='bbox 1044 2845 1095 2887; x_wconf 89' lang='lat' dir='ltr'><strong>res</strong></span> <span class='ocrx_word' id='word_1_241' title='bbox 1122 2824 1212 2907; x_wconf 91' lang='lat' dir='ltr'><strong>ipsae</strong></span> <span class='ocrx_word' id='word_1_242' title='bbox 1241 2832 1350 2885; x_wconf 88' lang='lat' dir='ltr'><strong>autem</strong></span> <span class='ocrx_word' id='word_1_243' title='bbox 1376 2820 1487 2886; x_wconf 90' lang='lat' dir='ltr'><strong>multis</strong></span> 
     </span>
     <span class='ocr_line' id='line_1_25' title="bbox 198 2922 1489 3013; baseline -0.001 -26"><span class='ocrx_word' id='word_1_244' title='bbox 198 2923 372 2988; x_wconf 81' lang='lat' dir='ltr'><strong>verborum</strong></span> <span class='ocrx_word' id='word_1_245' title='bbox 395 2923 588 3009; x_wconf 87' lang='lat' dir='ltr'><strong>ambagibus</strong></span> <span class='ocrx_word' id='word_1_246' title='bbox 612 2935 645 2990; x_wconf 91' lang='lat' dir='ltr'><strong>et</strong></span> <span class='ocrx_word' id='word_1_247' title='bbox 665 2927 776 3013; x_wconf 89' lang='lat' dir='ltr'><strong>inepta</strong></span> <span class='ocrx_word' id='word_1_248' title='bbox 791 2925 977 3012; x_wconf 89' lang='lat' dir='ltr'><strong>disputandi</strong></span> <span class='ocrx_word' id='word_1_249' title='bbox 996 2924 1182 3011; x_wconf 83' lang='lat' dir='ltr'><strong>prolixitate</strong></span> <span class='ocrx_word' id='word_1_250' title='bbox 1204 2922 1319 2987; x_wconf 88' lang='lat' dir='ltr'><strong>iisdem</strong></span> <span class='ocrx_word' id='word_1_251' title='bbox 1334 2923 1431 2987; x_wconf 90' lang='lat' dir='ltr'><strong>rebus</strong></span> <span class='ocrx_word' id='word_1_252' title='bbox 1455 2932 1489 2987; x_wconf 92' lang='lat' dir='ltr'><strong>et</strong></span> 
     </span>
     <span class='ocr_line' id='line_1_26' title="bbox 198 3025 1488 3114; baseline -0.002 -23"><span class='ocrx_word' id='word_1_253' title='bbox 198 3026 309 3091; x_wconf 90' lang='lat' dir='ltr'><strong>verbis</strong></span> <span class='ocrx_word' id='word_1_254' title='bbox 337 3047 434 3112; x_wconf 90' lang='lat' dir='ltr'><strong>saepe</strong></span> <span class='ocrx_word' id='word_1_255' title='bbox 461 3029 608 3113; x_wconf 87' lang='lat' dir='ltr'><strong>repetitis</strong></span> <span class='ocrx_word' id='word_1_256' title='bbox 638 3031 805 3114; x_wconf 87' lang='lat' dir='ltr'><strong>expositae</strong></span> <span class='ocrx_word' id='word_1_257' title='bbox 833 3039 918 3093; x_wconf 92' lang='lat' dir='ltr'><strong>sunt.</strong></span> <span class='ocrx_word' id='word_1_258' title='bbox 947 3037 1044 3114; x_wconf 90' lang='lat' dir='ltr'><strong>atque</strong></span> <span class='ocrx_word' id='word_1_259' title='bbox 1070 3028 1104 3090; x_wconf 93' lang='lat' dir='ltr'><strong>in</strong></span> <span class='ocrx_word' id='word_1_260' title='bbox 1131 3047 1168 3090; x_wconf 90' lang='lat' dir='ltr'><strong>eo</strong></span> <span class='ocrx_word' id='word_1_261' title='bbox 1197 3025 1265 3089; x_wconf 87' lang='lat' dir='ltr'><strong>sere</strong></span> <span class='ocrx_word' id='word_1_262' title='bbox 1288 3026 1396 3088; x_wconf 88' lang='lat' dir='ltr'><strong>omnia</strong></span> <span class='ocrx_word' id='word_1_263' title='bbox 1416 3048 1488 3089; x_wconf 88' lang='lat' dir='ltr'><strong>ver-</strong></span> 
     </span>
     <span class='ocr_line' id='line_1_27' title="bbox 200 3128 1488 3215; baseline -0.002 -23"><span class='ocrx_word' id='word_1_264' title='bbox 200 3139 323 3209; x_wconf 89' lang='lat' dir='ltr'><strong>santur,</strong></span> <span class='ocrx_word' id='word_1_265' title='bbox 338 3138 375 3193; x_wconf 91' lang='grc'><strong>61</strong></span> <span class='ocrx_word' id='word_1_266' title='bbox 389 3129 551 3210; x_wconf 83' lang='grc'><strong>(16666161,</strong></span> <span class='ocrx_word' id='word_1_267' title='bbox 575 3152 671 3215; x_wconf 89' lang='grc'><strong>66616</strong></span> <span class='ocrx_word' id='word_1_268' title='bbox 694 3130 735 3194; x_wconf 86' lang='lat' dir='ltr'><strong>ad</strong></span> <span class='ocrx_word' id='word_1_269' title='bbox 758 3130 889 3195; x_wconf 91' lang='lat' dir='ltr'><strong>modum</strong></span> <span class='ocrx_word' id='word_1_270' title='bbox 912 3128 1072 3194; x_wconf 88' lang='lat' dir='ltr'><strong>vocabulo</strong></span> <span class='ocrx_word' id='word_1_271' title='bbox 1088 3129 1196 3214; x_wconf 91' lang='lat' dir='ltr'><strong>aliquo</strong></span> <span class='ocrx_word' id='word_1_272' title='bbox 1211 3128 1377 3212; x_wconf 88' lang='lat' dir='ltr'><strong>proposito</strong></span> <span class='ocrx_word' id='word_1_273' title='bbox 1392 3149 1488 3192; x_wconf 90' lang='lat' dir='ltr'><strong>casus</strong></span> 
     </span>
     <span class='ocr_line' id='line_1_28' title="bbox 200 3229 1489 3318; baseline 0 -24"><span class='ocrx_word' id='word_1_274' title='bbox 200 3231 375 3311; x_wconf 89' lang='lat' dir='ltr'><strong>nominum,</strong></span> <span class='ocrx_word' id='word_1_275' title='bbox 398 3231 520 3316; x_wconf 87' lang='lat' dir='ltr'><strong>gradus</strong></span> <span class='ocrx_word' id='word_1_276' title='bbox 544 3234 795 3318; x_wconf 89' lang='lat' dir='ltr'><strong>conparationis,</strong></span> <span class='ocrx_word' id='word_1_277' title='bbox 819 3243 966 3317; x_wconf 87' lang='lat' dir='ltr'><strong>tempora</strong></span> <span class='ocrx_word' id='word_1_278' title='bbox 988 3239 1020 3294; x_wconf 93' lang='grc'><strong>61</strong></span> <span class='ocrx_word' id='word_1_279' title='bbox 1042 3229 1126 3294; x_wconf 91' lang='lat' dir='ltr'><strong>modi</strong></span> <span class='ocrx_word' id='word_1_280' title='bbox 1141 3230 1326 3310; x_wconf 88' lang='lat' dir='ltr'><strong>verborum,</strong></span> <span class='ocrx_word' id='word_1_281' title='bbox 1350 3229 1489 3314; x_wconf 89' lang='lat' dir='ltr'><strong>denique</strong></span> 
     </span>
     <span class='ocr_line' id='line_1_29' title="bbox 198 3331 1488 3422; baseline -0.002 -25"><span class='ocrx_word' id='word_1_282' title='bbox 198 3331 342 3420; x_wconf 83' lang='lat' dir='ltr'><strong>reliquae</strong></span> <span class='ocrx_word' id='word_1_283' title='bbox 364 3334 536 3399; x_wconf 89' lang='lat' dir='ltr'><strong>verborum</strong></span> <span class='ocrx_word' id='word_1_284' title='bbox 559 3335 683 3399; x_wconf 90' lang='lat' dir='ltr'><strong>formae</strong></span> <span class='ocrx_word' id='word_1_285' title='bbox 704 3334 794 3399; x_wconf 92' lang='lat' dir='ltr'><strong>nullo</strong></span> <span class='ocrx_word' id='word_1_286' title='bbox 816 3335 946 3422; x_wconf 83' lang='lat' dir='ltr'><strong>quIdem</strong></span> <span class='ocrx_word' id='word_1_287' title='bbox 966 3334 1085 3399; x_wconf 91' lang='lat' dir='ltr'><strong>iudicio</strong></span> <span class='ocrx_word' id='word_1_288' title='bbox 1101 3331 1247 3397; x_wconf 90' lang='lat' dir='ltr'><strong>adhibito</strong></span> <span class='ocrx_word' id='word_1_289' title='bbox 1268 3332 1321 3396; x_wconf 84' lang='lat' dir='ltr'><strong>vel</strong></span> <span class='ocrx_word' id='word_1_290' title='bbox 1336 3333 1488 3417; x_wconf 83' lang='lat' dir='ltr'><strong>cognosci</strong></span> 
     </span>
     <span class='ocr_line' id='line_1_30' title="bbox 199 3434 1487 3523; baseline -0.002 -23"><span class='ocrx_word' id='word_1_291' title='bbox 199 3434 253 3500; x_wconf 87' lang='lat' dir='ltr'><strong>vel</strong></span> <span class='ocrx_word' id='word_1_292' title='bbox 274 3435 354 3519; x_wconf 87' lang='lat' dir='ltr'><strong>fingi</strong></span> <span class='ocrx_word' id='word_1_293' title='bbox 376 3438 510 3522; x_wconf 89' lang='lat' dir='ltr'><strong>possint.</strong></span> <span class='ocrx_word' id='word_1_294' title='bbox 534 3448 566 3502; x_wconf 89' lang='grc'><strong>61</strong></span> <span class='ocrx_word' id='word_1_295' title='bbox 588 3459 652 3501; x_wconf 92' lang='grc'><strong>666</strong></span> <span class='ocrx_word' id='word_1_296' title='bbox 675 3446 741 3501; x_wconf 90' lang='grc'><strong>1661</strong></span> <span class='ocrx_word' id='word_1_297' title='bbox 764 3438 805 3502; x_wconf 89' lang='lat' dir='ltr'><strong>ad</strong></span> <span class='ocrx_word' id='word_1_298' title='bbox 827 3460 921 3501; x_wconf 89' lang='lat' dir='ltr'><strong>usum</strong></span> <span class='ocrx_word' id='word_1_299' title='bbox 937 3436 1089 3523; x_wconf 92' lang='lat' dir='ltr'><strong>loquendi</strong></span> <span class='ocrx_word' id='word_1_300' title='bbox 1104 3457 1202 3522; x_wconf 90' lang='lat' dir='ltr'><strong>quam</strong></span> <span class='ocrx_word' id='word_1_301' title='bbox 1217 3434 1259 3498; x_wconf 91' lang='lat' dir='ltr'><strong>ad</strong></span> <span class='ocrx_word' id='word_1_302' title='bbox 1273 3435 1487 3499; x_wconf 88' lang='lat' dir='ltr'><strong>constantiam</strong></span> 
     </span>
     <span class='ocr_line' id='line_1_31' title="bbox 199 3535 1488 3626; baseline -0.002 -25"><span class='ocrx_word' id='word_1_303' title='bbox 199 3536 395 3622; x_wconf 88' lang='lat' dir='ltr'><strong>regularum,</strong></span> <span class='ocrx_word' id='word_1_304' title='bbox 418 3561 498 3626; x_wconf 90' lang='lat' dir='ltr'><strong>quas</strong></span> <span class='ocrx_word' id='word_1_305' title='bbox 522 3542 659 3624; x_wconf 90' lang='lat' dir='ltr'><strong>scriptor</strong></span> <span class='ocrx_word' id='word_1_306' title='bbox 681 3541 802 3624; x_wconf 84' lang='lat' dir='ltr'><strong>posuit,</strong></span> <span class='ocrx_word' id='word_1_307' title='bbox 824 3548 999 3626; x_wconf 88' lang='lat' dir='ltr'><strong>praecepta</strong></span> <span class='ocrx_word' id='word_1_308' title='bbox 1020 3546 1222 3617; x_wconf 86' lang='lat' dir='ltr'><strong>revocantur,</strong></span> <span class='ocrx_word' id='word_1_309' title='bbox 1245 3535 1332 3622; x_wconf 91' lang='lat' dir='ltr'><strong>quod</strong></span> <span class='ocrx_word' id='word_1_310' title='bbox 1348 3537 1488 3600; x_wconf 84' lang='lat' dir='ltr'><strong>maxime</strong></span> 
     </span>
     <span class='ocr_line' id='line_1_32' title="bbox 199 3637 1487 3727; baseline -0.002 -23"><span class='ocrx_word' id='word_1_311' title='bbox 199 3641 234 3704; x_wconf 94' lang='lat' dir='ltr'><strong>in</strong></span> <span class='ocrx_word' id='word_1_312' title='bbox 255 3640 294 3704; x_wconf 90' lang='lat' dir='ltr'><strong>iis</strong></span> <span class='ocrx_word' id='word_1_313' title='bbox 318 3662 401 3726; x_wconf 89' lang='lat' dir='ltr'><strong>quae</strong></span> <span class='ocrx_word' id='word_1_314' title='bbox 424 3641 465 3705; x_wconf 91' lang='grc'><strong>(16</strong></span> <span class='ocrx_word' id='word_1_315' title='bbox 487 3639 630 3705; x_wconf 89' lang='lat' dir='ltr'><strong>ablativo</strong></span> <span class='ocrx_word' id='word_1_316' title='bbox 653 3663 732 3704; x_wconf 87' lang='lat' dir='ltr'><strong>casu</strong></span> <span class='ocrx_word' id='word_1_317' title='bbox 755 3651 787 3705; x_wconf 91' lang='lat' dir='ltr'><strong>et</strong></span> <span class='ocrx_word' id='word_1_318' title='bbox 809 3642 849 3705; x_wconf 89' lang='lat' dir='ltr'><strong>de</strong></span> <span class='ocrx_word' id='word_1_319' title='bbox 871 3639 1004 3727; x_wconf 89' lang='lat' dir='ltr'><strong>reliquis</strong></span> <span class='ocrx_word' id='word_1_320' title='bbox 1033 3641 1164 3704; x_wconf 88' lang='lat' dir='ltr'><strong>casibus</strong></span> <span class='ocrx_word' id='word_1_321' title='bbox 1193 3662 1235 3704; x_wconf 81' lang='lat' dir='ltr'><strong>ex</strong></span> <span class='ocrx_word' id='word_1_322' title='bbox 1262 3637 1406 3704; x_wconf 88' lang='lat' dir='ltr'><strong>ablativo</strong></span> <span class='ocrx_word' id='word_1_323' title='bbox 1434 3637 1487 3702; x_wconf 91' lang='lat' dir='ltr'><strong>de·</strong></span> 
     </span>
     <span class='ocr_line' id='line_1_33' title="bbox 199 3739 1486 3829; baseline -0.002 -23"><span class='ocrx_word' id='word_1_324' title='bbox 199 3742 346 3806; x_wconf 90' lang='lat' dir='ltr'><strong>rivandis</strong></span> <span class='ocrx_word' id='word_1_325' title='bbox 368 3742 533 3828; x_wconf 88' lang='lat' dir='ltr'><strong>disputata</strong></span> <span class='ocrx_word' id='word_1_326' title='bbox 555 3752 631 3806; x_wconf 93' lang='lat' dir='ltr'><strong>sunt</strong></span> <span class='ocrx_word' id='word_1_327' title='bbox 651 3764 682 3828; x_wconf 91' lang='lat' dir='ltr'><strong>p.</strong></span> <span class='ocrx_word' id='word_1_328' title='bbox 707 3752 746 3812; x_wconf 83' lang='lat'><strong>75</strong></span> <span class='ocrx_word' id='word_1_329' title='bbox 763 3765 838 3829; x_wconf 79' lang='lat' dir='ltr'><strong>sqq.</strong></span> <span class='ocrx_word' id='word_1_330' title='bbox 868 3744 1015 3829; x_wconf 86' lang='lat' dir='ltr'><strong>adparet.</strong></span> <span class='ocrx_word' id='word_1_331' title='bbox 1044 3762 1141 3825; x_wconf 87' lang='lat' dir='ltr'><strong>saepe</strong></span> <span class='ocrx_word' id='word_1_332' title='bbox 1168 3740 1418 3826; x_wconf 89' lang='lat' dir='ltr'><strong>disputationem</strong></span> <span class='ocrx_word' id='word_1_333' title='bbox 1446 3739 1486 3804; x_wconf 90' lang='lat' dir='ltr'><strong>ad</strong></span> 
     </span>
    </p>
   </div>
   <div class='ocr_carea' id='block_1_3' title="bbox 100 3843 1490 3930">
    <p class='ocr_par' dir='ltr' id='par_1_3' title="bbox 100 3843 1490 3930">
     <span class='ocr_line' id='line_1_34' title="bbox 100 3843 1490 3930; baseline -0.001 -22"><span class='ocrx_word' id='word_1_334' title='bbox 100 3911 104 3918; x_wconf 67' lang='grc'><strong>,</strong></span> <span class='ocrx_word' id='word_1_335' title='bbox 200 3864 341 3908; x_wconf 87' lang='grc'><strong>66161666</strong></span> <span class='ocrx_word' id='word_1_336' title='bbox 363 3845 501 3930; x_wconf 89' lang='lat' dir='ltr'><strong>Ineptias</strong></span> <span class='ocrx_word' id='word_1_337' title='bbox 523 3843 589 3908; x_wconf 90' lang='lat' dir='ltr'><strong>labi</strong></span> <span class='ocrx_word' id='word_1_338' title='bbox 611 3843 740 3920; x_wconf 87' lang='lat' dir='ltr'><strong>videas,</strong></span> <span class='ocrx_word' id='word_1_339' title='bbox 768 3855 805 3908; x_wconf 94' lang='lat' dir='ltr'><strong>ut</strong></span> <span class='ocrx_word' id='word_1_340' title='bbox 826 3866 968 3930; x_wconf 88' lang='grc'><strong>666666</strong></span> <span class='ocrx_word' id='word_1_341' title='bbox 991 3843 1031 3907; x_wconf 92' lang='lat' dir='ltr'><strong>de</strong></span> <span class='ocrx_word' id='word_1_342' title='bbox 1053 3844 1159 3928; x_wconf 87' lang='lat' dir='ltr'><strong>figura</strong></span> <span class='ocrx_word' id='word_1_343' title='bbox 1180 3844 1345 3906; x_wconf 90' lang='lat' dir='ltr'><strong>nominum</strong></span> <span class='ocrx_word' id='word_1_344' title='bbox 1368 3844 1490 3928; x_wconf 84' lang='lat' dir='ltr'><strong>scripta</strong></span> 
     </span>
    </p>
   </div>
   <div class='ocr_carea' id='block_1_4' title="bbox 199 3944 1492 4952">
    <p class='ocr_par' dir='ltr' id='par_1_4' title="bbox 199 3944 1492 4952">
     <span class='ocr_line' id='line_1_35' title="bbox 201 3944 1488 4032; baseline -0.001 -23"><span class='ocrx_word' id='word_1_345' title='bbox 201 3954 278 4010; x_wconf 91' lang='lat' dir='ltr'><strong>sunt</strong></span> <span class='ocrx_word' id='word_1_346' title='bbox 298 3968 330 4031; x_wconf 88' lang='lat' dir='ltr'><strong>p.</strong></span> <span class='ocrx_word' id='word_1_347' title='bbox 354 3953 393 4014; x_wconf 81' lang='lat'><strong>53</strong></span> <span class='ocrx_word' id='word_1_348' title='bbox 417 3968 486 4032; x_wconf 91' lang='lat' dir='ltr'><strong>sqq.</strong></span> <span class='ocrx_word' id='word_1_349' title='bbox 520 3947 597 4031; x_wconf 90' lang='grc'><strong>6616</strong></span> <span class='ocrx_word' id='word_1_350' title='bbox 627 3945 723 4009; x_wconf 90' lang='lat' dir='ltr'><strong>etiarn</strong></span> <span class='ocrx_word' id='word_1_351' title='bbox 752 3947 786 4009; x_wconf 93' lang='lat' dir='ltr'><strong>in</strong></span> <span class='ocrx_word' id='word_1_352' title='bbox 814 3945 911 4010; x_wconf 90' lang='lat' dir='ltr'><strong>rebus</strong></span> <span class='ocrx_word' id='word_1_353' title='bbox 937 3946 1113 4009; x_wconf 87' lang='lat' dir='ltr'><strong>tritissimis</strong></span> <span class='ocrx_word' id='word_1_354' title='bbox 1121 3993 1130 4025; x_wconf 91' lang='lat'><strong>,</strong></span> <span class='ocrx_word' id='word_1_355' title='bbox 1164 3944 1204 4008; x_wconf 89' lang='grc'><strong>(16</strong></span> <span class='ocrx_word' id='word_1_356' title='bbox 1232 3945 1350 4030; x_wconf 86' lang='grc'><strong>61111166</strong></span> <span class='ocrx_word' id='word_1_357' title='bbox 1379 3945 1488 4008; x_wconf 90' lang='grc'><strong>61111116</strong></span> 
     </span>
     <span class='ocr_line' id='line_1_36' title="bbox 200 4045 1489 4131; baseline -0.004 -18"><span class='ocrx_word' id='word_1_358' title='bbox 200 4047 372 4113; x_wconf 88' lang='lat' dir='ltr'><strong>dubitandi</strong></span> <span class='ocrx_word' id='word_1_359' title='bbox 394 4046 484 4111; x_wconf 89' lang='lat' dir='ltr'><strong>locus</strong></span> <span class='ocrx_word' id='word_1_360' title='bbox 506 4046 558 4109; x_wconf 88' lang='lat' dir='ltr'><strong>vel</strong></span> <span class='ocrx_word' id='word_1_361' title='bbox 581 4046 697 4110; x_wconf 90' lang='lat' dir='ltr'><strong>leviter</strong></span> <span class='ocrx_word' id='word_1_362' title='bbox 718 4048 843 4111; x_wconf 92' lang='lat' dir='ltr'><strong>erudito</strong></span> <span class='ocrx_word' id='word_1_363' title='bbox 866 4046 997 4112; x_wconf 90' lang='lat' dir='ltr'><strong>relictus</strong></span> <span class='ocrx_word' id='word_1_364' title='bbox 1020 4056 1077 4126; x_wconf 88' lang='lat' dir='ltr'><strong>est,</strong></span> <span class='ocrx_word' id='word_1_365' title='bbox 1100 4046 1186 4110; x_wconf 91' lang='lat' dir='ltr'><strong>hunc</strong></span> <span class='ocrx_word' id='word_1_366' title='bbox 1203 4048 1391 4131; x_wconf 90' lang='lat' dir='ltr'><strong>scriptorem</strong></span> <span class='ocrx_word' id='word_1_367' title='bbox 1413 4045 1489 4109; x_wconf 89' lang='grc'><strong>1166-</strong></span> 
     </span>
     <span class='ocr_line' id='line_1_37' title="bbox 201 4146 1489 4235; baseline -0.003 -20"><span class='ocrx_word' id='word_1_368' title='bbox 201 4151 350 4215; x_wconf 83' lang='lat' dir='ltr'><strong>sitantem</strong></span> <span class='ocrx_word' id='word_1_369' title='bbox 383 4159 416 4215; x_wconf 90' lang='lat' dir='ltr'><strong>ct</strong></span> <span class='ocrx_word' id='word_1_370' title='bbox 448 4171 487 4213; x_wconf 89' lang='lat' dir='ltr'><strong>ea</strong></span> <span class='ocrx_word' id='word_1_371' title='bbox 519 4171 602 4234; x_wconf 91' lang='lat' dir='ltr'><strong>quae</strong></span> <span class='ocrx_word' id='word_1_372' title='bbox 620 4150 793 4235; x_wconf 68' lang='lat' dir='ltr'><strong>&#39;praecipit</strong></span> <span class='ocrx_word' id='word_1_373' title='bbox 824 4147 945 4234; x_wconf 88' lang='lat' dir='ltr'><strong>regulis</strong></span> <span class='ocrx_word' id='word_1_374' title='bbox 979 4158 1011 4213; x_wconf 89' lang='lat' dir='ltr'><strong>et</strong></span> <span class='ocrx_word' id='word_1_375' title='bbox 1041 4146 1191 4232; x_wconf 86' lang='lat' dir='ltr'><strong>analogia</strong></span> <span class='ocrx_word' id='word_1_376' title='bbox 1219 4147 1400 4212; x_wconf 89' lang='lat' dir='ltr'><strong>firmantem</strong></span> <span class='ocrx_word' id='word_1_377' title='bbox 1435 4148 1489 4212; x_wconf 93' lang='lat' dir='ltr'><strong>de-</strong></span> 
     </span>
     <span class='ocr_line' id='line_1_38' title="bbox 200 4250 1488 4339; baseline -0.002 -23"><span class='ocrx_word' id='word_1_378' title='bbox 200 4250 397 4339; x_wconf 88' lang='lat' dir='ltr'><strong>prehendas:</strong></span> <span class='ocrx_word' id='word_1_379' title='bbox 427 4250 468 4314; x_wconf 80' lang='grc'><strong>61.</strong></span> <span class='ocrx_word' id='word_1_380' title='bbox 492 4259 546 4331; x_wconf 86' lang='grc'><strong>68,</strong></span> <span class='ocrx_word' id='word_1_381' title='bbox 577 4261 616 4320; x_wconf 89' lang='grc'><strong>10</strong></span> <span class='ocrx_word' id='word_1_382' title='bbox 639 4250 828 4332; x_wconf 86' lang='lat' dir='ltr'><strong>facillimus,</strong></span> <span class='ocrx_word' id='word_1_383' title='bbox 858 4258 914 4331; x_wconf 88' lang='grc'><strong>72,</strong></span> <span class='ocrx_word' id='word_1_384' title='bbox 938 4251 1488 4318; x_wconf 82' lang='grc'><strong>29661616661611616661111661116</strong></span> 
     </span>
     <span class='ocr_line' id='line_1_39' title="bbox 201 4352 1488 4438; baseline -0.002 -19"><span class='ocrx_word' id='word_1_385' title='bbox 201 4355 344 4434; x_wconf 88' lang='lat' dir='ltr'><strong>ultimus,</strong></span> <span class='ocrx_word' id='word_1_386' title='bbox 368 4360 418 4432; x_wconf 88' lang='grc'><strong>98,</strong></span> <span class='ocrx_word' id='word_1_387' title='bbox 441 4353 600 4433; x_wconf 79' lang='grc'><strong>2011166,</strong></span> <span class='ocrx_word' id='word_1_388' title='bbox 625 4363 696 4433; x_wconf 82' lang='lat'><strong>105,</strong></span> <span class='ocrx_word' id='word_1_389' title='bbox 721 4361 760 4423; x_wconf 89' lang='grc'><strong>16</strong></span> <span class='ocrx_word' id='word_1_390' title='bbox 783 4352 981 4434; x_wconf 84' lang='grc'><strong>6116166111,</strong></span> <span class='ocrx_word' id='word_1_391' title='bbox 1006 4361 1081 4433; x_wconf 80' lang='grc'><strong>124,</strong></span> <span class='ocrx_word' id='word_1_392' title='bbox 1105 4361 1144 4420; x_wconf 90' lang='grc'><strong>22</strong></span> <span class='ocrx_word' id='word_1_393' title='bbox 1168 4353 1322 4436; x_wconf 81' lang='lat' dir='ltr'><strong>agrestis3</strong></span> <span class='ocrx_word' id='word_1_394' title='bbox 1346 4353 1488 4438; x_wconf 89' lang='lat' dir='ltr'><strong>itemque</strong></span> 
     </span>
     <span class='ocr_line' id='line_1_40' title="bbox 200 4453 1490 4548; baseline -0.002 -28"><span class='ocrx_word' id='word_1_395' title='bbox 200 4457 233 4520; x_wconf 93' lang='grc'><strong>16</strong></span> <span class='ocrx_word' id='word_1_396' title='bbox 256 4455 695 4542; x_wconf 85' lang='grc'><strong>666661166111661·611161616</strong></span> <span class='ocrx_word' id='word_1_397' title='bbox 721 4465 795 4548; x_wconf 81' lang='grc'><strong>181,</strong></span> <span class='ocrx_word' id='word_1_398' title='bbox 824 4464 862 4524; x_wconf 90' lang='grc'><strong>22</strong></span> <span class='ocrx_word' id='word_1_399' title='bbox 887 4478 956 4541; x_wconf 90' lang='lat' dir='ltr'><strong>sqq.</strong></span> <span class='ocrx_word' id='word_1_400' title='bbox 979 4454 1075 4541; x_wconf 91' lang='lat' dir='ltr'><strong>plura</strong></span> <span class='ocrx_word' id='word_1_401' title='bbox 1097 4457 1165 4519; x_wconf 90' lang='lat' dir='ltr'><strong>eius</strong></span> <span class='ocrx_word' id='word_1_402' title='bbox 1189 4455 1317 4538; x_wconf 87' lang='lat' dir='ltr'><strong>generis</strong></span> <span class='ocrx_word' id='word_1_403' title='bbox 1340 4453 1490 4540; x_wconf 88' lang='lat' dir='ltr'><strong>exempla</strong></span> 
     </span>
     <span class='ocr_line' id='line_1_41' title="bbox 199 4556 1490 4643; baseline -0.001 -21"><span class='ocrx_word' id='word_1_404' title='bbox 199 4559 416 4623; x_wconf 85' lang='lat' dir='ltr'><strong>inveniuntur.</strong></span> <span class='ocrx_word' id='word_1_405' title='bbox 446 4579 641 4643; x_wconf 88' lang='lat' dir='ltr'><strong>quamquam</strong></span> <span class='ocrx_word' id='word_1_406' title='bbox 668 4558 748 4622; x_wconf 89' lang='lat' dir='ltr'><strong>haec</strong></span> <span class='ocrx_word' id='word_1_407' title='bbox 774 4559 845 4642; x_wconf 88' lang='lat' dir='ltr'><strong>ipsa</strong></span> <span class='ocrx_word' id='word_1_408' title='bbox 872 4557 1113 4622; x_wconf 88' lang='lat' dir='ltr'><strong>demonstrandi</strong></span> <span class='ocrx_word' id='word_1_409' title='bbox 1141 4579 1220 4621; x_wconf 90' lang='lat' dir='ltr'><strong>cura</strong></span> <span class='ocrx_word' id='word_1_410' title='bbox 1248 4568 1281 4621; x_wconf 91' lang='lat' dir='ltr'><strong>et</strong></span> <span class='ocrx_word' id='word_1_411' title='bbox 1305 4556 1420 4641; x_wconf 88' lang='lat' dir='ltr'><strong>religio</strong></span> <span class='ocrx_word' id='word_1_412' title='bbox 1447 4556 1490 4621; x_wconf 89' lang='lat' dir='ltr'><strong>ad</strong></span> 
     </span>
     <span class='ocr_line' id='line_1_42' title="bbox 200 4658 1491 4745; baseline -0.002 -21"><span class='ocrx_word' id='word_1_413' title='bbox 200 4661 412 4745; x_wconf 91' lang='lat' dir='ltr'><strong>inperitorum</strong></span> <span class='ocrx_word' id='word_1_414' title='bbox 438 4659 604 4723; x_wconf 91' lang='lat' dir='ltr'><strong>hominum</strong></span> <span class='ocrx_word' id='word_1_415' title='bbox 632 4681 726 4724; x_wconf 88' lang='lat' dir='ltr'><strong>usum</strong></span> <span class='ocrx_word' id='word_1_416' title='bbox 755 4669 787 4724; x_wconf 89' lang='lat' dir='ltr'><strong>et</strong></span> <span class='ocrx_word' id='word_1_417' title='bbox 815 4660 957 4745; x_wconf 91' lang='lat' dir='ltr'><strong>corrupti</strong></span> <span class='ocrx_word' id='word_1_418' title='bbox 987 4661 1142 4724; x_wconf 90' lang='lat' dir='ltr'><strong>sermonis</strong></span> <span class='ocrx_word' id='word_1_419' title='bbox 1172 4658 1426 4722; x_wconf 89' lang='lat' dir='ltr'><strong>emendationem</strong></span> <span class='ocrx_word' id='word_1_420' title='bbox 1455 4659 1491 4721; x_wconf 93' lang='lat' dir='ltr'><strong>in</strong></span> 
     </span>
     <span class='ocr_line' id='line_1_43' title="bbox 200 4759 1492 4848; baseline -0.002 -23"><span class='ocrx_word' id='word_1_421' title='bbox 200 4762 313 4848; x_wconf 90' lang='lat' dir='ltr'><strong>primis</strong></span> <span class='ocrx_word' id='word_1_422' title='bbox 342 4761 471 4826; x_wconf 90' lang='lat' dir='ltr'><strong>videtur</strong></span> <span class='ocrx_word' id='word_1_423' title='bbox 498 4761 740 4826; x_wconf 89' lang='lat' dir='ltr'><strong>accommodata</strong></span> <span class='ocrx_word' id='word_1_424' title='bbox 767 4762 879 4827; x_wconf 87' lang='lat' dir='ltr'><strong>fuisse.</strong></span> <span class='ocrx_word' id='word_1_425' title='bbox 914 4783 1136 4847; x_wconf 85' lang='lat' dir='ltr'><strong>quaecumque</strong></span> <span class='ocrx_word' id='word_1_426' title='bbox 1169 4771 1276 4825; x_wconf 86' lang='lat' dir='ltr'><strong>autem</strong></span> <span class='ocrx_word' id='word_1_427' title='bbox 1306 4759 1492 4824; x_wconf 81' lang='lat' dir='ltr'><strong>difficiliora</strong></span> 
     </span>
     <span class='ocr_line' id='line_1_44' title="bbox 202 4860 1489 4952; baseline -0.003 -23"><span class='ocrx_word' id='word_1_428' title='bbox 202 4874 277 4929; x_wconf 90' lang='lat' dir='ltr'><strong>sunt</strong></span> <span class='ocrx_word' id='word_1_429' title='bbox 298 4863 351 4927; x_wconf 88' lang='lat' dir='ltr'><strong>vel</strong></span> <span class='ocrx_word' id='word_1_430' title='bbox 373 4862 551 4949; x_wconf 89' lang='lat' dir='ltr'><strong>longiorem</strong></span> <span class='ocrx_word' id='word_1_431' title='bbox 573 4863 824 4950; x_wconf 87' lang='lat' dir='ltr'><strong>disputationem</strong></span> <span class='ocrx_word' id='word_1_432' title='bbox 846 4865 1029 4952; x_wconf 89' lang='lat' dir='ltr'><strong>requirunt,</strong></span> <span class='ocrx_word' id='word_1_433' title='bbox 1058 4863 1138 4927; x_wconf 88' lang='lat' dir='ltr'><strong>haec</strong></span> <span class='ocrx_word' id='word_1_434' title='bbox 1166 4860 1228 4927; x_wconf 88' lang='lat' dir='ltr'><strong>alio</strong></span> <span class='ocrx_word' id='word_1_435' title='bbox 1256 4861 1326 4927; x_wconf 91' lang='lat' dir='ltr'><strong>loco</strong></span> <span class='ocrx_word' id='word_1_436' title='bbox 1350 4883 1383 4926; x_wconf 91' lang='lat' dir='ltr'><strong>se</strong></span> <span class='ocrx_word' id='word_1_437' title='bbox 1407 4871 1489 4926; x_wconf 88' lang='lat' dir='ltr'><strong>trac·</strong></span> 
     </span>
    </p>
   </div>
   <div class='ocr_carea' id='block_1_5' title="bbox 0 0 1671 5506">
    <p class='ocr_par' dir='ltr' id='par_1_5' title="bbox 0 0 1671 5506">
     <span class='ocr_line' id='line_1_45' title="bbox 0 0 1671 5506; baseline 0 0"><span class='ocrx_word' id='word_1_438' title='bbox 0 0 1671 5506; x_wconf 95' lang='lat' dir='ltr'><strong> </strong></span> 
     </span>
    </p>
   </div>
  </div>
 </body>
</html>
