3314 5506
214 380 276 442 433
709 369 829 432 sunvn
852 368 1006 451 [saneti]

1281 489 1303 529 ρ.
1315 476 1369 519 tun
1381 477 1401 519 n
1413 476 1431 518 n.

215 569 292 621 sunt.
337 559 355 619 k
379 559 444 620 ideo
468 577 526 619 non
549 565 643 638 potest
666 559 808 638 praeponi
830 575 847 617 ο
870 555 998 624 litterae,
1031 558 1098 635 quia
1121 574 1282 634 numquam
1312 558 1482 638 anteponitur

217 663 272 723 nisi
300 682 316 721 a
344 669 495 738 sequente.
539 679 557 721 o
580 680 596 740 y
619 679 634 720 z
662 658 729 719 ideo
757 676 816 719 non
839 666 962 737 possunt
983 659 1137 738 praeponi,
1161 661 1228 739 quia
1251 682 1269 714 ο
1292 677 1379 720 nuum
1397 666 1488 719 umen

215 762 353 832 verbum,
377 762 454 842 quod
477 782 495 823 o
516 770 584 823 ante
606 781 624 822 o
647 760 749 831 babet,
772 767 805 821 nt
825 759 930 830 reboo,
953 759 1130 822 ‘reboant
1155 760 1350 841 silvaeque
1370 768 1403 821 et
1418 778 1491 820 na·

216 882 309 943 gnus
330 864 383 925 0’.
427 863 494 925 ideo
518 872 620 925 contra
642 860 772 941 regulam
796 863 888 932 venit,
918 863 984 941 quia
1007 846 1153 924 Graecum
1176 871 1230 925 est.
1268 873 1365 924 cetera
1384 864 1411 924 in
1429 870 1501 923 arte

190 967 381 1046 seonscripta
403 975 481 1027 sunt.

727 1135 775 1197 bu
798 1133 993 1196 novenum.

301 1271 478 1333 Adverbium
511 1270 621 1332 dictum
656 1278 716 1341 est,
752 1271 820 1349 quia
848 1286 968 1331 neeesse
996 1270 1085 1332 lrabet
1111 1290 1230 1353 semper
1261 1271 1382 1334 verbnm
1406 1272 1515 1351 sequi.

218 1373 308 1435 verbo
332 1382 429 1435 tamen
455 1391 511 1434 non
536 1391 657 1434 necesse
680 1381 725 1433 est
746 1390 834 1451 egere
856 1390 975 1452 semper
998 1371 1145 1435 adverbio.
1180 1392 1249 1436 uam
1264 1392 1382 1454 possum
1402 1373 1519 1435 tiore

217 1478 274 1546 sir„
297 1476 378 1555 legit.
415 1494 494 1536 nune
521 1476 598 1535 enim
627 1482 657 1534 et
678 1473 764 1554 plena
787 1482 833 1535 est
853 1473 989 1544 elocutio,
1012 1484 1043 1537 et
1064 1473 1237 1537 adverbium
1259 1486 1357 1538 umen
1379 1493 1433 1537 nou
1451 1477 1518 1535 in·

181 1603 206 1643 ιι
220 1580 343 1639 venitur.
378 1596 445 1638 nam
468 1596 535 1638 curn
559 1576 624 1636 dieo
647 1594 713 1636 eras
735 1576 836 1646 bodie,
859 1594 920 1636 uon
943 1577 999 1637 erit
1019 1578 1134 1656 integra
1156 1577 1300 1649 elocutio,
1322 1579 1379 1640 nisi
1398 1576 1512 1643 addam

219 1679 356 1750 verbum,
380 1686 501 1759 utputa
524 1678 589 1738 dieo
612 1676 657 1738 vel
678 1677 762 1738 lario.
807 1677 978 1739 adverbium
1001 1676 1175 1759 plerumque
1197 1679 1507 1753 condemnabam,

218 1781 393 1862 plerumque
408 1782 548 1842 destruit:
572 1780 735 1849 confirmat,
759 1789 792 1841 ut
814 1782 888 1840 ‘iam
906 1780 1044 1849 laeiam’;
1068 1780 1207 1851 destruit,
1231 1791 1265 1843 ut
1284 1788 1363 1843 ‘uon
1378 1782 1499 1845 latiam’.

219 1881 356 1945 adverbia
379 1892 428 1944 aut
451 1902 467 1943 a
489 1901 521 1961 sp
543 1884 679 1943 oriuntur
702 1891 751 1943 aut
773 1881 809 1942 ab
832 1880 897 1943 aliis
918 1881 1051 1961 partibus
1073 1883 1215 1945 orationis
1229 1885 1365 1955 veniunt,
1386 1885 1496 1947 sieuiu

218 1985 330 2046 artibus
361 1986 489 2064 positum
523 1993 581 2046 est:
617 2002 682 2045 nam
712 1982 753 2044 ibi
783 1991 852 2044 sunt
879 1983 1012 2064 exempla
1040 1985 1119 2046 varia
1144 1987 1249 2065 posita.
1286 1987 1382 2047 borno
1406 1994 1489 2046 anum

181 2112 205 2152 ns
219 2086 292 2148 nitu
315 2096 360 2147 est
380 2085 457 2147 alind
481 2087 536 2146 nisi
559 2085 615 2147 lroc
637 2104 723 2146 anuo.
768 2085 847 2146 unde
869 2084 1011 2146 derivatio
1039 2085 1145 2176 duplex
1167 2088 1327 2150 invenitur.
1369 2105 1430 2148 nam
1447 2088 1484 2149 di·

218 2208 287 2251 cero
310 2188 382 2248 dicit
409 2187 580 2248 hornotinas
611 2188 727 2267 irnges;
749 2187 887 2249 Horatius
917 2186 988 2250 dicit
1010 2188 1119 2249 bornas
1140 2187 1250 2267 lruges.
1296 2191 1366 2251 item
1386 2191 1480 2250 meatu

219 2289 291 2351 nibil
314 2298 359 2350 est
380 2288 458 2351 aliud
482 2291 537 2350 nisi
560 2308 627 2351 meo
648 2307 746 2360 more,
770 2290 873 2349 tuatim
897 2296 947 2350 tuo
970 2306 1061 2350 more.
1098 2290 1176 2368 quod
1199 2289 1272 2351 dioit
1293 2291 1332 2352 de
1353 2289 1479 2370 participio

218 2390 388 2452 adverbium
421 2410 507 2471 posse
536 2392 656 2462 dednei,
686 2409 786 2473 verum
814 2409 873 2452 nou
902 2398 956 2451 est.
997 2393 1105 2453 etenim
1133 2390 1204 2453 illud
1234 2391 1398 2473 exemplum
1420 2387 1476 2471 pund

219 2492 354 2574 protulit,
376 2493 405 2553 id
429 2502 473 2554 est
495 2494 664 2572 indulgens,
694 2511 754 2554 non
776 2500 898 2584 tantumx
913 2495 1099 2573 participium
1123 2501 1181 2555 est:
1216 2513 1285 2555 nam
1307 2496 1408 2574 recipit
1425 2508 1476 2552 nn·

181 2596 416 2675 separationem
447 2595 515 2657 lacit
543 2597 621 2656 enim
649 2594 848 2674 indulgentior
875 2593 1156 2674 indulgentissimus.
1201 2614 1274 2676 ergo
1297 2595 1408 2678 quando
1424 2592 1478 2654 diri·

219 2715 285 2758 mus
306 2695 508 2776 indulgenter,
537 2716 595 2758 non
625 2696 758 2758 videmur
786 2714 801 2756 a
831 2698 985 2777 participio
1015 2699 1153 2758 transisse
1181 2697 1217 2758 ad
1247 2697 1423 2766 adverbiun,
1439 2689 1482 2754 sed

219 2801 387 2860 anonrine.
429 2801 527 2860 omnia
556 2797 692 2860 adverbia
721 2817 736 2858 e
765 2802 921 2860 terminata
948 2801 980 2860 in
1007 2800 1130 2879 positivo
1153 2817 1272 2880 semper
1294 2799 1483 2879 producuntur.

219 2909 253 2961 ut
275 2900 375 2970 docte,
406 2902 535 2980 exeeptis
564 2900 659 2961 tribus
686 2898 796 2979 regulis
818 2919 920 2961 eorum
943 2899 1163 2972 adverbiorum,
1186 2918 1262 2980 quae
1284 2913 1409 2963 autnon
1425 2914 1487 2960 eon·

220 3010 375 3082 parantur,
406 3010 437 3062 ut
463 3004 519 3063 rite
549 3001 651 3080 (nemo
679 3003 757 3062 enim
786 3002 856 3063 dicit
881 3003 967 3063 ritius
994 3003 1165 3082 altissime),
1193 3001 1238 3064 vel
1272 3022 1348 3084 quae
1372 2997 1489 3065 anomale

182 3130 207 3170 as
221 3116 438 3184 conparantur,
463 3111 494 3164 ut
516 3103 592 3165 bene
621 3104 723 3182 (nemo
746 3104 824 3164 enim
848 3102 918 3164 dicit
939 3103 1043 3165 benius
1064 3104 1249 3185 benissime),
1273 3105 1319 3166 vel
1340 3123 1410 3186 quae
1426 3121 1439 3164 a
1454 3113 1492 3161 se

220 3209 371 3278 oriuntur,
395 3215 427 3266 ut
448 3207 558 3285 inpune
582 3203 760 3287 [inpunins].
805 3204 863 3265 boe
890 3203 1003 3266 seilicet
1024 3206 1054 3265 in
1077 3208 1215 3286 positivo;
1253 3218 1382 3270 ceterum
1401 3219 1495 3286 super⁶

220 3307 322 3369 latiam
344 3308 453 3386 gradus
473 3325 591 3387 semper
607 3304 620 3389 ΙΙ
634 3306 817 3385 producitur,
840 3315 872 3368 ut
894 3307 1069 3368 doctissime.

305 3408 401 3470 Facile
430 3418 459 3470 et
486 3409 604 3470 difficile
633 3407 722 3489 [non]
753 3411 917 3487 quaeritur,
947 3416 1045 3470 utrum
1074 3410 1210 3471 adverbia
1239 3414 1299 3473 siut
1321 3431 1357 3474 an
1378 3410 1500 3474 nomba·

222 3519 337 3572 constat
358 3520 455 3572 autem
483 3530 548 3573 esse
576 3512 694 3572 nomina
718 3519 844 3581 tantum,
874 3512 941 3590 quia
963 3529 1081 3591 semper
1103 3521 1241 3593 correpta
1263 3524 1348 3576 sunt:
1382 3513 1505 3575 donin!

182 3612 359 3680 madrerbia
387 3622 498 3685 essent,
527 3623 560 3675 ut
588 3631 676 3692 supra
705 3613 845 3681 diximus,
881 3612 1132 3693 producerentur:
1169 3616 1293 3686 deiude,
1323 3619 1389 3697 qnia
1408 3603 1513 3676 nervtt‘i

222 3715 340 3792 generis
361 3714 486 3776 lormam
510 3725 682 3794 sequuntur.
720 3715 807 3775 sicuti
830 3716 908 3775 enim
931 3714 1056 3776 dicimus
1078 3715 1171 3778 laeilis
1194 3717 1295 3789 laeile,
1317 3723 1362 3781 sic
1382 3726 1408 3779 et
1426 3714 1515 3776 dilli‘

222 3815 287 3876 cilis
309 3816 437 3877 difficile.
471 3816 577 3876 deinde
599 3818 624 3877 si
645 3815 783 3877 adverbia
806 3826 918 3886 essent,
942 3817 970 3877 in
994 3826 1039 3877 ter
1062 3820 1191 3880 exirent:
1220 3819 1335 3882 dativus
1356 3821 1427 3882 euim
1445 3834 1520 3877 ao‘

223 3920 310 3978 asinis
333 3919 342 3976 i
365 3920 538 3978 terminatus
561 3916 731 3978 adverbium
754 3919 784 3978 in
807 3927 853 3978 ter
868 3916 1008 3998 syllabam
1024 3921 1126 3990 mittit,
1151 3930 1182 3980 nt
1204 3922 1273 3982 huie
1296 3920 1521 3983 tonnitorum:

222 4021 264 4078 sie
288 4019 355 4079 bnie
384 4017 462 4078 larili
490 4016 630 4085 faciliter,
660 4019 729 4080 baie
758 4018 870 4079 dillreili
896 4020 1056 4082 difficiliter
1084 4020 1260 4084 diceremus.
1304 4041 1377 4101 ergo
1395 4012 1527 4084 eomt2²

184 4146 209 4186 a,
224 4138 288 4179 esse
312 4121 440 4180 nomina.
485 4121 526 4179 sie
549 4129 645 4180 autem
669 4123 762 4199 posita
785 4131 854 4182 sunt
875 4141 930 4201 pro
953 4122 1112 4194 adverbiis,
1135 4143 1224 4204 quem
1247 4126 1282 4187 ad
1305 4126 1420 4188 modum
1440 4123 1527 4182 tere

309 4307 325 4354 2
344 4321 393 4354 non
415 4315 522 4371 possunt
540 4309 663 4372 praeponi
681 4309 757 4371 aquia
771 4323 819 4358 uon
837 4319 943 4375 possunt
962 4312 1070 4377 proponi
1090 4327 1105 4363 e
1125 4326 1203 4362 unum
1219 4313 1253 4373 P,
1268 4322 1295 4363 at
1312 4313 1388 4364 uerba
1404 4311 1454 4375 quia
1466 4333 1479 4340 ·
1495 4316 1523 4329 ²

222 4377 344 4442 proponi,
359 4392 424 4439 praee
439 4392 483 4429 orn.
505 4391 536 4433 ς,
556 4378 687 4427 uideantur
705 4386 831 4441 expuncto
849 4394 905 4429 ease
974 4379 1121 4447 3reboant]
1141 4385 1222 4449 Verp.
1233 4399 1322 4449 peorp.
1347 4384 1376 4434 ιιι
1391 4380 1435 4432 223
1511 4429 1519 4439 ,

225 4448 255 4497 15
273 4442 371 4511 Cicero]
392 4449 416 4495 in
440 4448 516 4496 Vm.
533 4455 583 4495 art.
600 4463 651 4500 see.
666 4448 697 4496 ill
713 4449 754 4513 18,
772 4449 806 4499 45
830 4449 876 4499 boe
890 4459 1010 4512 quantum
1030 4461 1068 4501 est
1087 4467 1118 4502 ex
1141 4452 1229 4503 Sicilia
1247 4453 1366 4504 lrnmenti
1383 4444 1521 4502 honori-¹¹

223 4526 402 4566 exaraverunt:
417 4517 452 4579 ef.
468 4517 600 4578 Pompeius
615 4534 641 4581 p.
662 4518 713 4570 329
785 4518 817 4569 ld
829 4517 976 4569 hornotinus
988 4523 1063 4572 editio
1075 4521 1235 4574 Αιοαιείαιια
1249 4523 1393 4574 hornotinus
1406 4521 1440 4576 Ρς

224 4583 351 4651 lloratius]
375 4601 452 4638 carra.
479 4587 512 4634 lll
529 4586 607 4648 23,3
629 4590 651 4636 si
673 4598 727 4637 ture
750 4588 858 4654 placaris
878 4597 902 4638 et
920 4589 1001 4640 horna
1018 4591 1095 4657 lruge
1116 4592 1259 4660 laresque
1275 4596 1449 4657 examinant
1467 4574 1517 4630 ‘⁸¹

223 4656 388 4721 Pompeiuel.
404 4671 425 4704 a.
498 4654 602 4722 hornus]
624 4656 743 4706 hornutas
762 4660 803 4714 Ρς
873 4661 907 4708 24
924 4659 1050 4729 anomale]
1074 4663 1138 4712 male
1157 4665 1200 4719 Ρς
1268 4665 1303 4716 ‘25
1321 4664 1406 4713 bunius
1422 4652 1510 4707 beni?

223 4726 286 4774 sime
304 4726 436 4789 Pompeius
452 4743 479 4790 p.
498 4726 548 4777 334
564 4728 642 4777 benus
657 4728 794 4778 benissime
814 4728 839 4776 P
851 4729 942 4780 bonius
956 4731 1092 4782 benissirne
1107 4747 1124 4790 ς
1195 4732 1231 4782 ab
1246 4736 1349 4800 impune
1362 4723 1503 4795 eorriplffls²

224 4809 297 4844 nerno
316 4797 382 4845 enlm
400 4795 462 4845 dicit
478 4795 596 4860 impunus
615 4800 745 4860 Pompeius
761 4812 788 4860 p.
805 4799 857 4849 ³35
941 4799 971 4851 31
992 4801 1099 4851 dicimus
1119 4813 1143 4853 et
1162 4803 1247 4853 larilis
1264 4803 1338 4855 lacile
1353 4789 1498 4854 siedillct'l¹⁵

223 4862 327 4914 dillleile
342 4881 358 4921 ς
377 4866 484 4915 dicimus
503 4875 527 4914 et
546 4866 630 4917 facilis
646 4867 720 4916 laeile
734 4867 847 4918 diltirilis
863 4869 968 4919 diilleile
988 4871 1010 4918 P
