3346 5506
514 384 586 446 ms
607 385 849 467 clitumnus
873 385 911 446 ιιι
934 391 1027 453 2-4
1133 344 1139 351 ’
1356 390 1418 453 aas

191 488 323 537 Ρ-ΜΙ..
1197 506 1218 544 p.
1233 494 1290 536 tito.
1305 493 1328 534 11
1344 492 1368 533 l‘.

45 632 49 637 .
143 576 196 623 ιιι)
218 568 319 639 ruho,
352 578 385 632 ut
410 573 622 632 ‘numerum
649 590 728 632 cum
762 569 919 632 navibus
945 576 1107 650 aequet’,
1131 572 1277 650 ‘arrige
1308 590 1419 633 aures

135 658 343 749 Pamphile’.
758 662 767 669 ’

208 770 400 835 Pleonasmos
426 784 473 835 eat
498 773 622 835 adiectio
650 773 734 834 uerhi
760 775 935 855 supervacui
962 775 998 835 ad
1026 771 1144 853 plenam
1167 776 1418 854 significationem,

123 872 157 925 dl
177 871 254 937 ‘sic
273 894 338 936 ore
359 873 489 937 locuta
511 878 583 937 est'
606 893 662 956 pro
685 878 745 937 ‘sic
767 875 864 937 locuta
887 879 959 937 ost'.

204 974 403 1055 romolago
426 983 471 1038 est
491 994 671 1057 supervacua
695 975 852 1038 verborum
881 978 1006 1039 adiectio
1028 979 1092 1038 sine
1115 975 1173 1038 ulla
1196 980 1223 1038 vi
1245 996 1364 1048 rerum,
1388 986 1445 1039 uts

278 1078 284 1160 ]
306 1078 392 1139 ihant
411 1098 468 1159 qua
491 1086 642 1159 poterant,
664 1097 721 1158 qua
744 1097 804 1140 non
826 1087 965 1159 poterant
986 1097 1047 1139 non
1068 1078 1160 1139 ibant.

204 1177 388 1259 Maerologia
409 1187 456 1241 est
476 1178 565 1259 longa
579 1182 725 1242 sententia
746 1198 797 1241 res
818 1199 878 1242 non
900 1182 1083 1241 necessarias
1104 1181 1365 1260 conprehendens,
1388 1192 1421 1243 ut

106 1265 259 1353 ‘legati
281 1299 354 1342 non
374 1282 569 1362 inpetrata
590 1300 680 1362 pace
703 1291 821 1354 retro,
851 1282 947 1345 unde
969 1289 1163 1352 venerant,
1193 1282 1337 1343 domum
1360 1301 1419 1343 re·

105 1381 221 1441 versi
243 1389 359 1444 suot'.

203 1482 381 1564 Tantologla
404 1492 450 1546 est
470 1476 602 1547 eiusdem
625 1485 763 1546 dictionis
785 1487 922 1565 repetitio
944 1486 1060 1555 vitiosa,
1083 1494 1115 1546 ut
1137 1494 1256 1563 egomet
1276 1489 1350 1566 ipse.
1369 1483 1385 1568 ΙΙ
1435 1506 1458 1545 ιι

206 1583 337 1667 Eelipsis
365 1594 410 1646 est
436 1586 569 1648 delectam
600 1587 720 1667 quidam
755 1588 939 1648 necessariae
973 1586 1125 1656 dictionis,
1159 1606 1248 1666 quam
1271 1585 1420 1649 desiderat

106 1687 258 1749 praecisa
279 1688 435 1759 sentemia,
458 1696 491 1748 ut
511 1689 621 1750 ‘haec
642 1691 800 1750 seeum':
824 1688 907 1749 deest
928 1689 1007 1748 enim
1030 1686 1214 1767 loquebatur.

209 1786 367 1869 'l'epinosis
387 1798 433 1850 est
455 1789 604 1851 humilitas
625 1793 670 1851 rei
692 1808 816 1869 magnae
838 1808 897 1850 non
920 1789 949 1849 id
972 1797 1077 1866 agente
1099 1791 1259 1859 sententia,
1284 1799 1316 1851 ut

825 1893 1051 1970 penitusque
1074 1907 1256 1952 cavernas

277 1992 453 2071 ingentes
475 1999 697 2072 uterumque
719 2001 861 2054 armato
883 1991 1002 2053 milite
1024 1989 1212 2070 complent
1435 2013 1458 2052 n

107 2078 139 2131 ⁶²
171 2082 394 2155 ‘Dulichias
414 2111 571 2155 vexasse
594 2097 714 2155 rates'
738 2104 769 2155 et

51 2176 56 2183 ¹
278 2193 434 2256 Pelidae
455 2195 684 2257 stomachum
708 2196 842 2256 cedere
866 2195 993 2256 nescii.
1291 2272 1295 2278 Ι

215 2294 447 2376 Cacosyntheton
467 2309 514 2358 est
536 2298 637 2358 vitiosa
660 2298 825 2377 conpositio
848 2297 1018 2368 dictionum,
1035 2308 1068 2359 ut
1082 2299 1281 2378 ‘versaque
1298 2300 1420 2359 iuren-

100 2386 157 2437 ⁰¹¹
175 2406 213 2455 ln
232 2398 352 2477 Terga
376 2398 581 2478 fatigamus
603 2400 741 2461 hasta'.

107 2571 115 2584 .
214 2497 397 2581 Amphiholia
425 2508 470 2561 est
499 2500 674 2578 ambiguitas
704 2501 954 2581 dictionis,‘quae
976 2502 1081 2563 litant
1102 2520 1157 2581 per
1179 2521 1280 2562 casum
1302 2520 1420 2562 accusa-
1435 2523 1460 2561 a·

95 2578 234 2671 tivum,
261 2609 294 2663 ut
320 2602 413 2682 siquis
443 2601 522 2663 dieat
551 2603 658 2665 ‘audio
686 2613 854 2665 secutorem
880 2605 1033 2664 retiarium
1063 2605 1254 2683 superasse';
1288 2612 1339 2664 aut
1368 2622 1422 2683 per

96 2690 286 2766 ⁰0¹limone
312 2702 451 2775 verbum,
480 2711 512 2765 ut
537 2705 629 2785 siquis
656 2705 733 2766 dieat
762 2707 954 2767 ‘criminatur
983 2706 1082 2776 Cato’,
1112 2704 1253 2766 ‘vadatur
1275 2703 1420 2773 Tullius',

97 2792 293 2867 ne1⁸-addat
313 2824 403 2886 mem
417 2805 463 2866 rel
484 2824 591 2886 aquo;
615 2815 666 2868 aut
686 2825 741 2886 per
756 2807 991 2877 distinctionem,
1015 2815 1048 2867 ut
1069 2807 1145 2867 ‘vidi
1160 2814 1285 2867 statuam
1302 2824 1422 2866 auream

99 2877 241 2969 hflstam
269 2912 448 2969 tenentem’.
491 2908 523 2969 tit
551 2916 580 2969 et
608 2926 662 2989 per
693 2907 887 2988 homonyma,
915 2916 948 2969 ut
974 2909 1066 2987 siquis
1095 2908 1189 2969 aciem
1211 2907 1290 2968 dicat
1310 2915 1340 2967 et
1362 2923 1421 2965 rron
1540 2982 1545 2991 ·

105 2986 392 3072 111(ἰιιοιιιΙιιιιιιιι
415 3015 467 3071 ant
488 3011 635 3071 exercitus
649 3017 700 3071 aut
722 3010 804 3071 lerri.
833 3011 865 3071 lit
887 3016 1042 3099 praeterea
1064 3007 1199 3091 pluribus
1221 3007 1324 3078 modia,
1348 3025 1422 3086 quos
1435 3030 1460 3070 aa

108 3102 306 3174 Wrcensere
328 3129 447 3182 omnes,
470 3129 509 3172 ne
531 3113 619 3172 nimis
640 3110 761 3191 longum
783 3113 836 3182 sit,
860 3129 921 3172 non
943 3118 1070 3190 oportet.

605 3331 654 3393 DE
676 3328 937 3393 hlEThPLdSth.

212 3483 421 3565 hletaplasmus
453 3456 498 3546 est
525 3484 745 3546 transformatio
774 3482 917 3564 quaedam
948 3483 1022 3542 recti
1050 3480 1197 3561 solutique
1224 3482 1370 3541 sermonis
1392 3483 1422 3541 in

126 3575 251 3647 ‘literam
273 3587 403 3667 speciem
426 3588 514 3647 metri
535 3594 692 3649 ornatusce
715 3604 811 3647 causa.
841 3584 929 3645 huius
950 3584 1065 3663 species
1086 3592 1155 3643 sulit
1176 3582 1421 3663 quattuordecim,

127 3688 292 3759 ltmsthesis
321 3687 492 3767 epenthesis
512 3706 662 3768 paragoge
690 3687 860 3767 aphaeresis
882 3703 1011 3765 syncope
1034 3702 1165 3764 apocope
1187 3686 1294 3745 ectasis
1314 3683 1422 3764 systole
1435 3706 1461 3745 ao

129 3781 269 3851 diaeresis
291 3788 494 3871 episynaliphe
515 3788 668 3869 synaliphe
691 3788 842 3870 ecthlipsis
864 3788 1017 3849 antithesis
1038 3787 1217 3848 metathesis.

199 4044 212 4095 1
237 4041 381 4111 nnmerum]
406 4043 486 4108 Verp.
507 4042 574 4099 Aen,
594 4045 605 4093 l
626 4043 675 4095 1113
745 4053 837 4109 aequet
856 4043 907 4094 LP
929 4052 1021 4108 aequat
1041 4044 1072 4093 Sl
1139 4038 1234 4108 arrige]
1259 4038 1319 4094 Ter.
1338 4041 1422 4094 Andr.

130 4110 194 4171 Vl,
211 4111 247 4164 36
315 4111 402 4180 dein]
423 4114 503 4178 Verp.
522 4114 588 4166 Aea.
608 4116 619 4163 l
636 4114 688 4166 614
757 4111 875 4180 hibunt]
895 4114 930 4172 cf,
951 4113 1051 4166 Choria,
1071 4128 1099 4175 p.
1120 4113 1171 4162 242
1240 4109 1364 4179 8legati]
1387 4112 1423 4174 rs.

129 4181 228 4237 Charis.
248 4185 267 4232 1.
284 4198 308 4231 c.
380 4190 448 4234 retro
465 4199 512 4236 om.
535 4184 567 4243 P,
585 4183 682 4245 addar
761 4183 929 4235 indictionis
948 4183 986 4231 Le
1004 4183 1066 4231 dicti
1084 4181 1130 4232 SP
1205 4183 1237 4234 ll
1257 4181 1384 4231 desideret
1402 4180 1426 4229 P

184 4251 408 4321 inhaesurum]
435 4253 515 4318 Verp.
535 4254 600 4302 Aen.
623 4254 632 4301 l
651 4253 684 4303 37
740 4252 772 4303 13
791 4266 840 4302 non
859 4252 885 4301 id
902 4260 994 4317 agente
1012 4252 1137 4302 sententia
1156 4252 1224 4314 quod
1243 4250 1425 4305 demonstrate,-

182 4320 392 4390 repentinoque]
417 4324 497 4389 Vera.
519 4324 584 4375 Aen.
605 4322 628 4371 ll
647 4323 678 4374 ta
731 4322 765 4373 13
785 4332 890 4384 uterque
909 4322 933 4370 Ι,
948 4330 1084 4384 utrumque
1099 4324 1123 4370 t:
1144 4332 1293 4383 uterumque
1306 4348 1342 4357 —
1357 4328 1425 4369 rates

130 4398 156 4440 et
170 4408 217 4447 on.
236 4393 266 4453 S,
285 4392 346 4443 add.
365 4409 396 4443 a:
417 4400 568 4456 uterumque
584 4417 619 4427 —
633 4392 713 4441 nescii
730 4396 755 4442 in
771 4407 852 4457 marg.
872 4390 934 4442 add.
956 4390 980 4438 P
1028 4391 1154 4455 complent
1177 4391 1203 4439 id
1222 4400 1260 4440 est
1277 4391 1371 4441 multae
1388 4389 1422 4438 le·

131 4462 221 4525 giooes
237 4471 392 4513 armatorum
410 4463 580 4529 impleuerant
598 4476 721 4512 cauernae
738 4462 774 4512 Pe
845 4461 878 4513 16
904 4457 1047 4526 Dulichias]
1078 4461 1156 4524 Verp.
1177 4461 1258 4512 bucol.
1276 4460 1302 4521 6,
1321 4460 1356 4510 76

134 4531 163 4582 17
179 4530 295 4598 Pelidae]
315 4532 382 4586 Hor.
402 4548 482 4584 eom.
504 4530 592 4592 16,6
663 4530 696 4582 18
715 4528 851 4596 versaque]
874 4532 953 4594 Verq.
974 4530 1039 4582 Aeo.
1059 4529 1128 4579 Vllll
1145 4529 1197 4582 616
1267 4528 1302 4579 20
1318 4527 1423 4591 Amphi·

132 4600 230 4669 bologia
250 4602 275 4651 h
344 4605 379 4655 ’25
401 4603 532 4653 oculorum
556 4601 681 4650 exercitus
705 4600 766 4650 lerri
784 4600 808 4648 h
879 4599 995 4666 pluribus
1018 4598 1080 4649 hPe
1103 4599 1259 4664 plurimisS
1327 4596 1362 4647 36
1385 4613 1424 4646 re·

132 4672 271 4723 censeret?
339 4673 372 4722 27
399 4688 433 4722 ιιιι
449 4685 624 4723 ιιιιτιιιιιειιιι
642 4671 683 4720 1²:
701 4670 780 4723 Diem.
796 4687 825 4734 p.
843 4670 910 4729 435,
927 4670 963 4730 cs.
984 4670 1100 4721 densent,
1119 4685 1146 4733 p.
1166 4669 1252 4734 hsqq.
1271 4668 1311 4720 ed.
1328 4667 1422 4718 Bottia.

207 4741 244 4793 23
264 4743 338 4792 metri
356 4749 461 4793 ornatus
479 4741 673 4792 necessitatisue
688 4755 765 4790 eausa
784 4741 835 4790 LP
920 4738 954 4789 36
973 4739 1100 4804 prothesis
1115 4739 1161 4789 LS
1247 4737 1278 4787 31
1299 4734 1425 4786 diheresis

130 4810 199 4863 aa?
266 4811 445 4879 episynaliphe
464 4813 488 4861 h
508 4810 655 4877 synheresis
671 4849 769 4865 .....
791 4812 815 4859 P
836 4810 958 4859 sineresis
979 4824 1009 4859 e:
1033 4812 1059 4860 to
1082 4812 1104 4860 S
1125 4809 1186 4874 quid
1207 4809 1263 4857 olim
1278 4807 1359 4869 suerit
1377 4822 1424 4856 aon

131 4880 240 4946 adparet
310 4882 441 4948 ecllptoele
458 4896 527 4936 corr.
545 4881 650 4947 eclipsis
668 4879 693 4928 L
705 4879 810 4948 eclipsis
827 4882 849 4931 S
865 4879 972 4946 clypeis
984 4879 1009 4927 P
