3314 5506
524 392 719 454 rnsruvm
741 390 879 454 lnrrvn
900 391 1068 455 sss-sos
1176 345 1179 353 ¹
1219 438 1223 457 .
1382 391 1439 452 tar

229 525 244 562 μ.
255 510 321 552 serr
335 508 361 550 a.
1220 521 1242 560 p.
1257 509 1346 549 ess-ar
1362 508 1389 549 v.

194 582 289 641 leninim
306 581 420 642 numeri
441 578 599 656 singularis
622 585 721 639 nostra
740 586 858 640 nostrae
880 587 997 641 nostrae
1018 587 1149 640 nostram
1173 587 1274 640 nostra
1296 600 1311 640 a
1328 586 1437 647 nostra,

194 685 274 744 numeri
286 682 403 764 pluralis
422 690 541 743 nostrae
560 689 726 742 nostrarum
750 683 858 742 nostris
876 689 990 743 nostras
1008 689 1125 742 nostrae
1144 700 1160 741 a
1177 683 1299 750 nostris;
1321 683 1440 758 generis

193 787 259 845 nutri
277 787 387 847 numeri
406 782 563 862 singularis
587 792 719 844 nostrum
742 783 833 843 nostri
855 791 957 843 nostro
977 792 1111 844 nostrum
1133 790 1267 844 nostrum
1289 803 1305 844 a
1328 789 1437 851 nostro,

141 910 148 927 ·
193 889 274 948 nuneri
294 884 414 966 pluralis
441 894 540 946 nostra
563 893 732 946 nostrorum
754 886 863 946 nostris
888 895 987 946 nosue
1014 892 1113 945 nostra
1141 903 1157 944 a
1180 886 1297 945 nostris.
1342 891 1439 946 vester

191 1004 316 1065 prnmneu
333 989 529 1068 possessivum
558 990 675 1065 generis
695 986 846 1048 masculini
869 989 981 1066 figurae
1003 988 1186 1065 compositae
1203 988 1320 1047 numeri
1338 988 1437 1065 singu·
1463 1014 1476 1050 s

191 1075 329 1152 ina'casos
348 1091 530 1160 nominativi,
553 1099 582 1150 et
600 1089 794 1151 declinabitur
815 1108 870 1169 per
885 1088 998 1167 singula
1020 1106 1139 1165 genera,
1161 1089 1277 1149 omissis
1291 1089 1437 1155 vocativis,

192 1187 245 1252 adn
261 1195 351 1274 specie
373 1210 426 1254 sua
448 1191 485 1253 ad
509 1191 674 1270 exemplum
696 1193 797 1252 nostri.

247 1295 313 1356 Sane
329 1295 388 1356 boc
408 1312 571 1364 monemus,
595 1294 684 1374 quod,
707 1295 730 1354 si
748 1313 806 1373 que
828 1294 997 1354 coniunctio
1015 1292 1075 1354 sola
1098 1291 1324 1370 pronominibus
1344 1292 1439 1369 iungi-

191 1402 233 1463 tur,
248 1413 339 1465 annus,
368 1415 429 1457 non
456 1414 599 1457 numerus
622 1397 830 1475 pronominum
853 1397 957 1474 augeri
983 1397 1204 1473 pronuntiatum
1239 1400 1269 1453 et
1296 1393 1378 1463 ideo,
1407 1400 1440 1453 ut

190 1513 251 1574 εφη
267 1499 426 1568 innuimus,
448 1506 517 1559 sunt
539 1500 635 1558 omnia
658 1499 830 1577 pronomina
855 1516 979 1558 numero
1001 1499 1118 1575 triginta
1141 1498 1196 1557 tria
1219 1504 1341 1557 mutum.
1356 1492 1370 1579 ΙΙ
1452 1520 1477 1560 ro

247 1600 319 1663 lianc
338 1603 426 1663 etiam
448 1601 506 1662 boe
526 1618 696 1668 monemus,
718 1599 796 1679 quod
818 1599 929 1660 Plinius
950 1600 1104 1661 Secundus
1125 1600 1299 1679 pronomina
1321 1616 1439 1679 posses·

191 1697 268 1785 ipe
289 1721 341 1783 per
361 1703 509 1782 quandam
533 1705 691 1764 mixturam
720 1704 763 1762 sic
784 1702 895 1780 putarit
915 1719 979 1762 esse
1000 1700 1187 1771 declinanda,
1218 1701 1246 1762 id
1269 1708 1314 1763 est
1333 1701 1438 1761 intrin-

190 1816 248 1864 κω
267 1815 293 1867 et
318 1807 511 1866 extrinsecus.
555 1805 606 1866 sed
634 1805 691 1864 boc
720 1822 901 1882 supervacue
930 1806 1044 1867 cunctis
1069 1791 1148 1864 ¹artis
1177 1802 1319 1863 latoribus
1344 1803 1437 1864 risum

191 1909 219 1960 td
232 1904 367 1988 disputari,
392 1907 629 1986 quandoquidem
649 1906 751 1968 eadem
768 1907 894 1966 mixtura
916 1924 976 1966 non
991 1905 1098 1966 babeat
1116 1907 1269 1974 rationem,
1292 1905 1327 1966 ad
1348 1922 1436 1984 quam

147 2072 152 2082 ,
191 2020 272 2070 Μ
300 2010 441 2088 proliciat.
486 2026 565 2071 nunc
597 2016 626 2069 et
657 2008 788 2070 eiusdem
827 2010 970 2070 mixturae
1005 2007 1228 2069 declinationem
1265 2007 1434 2068 subicimus.
1451 2028 1476 2068 rs

190 2110 271 2180 pnes
288 2110 440 2173 masculini
461 2129 605 2191 personae
626 2111 739 2190 primae
761 2111 876 2171 numeri
893 2109 1052 2189 singularis
1069 2128 1153 2171 meus
1171 2111 1229 2170 mei
1250 2127 1317 2169 meo
1340 2125 1436 2168 meum

191 2222 245 2271 neta
260 2231 274 2272 a
292 2231 368 2282 meo,
389 2215 505 2274 umeri
525 2213 647 2292 pluralis
669 2215 761 2273 nostri
781 2221 950 2297 nostrorum
973 2214 1081 2272 nostris
1100 2219 1217 2272 nostros
1238 2214 1330 2271 nostri
1349 2228 1366 2269 a
1384 2227 1437 2269 no·
1524 2195 1529 2203 ’

191 2311 245 2380 str'at
262 2317 372 2393 generis
394 2315 524 2376 feminini
546 2333 691 2394 personae
713 2317 824 2394 primae
847 2316 962 2375 numeri
984 2312 1140 2391 singularis
1162 2331 1227 2374 mea
1250 2330 1333 2374 meae
1354 2329 1438 2372 meae

191 2425 255 2474 nean
271 2433 331 2478 mea
353 2435 371 2477 a
392 2435 474 2486 mea,
508 2419 625 2480 numeri
646 2416 768 2496 pluralis
788 2425 905 2478 nostrae
925 2423 1093 2477 nostrarum
1116 2418 1225 2476 nostris
1246 2423 1362 2477 nostras
1384 2432 1437 2474 no·

190 2517 270 2578 traca
288 2521 412 2588 nostris;
448 2522 567 2599 generis
588 2521 685 2580 neutri
711 2537 855 2598 personae
876 2520 989 2599 primae
1018 2520 1133 2580 numeri
1155 2516 1310 2595 singularis
1337 2534 1434 2578 meum
1449 2538 1475 2579 so

191 2615 229 2674 bei
242 2635 295 2681 men
316 2640 415 2682 meum
437 2639 535 2683 meum
562 2641 577 2682 a
600 2639 681 2690 meo,
715 2623 830 2683 numeri
858 2620 979 2700 pluralis
1006 2629 1107 2682 nostra
1136 2628 1304 2682 nostrorum
1332 2621 1439 2679 nostris

191 2725 259 2779 tuba
276 2731 369 2785 nnstm
397 2743 414 2784 a
437 2725 558 2785 nostris:
590 2725 706 2802 generis
726 2723 878 2786 masculini
901 2741 1046 2802 personae
1068 2723 1215 2784 secundae
1244 2723 1360 2783 numeri
1378 2722 1437 2782 sin·

191 2815 268 2891 guin
285 2831 350 2887 tuns
377 2825 420 2885 tui
443 2832 495 2886 tuo
517 2832 599 2886 tuum
628 2835 696 2887 tuus
722 2846 738 2887 a
761 2834 825 2896 tuo,
858 2827 975 2887 numeri
1001 2825 1124 2907 pluralis
1156 2826 1244 2887 vestri
1271 2831 1437 2886 vestrorum

192 2925 263 2983 tastris
278 2935 385 2989 rastros
407 2929 494 2988 vestri
515 2946 532 2988 a
551 2929 667 2997 restris;
691 2930 808 3005 generis
830 2929 960 2989 feminini
983 2945 1128 3007 personae
1150 2926 1297 2989 secundae
1319 2926 1436 2986 numeri

191 3019 307 3098 bruun
327 3038 376 3090 tua
398 3037 467 3090 tuae
487 3037 555 3090 tuae
577 3038 656 3091 tuam
680 3039 728 3091 tua
752 3037 841 3099 aina,
865 3033 981 3091 numeri
995 3029 1117 3109 pluralis
1138 3039 1251 3091 vestram
1272 3037 1435 3090 vestrarum
1450 3048 1475 3087 as

192 3127 263 3188 'etim
281 3139 386 3192 vestras
408 3138 522 3192 restrae
543 3151 559 3196 a
581 3133 700 3193 restris:
732 3133 848 3211 generis
869 3133 967 3194 nentri
990 3150 1135 3212 personae
1155 3131 1302 3193 secundae
1323 3131 1437 3192 numeri

192 3221 305 3300 innuis
318 3240 401 3294 tuum
422 3235 463 3294 tui
485 3240 537 3293 tuo
557 3241 639 3295 tuum
661 3243 744 3295 tuum
767 3241 858 3303 etun,
882 3237 998 3296 numeri
1016 3234 1138 3313 pluralis
1158 3243 1253 3295 restra
1273 3240 1436 3294 vestrorum

193 3329 265 3389 '‘tir's
281 3343 370 3396 restra
393 3343 490 3396 vestra
511 3355 528 3396 a
551 3339 668 3405 restris3
698 3339 815 3415 generis
841 3335 994 3398 masculini
1023 3354 1167 3415 personae
1188 3337 1292 3396 tertiae
1321 3336 1436 3395 numeri

193 3423 307 3503 mgnum
326 3455 399 3498 suus
420 3439 466 3498 sui
487 3456 541 3499 suo
558 3455 644 3499 suum
667 3457 775 3500 sousa
796 3457 864 3508 sun,
892 3440 1010 3499 numeri
1031 3437 1152 3517 pluralis
1170 3439 1215 3499 sui
1233 3455 1355 3498 suorum
1376 3437 1437 3497 suis

194 3538 242 3586 Μ
259 3537 295 3596 ari
318 3557 333 3600 a
355 3540 432 3608 suis;
462 3541 580 3617 generis
607 3542 736 3602 feminini
765 3559 909 3620 personae
932 3542 1034 3601 tertiae
1061 3543 1176 3602 numeri
1198 3538 1354 3618 singularis
1382 3556 1434 3599 sua
1448 3558 1474 3598 ao

194 3639 313 3700 Quae
328 3659 411 3702 suam
438 3659 491 3702 sua
514 3660 530 3701 a
551 3661 613 3712 sua,
633 3641 638 3727 l
658 3645 774 3704 nirmeri
802 3643 922 3722 pluralis
951 3662 1021 3704 suae
1047 3660 1168 3704 suarum
1191 3644 1252 3703 suis
1275 3659 1344 3704 suas
1365 3659 1436 3702 suae

194 3733 270 3804 “ibt
287 3745 399 3818 generis
412 3745 510 3804 neutri
527 3763 670 3822 personae
686 3749 788 3808 tertiae
807 3748 923 3807 numeri
937 3744 1092 3825 singularis
1108 3762 1193 3807 suum
1211 3746 1256 3806 sui
1275 3762 1328 3807 suo
1348 3761 1435 3806 suum

194 3843 252 3894 suan
271 3859 285 3900 a
302 3862 369 3914 suo,
399 3847 516 3907 numeri
543 3846 664 3925 pluralis
696 3867 747 3909 sua
777 3867 897 3910 suorum
926 3850 987 3909 suis
1006 3867 1066 3909 sua
1089 3866 1140 3908 sua
1167 3867 1183 3908 a
1205 3849 1275 3909 suis.
1320 3849 1438 3925 generis

195 3939 304 4005 moini
323 3964 467 4025 personae
485 3950 598 4028 primae
621 3951 797 4013 intrinsecus
816 3947 974 4032 sinlgnlare
997 3958 1027 4011 et
1041 3934 1222 4012 extrinsecus
1244 3948 1358 4028 plurale
1378 3950 1436 4010 mei

194 4045 287 4107 numm
305 4051 377 4112 meis
399 4068 481 4111 meos
499 4053 556 4112 mei
576 4072 591 4113 a
614 4055 705 4121 meis,
740 4055 857 4130 generis
879 4054 1009 4114 feminini
1032 4064 1177 4132 personae
1197 4055 1310 4131 primae
1331 4053 1435 4112 intrin·
1449 4068 1474 4106 as

193 4146 250 4198 W
270 4151 411 4230 snguine
441 4161 471 4214 et
499 4156 680 4216 extrinsecus
712 4155 836 4234 plurale*
858 4174 941 4217 meae
971 4174 1104 4217 mearum
1137 4157 1209 4216 meis
1242 4172 1322 4215 meas
1354 4172 1437 4215 meae

193 4246 272 4318 'liis
288 4256 403 4332 generis
421 4257 518 4316 neutri
540 4273 684 4334 personae
707 4260 820 4337 primae
842 4259 1018 4319 intrinsecus
1035 4257 1184 4337 singulare
1206 4265 1235 4318 et
1254 4257 1437 4318 extrinsecus

191 4331 270 4412 llinis
285 4373 347 4418 mea
369 4375 505 4418 meorum
532 4360 607 4420 meis
628 4378 777 4421 meamea
806 4363 931 4428 amois:
966 4361 1084 4438 generis
1111 4360 1263 4420 masculini
1291 4375 1435 4437 personae

190 4450 296 4554 &mae
316 4461 492 4521 intrinsecus
513 4460 662 4538 singulare
690 4470 719 4522 et
741 4465 922 4523 extrinsecus
945 4462 1058 4540 plurale
1086 4463 1127 4523 tui
1148 4471 1267 4523 tuorum
1290 4463 1349 4522 tuis
1369 4469 1437 4521 tuos

189 4544 216 4601 ¹¹¹¹
229 4569 241 4612 t
256 4560 314 4630 tuis,
336 4564 455 4639 generis
477 4562 610 4624 leminini
633 4582 775 4642 personae
797 4564 943 4626 secundae
965 4565 1142 4625 intrinsecus
1163 4563 1311 4643 singulare
1333 4571 1363 4624 et
1385 4581 1435 4623 ex·
1450 4578 1474 4618 m

221 4734 244 4813 ‚⁰
259 4737 393 4792 declinatur
408 4741 458 4792 RB
527 4742 545 4793 8
563 4744 756 4807 pronominibus
775 4744 799 4795 R
818 4743 857 4793 his
876 4744 1068 4809 pronominibus
1082 4745 1108 4794 B
1179 4745 1210 4794 1⁶2
1229 4744 1396 4794 instrinsecus
1411 4750 1435 4792 et

183 4807 307 4860 “inmens
324 4811 347 4862 n
362 4812 516 4863 intrinsecus
533 4822 558 4861 et
575 4823 739 4864 extreusecus
754 4823 900 4865 extresecus
919 4822 943 4864 et
961 4815 1120 4864 intrensecus
1134 4814 1161 4866 B
1228 4812 1262 4864 23
1288 4822 1357 4862 tuum
1375 4821 1435 4862 tuns

180 4880 233 4925 tuo
248 4895 273 4930 ro
290 4890 358 4932 tuum
374 4892 445 4933 tuum
461 4882 577 4933 aneoli
