3314 5506
272 357 334 418 472
538 390 547 405 ·
652 349 772 413 stitivit
794 350 843 412 DE
863 349 1004 412 nerins
1024 348 1179 413 nontin

324 459 340 502 i,
354 459 379 501 ³3
392 459 440 500 cod·
455 458 502 500 Per.

222 553 225 566 ·
273 540 485 618 compositione
518 536 634 599 duobus
666 544 780 598 tantum
807 536 955 607 cantibus,
984 545 1017 600 ut
1043 537 1174 601 subiecta
1205 539 1434 612 momontum,
1471 540 1563 605 notite

271 641 380 702 inertia
402 659 455 702 cur
477 646 590 702 tantum
614 638 765 701 diffuderit
784 640 868 711 imis,
891 639 955 701 Nox
977 647 1093 702 enatet
1114 639 1196 703 coelo
1212 639 1348 722 fulgebat
1361 641 1436 704 iuno
1450 662 1565 706 sereno

358 742 616 803 Duodericensimn
645 741 702 802 ode
730 739 842 802 dicolos
869 749 913 803 est
939 740 1087 805 intentos.
1132 762 1200 805 unm
1229 745 1313 825 prior
1335 744 1497 819 heroicus,
1523 765 1567 808 se·

273 843 387 907 condus
414 845 550 905 trimeter
578 842 723 906 iambicus
750 844 915 913 insonitum
944 863 1073 926 ususque
1096 854 1142 907 est
1162 845 1219 908 hae
1239 847 1330 908 metri
1352 850 1570 929 compositione

246 965 332 1010 suno
360 953 473 1009 tentum
502 953 604 1016 cantu,
634 945 717 1006 onius
744 962 846 1007 versus
876 948 1019 1028 ascriptus
1046 956 1104 1019 est,
1132 947 1232 1010 Altera
1258 949 1320 1009 iam
1346 949 1462 1012 teritur
1489 950 1572 1012 bellis

272 1047 407 1111 civilibus
427 1055 518 1110 oens.

357 1149 618 1212 Vnaderioensimn
646 1150 703 1212 ode
733 1148 905 1213 monocoios
933 1158 987 1212 est.
1031 1160 1147 1215 constet
1168 1153 1247 1215 enim
1268 1170 1312 1215 ex
1332 1154 1481 1216 trimetro
1502 1159 1574 1218 iam·

273 1252 353 1322 bico;
378 1270 505 1333 ususque
532 1254 681 1312 invenitur
702 1251 758 1314 hac
779 1253 868 1314 metri
890 1253 1102 1334 compositione
1128 1273 1188 1317 uno
1209 1263 1326 1316 tantum
1349 1265 1462 1328 mutu,
1493 1259 1576 1320 cuius

274 1355 454 1436 principium
476 1353 648 1425 subnotari,
672 1353 732 1415 lam
755 1355 812 1415 iam
836 1353 950 1416 efficaci
970 1352 1008 1415 do
1030 1373 1135 1417 monus
1155 1356 1309 1418 scientiae.

235 1468 263 1513 io
358 1455 411 1517 His
438 1454 577 1519 omnibus
603 1457 706 1518 metris
732 1457 836 1537 scripti
862 1464 934 1518 sunt
957 1463 1096 1536 quattuor
1127 1458 1291 1520 carminum
1330 1457 1421 1530 iibri,
1460 1460 1578 1542 epodon

275 1575 457 1639 carmenque
484 1555 646 1620 merulam.
691 1566 823 1620 ceterum
853 1560 924 1620 ortis
953 1560 1086 1638 poeticae
1114 1557 1306 1640 epistolarum
1336 1567 1371 1622 et
1401 1580 1579 1626 sermonum

272 1660 397 1723 heroico
418 1660 527 1740 iugiter
549 1661 749 1723 continentur.

344 1849 466 1898 2serenn
536 1847 620 1899 buno
639 1856 723 1899 tomen
741 1856 817 1898 cantu
885 1848 1023 1913 asscriptus
1092 1849 1214 1900 'icontrs
1230 1850 1300 1899 enim
1318 1851 1475 1902 trimetrum
1493 1855 1582 1904 iambi-

275 1932 334 1969 cum
351 1926 390 1967 est
461 1918 494 1969 12
512 1917 614 1970 heroico
633 1919 748 1986 iungitur
765 1918 924 1968 continentur
936 1933 1010 1973 uxot.
