3314 5506
216 360 242 428 ‘8
605 305 613 322 ο
809 354 924 419 Pnont

292 512 297 523 .
313 481 369 522 ttttt
381 479 405 519 ll
421 480 444 520 1).
1318 485 1340 524 p.
1355 473 1421 514 tout
1436 471 1461 513 l..

224 496 325 617 Latina
346 553 461 613 uomina
486 549 605 627 repperi
623 567 640 608 e
661 549 824 615 terminata,
843 544 894 607 sed
914 550 1061 622 correpto,
1083 562 1158 622 quae
1178 546 1204 604 is
1223 543 1356 605 facientia
1377 546 1512 622 genetivo

224 652 451 717 declinabuntor
481 650 644 711 secondum
673 649 817 709 rationem
844 647 946 708 tertiae
977 645 1195 716 declinationis,
1222 647 1279 708 hoc
1307 664 1396 708 suave
1426 646 1513 708 buius

209 757 331 825 ‚suavis
354 754 412 814 lvoc
434 751 542 814 monile
561 751 648 813 boios
665 749 790 811 monitu.
819 749 877 810 lvoc
899 767 1042 828 praesepe
1064 750 1150 809 liuius
1165 750 1317 828 praesepis
1337 748 1511 810 declinatur.

223 877 292 920 nam
315 856 392 937 quod
411 855 531 916 Plautus
554 853 670 914 ‘baec'
688 870 891 930 praesepes
921 869 995 911 mea
1021 856 1092 912 est’
1116 870 1226 929 genere
1246 852 1402 918 feminino,
1439 852 1514 913 siam

197 960 301 1038 sapnd
323 961 462 1026 Graecos,
485 957 644 1017 auctoritas
666 963 718 1023 est
742 972 802 1014 non
823 955 908 1015 ratio.
954 971 1007 1032 pes
1029 956 1107 1014 enim
1131 955 1285 1014 terminata
1308 953 1425 1014 nomina
1453 953 1513 1015 sive

223 1068 359 1140 correpta
379 1061 440 1120 sive
457 1058 602 1138 producta
625 1066 676 1117 aut
697 1058 732 1117 tis
754 1056 862 1117 lanient
881 1056 1047 1134 genetivum
1067 1065 1118 1116 aut
1137 1056 1190 1124 dis,
1214 1073 1338 1134 praepes
1355 1056 1511 1135 praepetis,

223 1183 276 1244 pes
298 1163 391 1241 pedis.
436 1178 503 1220 nam
526 1159 617 1237 dapes
639 1177 763 1220 nurnero
785 1176 903 1236 semper
925 1156 1030 1236 plurali
1052 1157 1251 1219 declinantur:
1274 1158 1379 1236 dapem
1399 1166 1512 1219 tanturm

225 1265 312 1327 modo
341 1263 399 1342 legi
422 1280 546 1322 numero
569 1261 725 1337 singulari,
751 1262 827 1320 sicut
845 1259 1006 1321 multorum
1028 1260 1179 1320 nominum
1209 1259 1298 1340 aliqui
1320 1278 1406 1321 casus
1433 1260 1512 1319 inve-

219 1369 359 1434 niuntur,
383 1372 416 1426 ot
435 1373 556 1442 sponte,
579 1363 662 1430 tabo,
687 1362 815 1440 luppiter
838 1382 856 1422 o
877 1363 1016 1440 luppiter.
1061 1364 1200 1441 namqui
1226 1360 1353 1423 declinat
1375 1361 1424 1422 hic
1445 1361 1512 1439 lup·

186 1482 210 1522 ¹⁰
224 1470 300 1547 piter
322 1468 409 1528 buius
432 1466 515 1535 lovis,
539 1472 685 1545 potestat
710 1464 758 1526 liic
776 1464 915 1526 Phoebus
935 1465 1021 1525 huius
1042 1463 1184 1543 Apollinis
1206 1462 1354 1546 declinare
1381 1471 1411 1523 et
1440 1463 1513 1524 baec

222 1570 353 1632 blinerva
375 1569 464 1630 liuius
487 1568 612 1629 Palladis
632 1576 662 1628 et
681 1567 728 1627 bio
748 1566 893 1628 Hercules
914 1567 1003 1629 huius
1021 1565 1148 1627 Alcidae.

308 1671 330 1732 F
338 1655 372 1732 ‘G
390 1670 434 1731 H:
465 1670 511 1730 his
531 1669 635 1731 litteris
659 1688 765 1731 nomeu
788 1688 846 1729 vion
870 1670 989 1756 repperi
1011 1669 1208 1729 terminatum.

308 1772 438 1834 llittera
460 1774 616 1834 terminata
637 1773 756 1835 nomina
779 1778 918 1849 quattuor
940 1779 1055 1833 tantum
1075 1770 1162 1830 modo
1185 1770 1305 1849 repperi
1326 1770 1390 1830 sine
1416 1769 1512 1849 aliqua

223 1875 429 1936 declinatione.
467 1892 532 1934 nam
557 1883 727 1953 monoptota
746 1881 815 1934 sunt
834 1874 893 1934 duo
915 1875 1033 1951 generis
1054 1873 1164 1940 ominis,
1188 1871 1236 1932 lvic
1258 1879 1288 1933 et
1310 1871 1383 1932 baec
1407 1879 1436 1932 et
1458 1872 1513 1933 hoc

188 1991 210 2030 ¹⁵
225 1977 308 2039 nihili
333 1979 428 2056 irngi,
457 1983 488 2038 et
512 1977 571 2037 duo
594 1978 711 2054 generis
738 1977 835 2036 neutri
857 1994 982 2036 numero
1004 1983 1118 2036 tantvuo
1139 1977 1227 2036 modo
1249 1975 1379 2060 singulail
1388 1979 1429 2044 ri,
1458 1976 1513 2035 hoc

223 2081 348 2149 commi,
381 2079 439 2140 hoc
459 2080 567 2157 sinapi:
606 2079 738 2158 quamvis
759 2076 879 2138 Plautus
908 2079 937 2138 iu
960 2075 1106 2139 Pseudulo
1134 2077 1207 2139 haec
1238 2080 1357 2158 senapis
1386 2079 1513 2141 declina·

224 2183 304 2242 verit
348 2182 444 2242 inveni
473 2188 504 2242 et
528 2181 587 2241 duo
620 2183 649 2241 iu
676 2198 801 2241 nurnero
830 2178 936 2256 plurali
963 2177 1138 2249 masculina,
1166 2181 1195 2239 in
1222 2199 1347 2242 numero
1373 2182 1515 2261 singulari

223 2288 338 2352 neutra,
357 2283 390 2344 ni
405 2285 476 2361 ltrgi
497 2283 555 2343 boc
576 2285 678 2360 Argos,
704 2282 733 2342 lvi
755 2282 840 2360 porri
861 2281 917 2342 hoc
941 2298 1073 2359 porrum.

308 2385 348 2445 ll:
379 2384 435 2445 bac
455 2383 551 2445 littera
573 2383 687 2445 nullum
710 2401 816 2444 nomen
841 2384 1023 2444 terminatur.

145 2562 150 2574 Ι
185 2500 210 2540 ao
309 2485 448 2547 Llittera
476 2487 630 2562 terminata
651 2487 769 2546 nomina
796 2486 896 2546 Latina
925 2486 1042 2564 generis
1070 2485 1222 2547 masculini
1250 2496 1278 2547 et
1305 2489 1438 2548 seminini
1465 2508 1514 2549 ex-

222 2589 315 2666 ceptis
336 2596 475 2668 quattuor
496 2586 573 2648 nulla
595 2589 734 2666 reperies,
759 2588 807 2649 nic
828 2587 880 2655 sol,
903 2588 976 2650 baec
991 2587 1150 2667 Tanaquil:
1173 2588 1317 2668 Tanaquil
1339 2592 1417 2651 enim
1441 2609 1515 2651 uxor

109 2730 111 2735 ·
222 2691 276 2751 luit
297 2689 438 2769 Tarquini
459 2691 567 2759 Prisci;
601 2689 808 2768 appellativum
838 2690 957 2769 quidem
980 2697 1038 2757 est,
1065 2690 1117 2750 sed
1145 2708 1201 2768 pro
1226 2692 1347 2769 proprio
1371 2692 1514 2754 habetur:

222 2793 271 2854 tna
290 2792 402 2861 consul,
426 2792 475 2852 lvio
498 2792 619 2854 ethaeo
642 2799 671 2853 et
692 2792 749 2853 lvoc
770 2791 848 2853 exul.
893 2792 1012 2870 generis
1035 2808 1104 2851 vero
1124 2793 1222 2853 nentri
1248 2791 1373 2871 plurima
1396 2797 1514 2856 nomina

186 2921 190 2932 ·
222 2896 353 2972 reperies
380 2894 436 2954 bac
464 2893 561 2956 littera
588 2895 758 2962 terminata,
790 2912 866 2971 quae
894 2896 918 2955 si
941 2900 1030 2955 erunt
1051 2892 1266 2972 monosyllaba,
1294 2897 1325 2955 in
1351 2896 1515 2972 genetivol

184 3008 209 3048 ²⁵
224 2997 319 3058 littera
332 2978 549 3075 duplicabitur,
573 2997 630 3057 mel
653 2995 761 3064 mellis,
784 2995 823 3057 lol
845 2996 929 3057 lellis.
975 2996 1118 3073 excipitur
1143 3015 1235 3057 urium
1260 2996 1302 3057 sal
1323 2997 1407 3066 salis,
1438 3000 1516 3060 uude

222 3099 341 3178 qnidam
377 3098 434 3159 boc
467 3098 528 3160 sale
564 3098 720 3160 declinant.
770 3098 868 3158 omma
901 3107 999 3158 umen
1030 3098 1143 3157 ratione
1177 3099 1281 3159 tertiae
1312 3098 1516 3162 declinationis

221 3201 398 3263 ilectontur:
429 3220 496 3263 nam
519 3202 543 3261 is
570 3200 680 3281 syllaba
708 3201 876 3278 genetivum
907 3199 1070 3277 proferunt.
1115 3200 1199 3278 siqua
1224 3199 1286 3261 ,alia
1315 3202 1431 3263 inventa
1452 3203 1516 3264 ine·

221 3305 281 3364 rint
303 3304 433 3382 exceptis
456 3322 546 3382 svvpra
574 3305 678 3383 positis
706 3303 823 3380 generis
851 3301 1019 3370 masculini,
1050 3290 1177 3362 barbara
1205 3310 1287 3370 sunt,
1319 3312 1351 3364 ut
1371 3302 1517 3366 Hannibal

124 3452 126 3457 .
222 3404 388 3467 llasdrubal
420 3404 568 3466 Hamilcar
601 3402 751 3485 Hiempsal
784 3403 940 3466 Adherbal.
984 3405 1173 3464 inveniuntur
1205 3413 1234 3464 et
1267 3406 1386 3483 generis
1417 3410 1516 3468 neutri

183 3518 209 3558 ³⁰
223 3505 349 3569 barbara
369 3506 378 3566 1
400 3505 496 3568 littera
516 3508 681 3575 terminata,
706 3507 762 3568 hoo
784 3506 907 3575 Muthul,
930 3507 988 3568 boc
1009 3506 1123 3568 Suthul.

306 3611 332 3670 ll
357 3609 453 3670 littera
475 3611 662 3670 terminatum
689 3628 797 3671 nomen
826 3613 944 3688 generis
966 3609 1118 3671 masculini
1146 3607 1191 3670 vel
1214 3609 1360 3678 seminini,
1393 3619 1517 3690 excepto

222 3731 280 3773 uno
298 3713 416 3788 generis
442 3713 538 3772 omnis
566 3720 754 3791 monoptoto,
782 3714 924 3773 Latinitas
951 3731 1009 3772 non
1036 3712 1140 3780 babet,
1169 3712 1217 3772 hic
1247 3722 1276 3772 ct
1302 3712 1375 3773 haec
1402 3721 1432 3774 et
1459 3714 1516 3774 boc

222 3831 357 3892 nequam.
404 3815 500 3873 neutri
527 3815 647 3896 generis
674 3812 798 3890 plurima
828 3817 975 3891 reperies,
1003 3833 1076 3892 quac
1104 3816 1240 3891 gervetivo
1263 3832 1331 3874 casu
1361 3823 1412 3874 aut
1433 3818 1517 3877 unai

220 3921 271 3976 ant
291 3913 405 3974 duabus
432 3912 684 3982 ternviuabuntur;
713 3922 784 3974 tvvnc
815 3934 887 3984 una,
919 3917 943 3976 si
966 3922 1032 3976 ante
1044 3934 1113 4014 ‚ung
1126 3915 1267 3995 syllabam
1293 3918 1517 3979 nominativosi

130 4009 132 4012 ’
182 4025 279 4077 l³non
309 4015 461 4085 babuerit,
488 4022 521 4075 nt
549 4014 735 4076 bochellum
766 4033 890 4093 regnum
918 4023 1085 4094 sceptrum,
1114 4017 1183 4078 belli
1213 4020 1299 4096 regni
1325 4024 1446 4095 sceptri.
1491 4023 1516 4082 si

220 4117 373 4185 habuerit,
396 4119 548 4196 genetivus
571 4117 685 4179 duabus
707 4120 716 4177 i
740 4118 958 4187 terminabitur,
982 4126 1016 4179 ut
1036 4119 1094 4180 lroc
1116 4121 1292 4180 sacrificium
1318 4120 1403 4182 liuius
1425 4125 1516 4183 sacri·

220 4221 294 4290 dcii;
322 4221 399 4281 sicut
422 4222 509 4282 etiam
538 4239 612 4299 quae
638 4227 763 4303 anteus
784 4219 924 4300 syllabam
953 4220 1064 4281 habent
1085 4224 1110 4289 i,
1143 4228 1174 4281 nt
1195 4222 1352 4285 Terentius
1375 4225 1515 4286 Terentii.

287 4425 304 4477 3
328 4425 405 4476 huius
423 4371 713 4491 praesepiiicieit‘ibnm
732 4427 756 4476 B
772 4425 848 4477 huius
866 4427 1007 4493 praesepis.
1027 4426 1076 4477 hoo
1095 4428 1163 4477 enim
1183 4443 1276 4493 genere
1294 4429 1434 4478 declinatur
1453 4444 1470 4486 ς

219 4497 236 4546 4
254 4496 321 4559 quod
339 4512 417 4560 erup
469 4495 536 4560 liaeo
550 4511 687 4563 praesepes
706 4513 762 4546 uvea
781 4504 818 4546 est
834 4511 852 4556 p
871 4496 934 4546 baec
952 4499 1083 4562 praesepis
1099 4514 1154 4547 meu
1170 4509 1207 4546 est
1225 4497 1355 4550 Sacerdos
1373 4499 1421 4548 boc
1433 4499 1515 4562 (corr.

219 4566 293 4626 haec)
307 4581 444 4633 praesepos
456 4580 528 4615 meus
540 4564 622 4628 (corr.
639 4566 708 4628 mea)
720 4576 759 4617 est
776 4567 809 4616 B.
833 4566 963 4617 Charisius
978 4583 1004 4630 p.
1016 4571 1050 4618 44
1066 4570 1090 4617 ia
1105 4570 1191 4619 eadem
1205 4584 1234 4616 re
1246 4572 1330 4630 posuit
1342 4585 1439 4619 oeream
1455 4572 1514 4622 Car-

218 4637 322 4687 rulioais
332 4638 355 4687 11
371 4638 390 4696 Ι,
407 4636 437 4687 13
456 4637 517 4698 qrvin
532 4637 654 4703 reciperet
668 4654 694 4687 sc
711 4635 760 4686 line
771 4651 843 4687 esum
859 4637 892 4686 ad
905 4652 1054 4703 praesepem
1069 4655 1151 4688 suant.
1171 4640 1207 4687 ad
1221 4639 1288 4703 quod
1299 4643 1439 4702 exemplam
1448 4642 1519 4691 baud

218 4709 271 4757 acio
290 4722 324 4755 aa
346 4708 409 4757 leaeo
426 4722 524 4772 qaaoque
548 4709 693 4758 reuocanda
711 4710 761 4757 sint
783 4711 836 4770 ltu,
861 4707 929 4771 qnod
947 4707 1052 4758 Plautus
1078 4708 1141 4757 hirec
1164 4723 1300 4773 prucsvpes
1327 4724 1389 4758 usus
1409 4721 1447 4760 est

222 4775 252 4827 tt
271 4778 364 4826 commi
384 4777 409 4826 B
426 4777 560 4843 gummip
657 4779 758 4842 plvvntns
776 4777 929 4842 ipsenndnlo
946 4777 1082 4827 Btl'laut
1111 4779 1229 4829 I'aeudul.
1252 4779 1284 4826 111
1302 4778 1379 4841 ’1,28
1398 4780 1516 4846 181711)

288 4845 321 4897 '20
337 4847 442 4912 iempsal
462 4846 564 4896 aderbal
581 4846 606 4895 B
675 4849 708 4897 35
724 4848 818 4912 sceptri
837 4863 881 4896 orn.
897 4847 930 4905 B,
950 4848 1011 4896 add.
1027 4850 1157 4900 Sacerdos
