3346 5506
239 372 296 432 ¹42
821 370 930 433 l‘ttOltl

284 487 398 540 precer
413 488 440 528 n.
1296 486 1424 539 ,aaran
1439 485 1466 528 v.

234 560 446 636 coniugationis
467 558 660 640 pvodnllctae,
691 579 765 639 quae
792 561 823 618 in
846 560 939 638 prima
960 550 1086 637 persona
1109 560 1188 621 modi
1210 558 1356 620 indicativi
1376 560 1516 637 temporis

234 661 396 737 praesentis
418 662 534 721 numeri
555 650 712 740 singularis
733 668 800 723 ante
821 680 839 720 o
861 654 996 721 ultimum
1020 680 1036 722 c
1058 660 1182 723 litteram
1209 660 1318 721 babent
1343 662 1514 739 oppositam,

233 768 264 820 ut
286 767 356 838 puta
375 761 465 822 redeo
487 763 612 823 rediens.
657 764 699 823 sic
724 771 753 823 et
776 771 872 822 cetera
899 762 965 822 talia
993 764 1146 843 participia.
1171 772 1241 823 tnnc
1268 780 1391 825 necesse
1415 769 1459 825 est
1486 771 1516 824 ut

231 861 358 923 babeant
380 872 447 924 ante
469 881 521 925 ens
540 863 651 925 litteras
671 866 680 925 i
704 864 829 933 litteram
850 867 1051 936 constitutam,
1078 864 1196 943 quando
1224 863 1261 924 ab
1284 864 1340 924 lvac
1359 863 1515 925 verborum

206 981 321 1043 esupva
342 967 452 1045 scripta
474 967 657 1027 descendunt
678 966 839 1044 disciplina.

316 1067 389 1129 ltem
411 1070 571 1146 quaeritur,
597 1088 654 1147 qna
676 1069 713 1128 de
734 1086 819 1128 cause
842 1066 946 1128 uolens
968 1075 997 1128 et
1017 1086 1076 1128 non
1101 1068 1214 1129 nollens
1236 1070 1360 1130 dicatur.
1405 1068 1462 1129 bac
1480 1069 1515 1130 de

231 1187 333 1238 cansa,
367 1173 506 1248 quoniam
538 1172 641 1231 tertiae
661 1180 822 1248 ⁴correptae
846 1171 1057 1246 coniugationis
1085 1171 1172 1232 verba
1205 1170 1285 1231 modi
1309 1170 1456 1231 indicativi
1481 1189 1514 1231 cx

231 1273 325 1350 prima
355 1290 480 1350 persona
508 1275 624 1332 numeri
652 1272 808 1349 singularis
829 1291 846 1330 o
865 1271 997 1332 ultimum
1024 1274 1052 1332 in
1075 1290 1127 1333 cns
1153 1271 1265 1333 litterae
1290 1280 1467 1332 convertunt
1487 1280 1516 1333 et

231 1374 375 1450 participii
397 1377 562 1452 praesentis
584 1375 725 1451 temporis
748 1375 957 1434 nominativum
978 1392 1077 1435 cesum
1105 1376 1220 1435 numeri
1241 1373 1398 1451 singularis
1419 1380 1514 1434 osten·

193 1495 218 1537 to
231 1474 314 1544 dunt,
336 1481 367 1535 ut
384 1484 454 1554 puta
474 1494 570 1556 coquo
593 1491 731 1556 coquens.
765 1494 842 1536 nnnc
865 1494 930 1536 cum
953 1484 982 1536 et
1004 1476 1060 1537 lvoc
1082 1477 1266 1555 perticipium
1289 1495 1305 1535 a
1325 1474 1396 1535 nolo
1415 1477 1514 1537 venire

230 1579 405 1655 reperiatur,
428 1585 457 1638 et
478 1578 543 1638 ideo
563 1577 674 1647 nolens,
698 1596 757 1638 non
779 1577 893 1638 nollens
914 1579 1012 1638 lacere
1033 1580 1250 1656 pronuntiatur.

315 1680 390 1740 Sunt
406 1683 567 1757 praesentis
587 1682 728 1758 temporis
750 1681 914 1759 participia,
944 1699 1019 1759 quac
1041 1684 1069 1740 in
1096 1680 1215 1742 dubium
1238 1683 1354 1740 veniant
1371 1678 1377 1762 Ι
1397 1680 1511 1748 exinde,

231 1781 308 1861 quod
338 1789 370 1842 et'
392 1783 515 1859 figuram
545 1785 696 1843 nominum
725 1783 895 1849 ostendunt,
931 1792 961 1843 ut
990 1792 1059 1859 puta
1089 1800 1190 1842 amans
1217 1783 1333 1860 sapiens
1360 1790 1389 1844 et
1418 1791 1514 1845 cetera

122 1920 128 1931 ·
231 1882 307 1944 talia.
340 1884 390 1944 scd
407 1902 465 1962 qua
484 1887 597 1946 ratione
619 1885 693 1945 baec
713 1884 841 1961 intellegi
863 1886 983 1961 possint,
1004 1885 1120 1963 quanclo
1142 1886 1200 1944 sint
1214 1886 1331 1945 nomina
1355 1892 1385 1946 et
1399 1886 1514 1964 quando

194 2004 217 2044 vs
231 1986 393 2064 participia,
414 1984 542 2047 breviter
562 1987 741 2047 subiciamus
762 1992 929 2064 praecepta.
959 1985 1065 2064 quibus
1079 1987 1136 2046 boc
1151 2004 1315 2056 monemus,
1337 1994 1378 2055 ut,
1399 1988 1514 2066 quando

231 2087 303 2147 llaec
326 2090 539 2165 comparativos
560 2089 603 2150 vel
626 2088 818 2167 superlativus
837 2088 947 2167 gradus
968 2078 1026 2149 sive
1049 2087 1183 2149 adverbia
1207 2089 1303 2149 lacere
1325 2097 1451 2167 possunt
1471 2088 1514 2150 vel

230 2191 363 2267 genetivo
387 2191 466 2251 casui
488 2192 663 2267 iunguntur,
688 2191 805 2250 nomina
825 2208 889 2250 esse
908 2188 1130 2268 intellegantur,
1150 2198 1183 2250 ut
1204 2199 1273 2269 puta
1293 2208 1395 2251 amans
1416 2209 1513 2252 aman·

231 2293 366 2361 tissimus,
389 2294 506 2372 sapiens
528 2294 688 2370 sapienter,
713 2293 822 2354 docens
840 2294 969 2362 doctior,
993 2291 1107 2352 alieni
1130 2293 1327 2371 adpetens,
1349 2293 1514 2371 fugitans

230 2391 359 2454 litium.
404 2397 447 2453 sic
466 2401 495 2453 et
513 2401 610 2454 cetera
633 2394 715 2465 talia,
746 2396 864 2475 qnando
885 2397 943 2454 sint
963 2398 1096 2464 uomina,
1124 2394 1197 2453 baec
1219 2411 1308 2473 supra
1331 2394 1407 2455 dicta
1430 2412 1513 2472 prac-

191 2502 316 2572 ncepta
333 2496 535 2556 discernente
558 2498 778 2576 participiorum
800 2498 910 2574 figura:
939 2496 1050 2557 scilicet
1076 2498 1214 2575 quotviam
1237 2498 1335 2557 omnin
1363 2496 1513 2576 participia

230 2613 327 2673 ivoque
350 2599 563 2676 comparativus
584 2606 635 2658 aut
655 2599 847 2677 superlativus
868 2600 991 2677 gradus,
1021 2598 1072 2660 sed
1095 2616 1149 2658 uec
1168 2597 1306 2658 adverbia
1329 2598 1429 2660 lacere
1449 2616 1513 2678 pos·

229 2705 297 2758 sunt
318 2706 348 2758 ct
369 2694 542 2768 accusativo,
564 2717 622 2759 non
644 2702 778 2778 genetivo
799 2702 878 2761 casui
901 2702 982 2778 iungi
1005 2701 1203 2778 reperiuntur.

313 2800 388 2861 ltem'
411 2807 479 2861 sunt
507 2803 648 2880 temporis
674 2804 825 2881 praeteriti
853 2803 1021 2881 participia,
1050 2821 1126 2881 quae
1155 2811 1184 2862 et
1212 2803 1363 2862 nominum
1389 2803 1513 2881 liguram

229 2887 399 2989 ostendunt,
421 2910 452 2963 nt
473 2910 542 2982 puta
565 2905 641 2964 visus
661 2904 776 2965 auditus
803 2906 909 2965 missus
927 2914 956 2964 et
975 2912 1072 2964 cetera
1096 2902 1172 2964 talia.
1218 2922 1298 2964 nunc
1320 2922 1377 2982 qua
1401 2907 1514 2966 ratione

191 3002 356 3082 nintellegi
390 3007 517 3082 possint,
546 3006 662 3084 quando
695 3008 752 3066 sint
783 3009 899 3066 nomina
933 3015 962 3066 et
986 3007 1102 3085 qivando
1133 3007 1300 3085 partieipia.
1334 3006 1515 3069 subiciamus

228 3115 394 3185 praecepta.
435 3106 544 3185 {perillus
569 3108 625 3169 boc
645 3127 813 3177 ulceremus,
838 3116 870 3168 nt
891 3117 960 3169 tvrnc
988 3108 1061 3169 baec
1082 3107 1209 3184 intellegi
1232 3107 1359 3168 debeant
1385 3111 1513 3179 uomina,

228 3209 344 3286 quando
359 3208 394 3268 ad
412 3208 578 3288 exenrplnm
598 3210 704 3270 linctus
722 3229 776 3288 pov
795 3228 880 3271 casus
901 3212 1090 3289 repevinntnv
1112 3230 1176 3270 esse
1199 3209 1351 3278 declinata,
1375 3213 1514 3290 quoniam

228 3311 324 3370 omma
346 3312 496 3390 participia
520 3313 669 3389 praeteriti
693 3313 833 3390 temporis
855 3313 889 3373 ael
912 3313 987 3372 vloed
1008 3313 1131 3372 lovrvvam
1155 3330 1275 3372 necesse
1294 3319 1337 3372 est
1359 3330 1413 3390 per
1429 3331 1538 3374 casus·

228 3430 291 3473 esse
309 3412 534 3492 pronuntianda.
552 3410 564 3495 ll
580 3414 649 3474 item
678 3424 747 3474 sunt
772 3414 867 3495 alique
896 3416 1045 3493 praeteriti
1072 3415 1212 3492 temporis
1240 3416 1407 3492 participia,
1438 3434 1515 3495 qnae

189 3523 257 3574 acet
278 3517 428 3576 nominum
456 3518 696 3592 significationem
719 3518 901 3586 contineant,
930 3525 963 3578 ut
985 3525 1052 3594 puta
1076 3523 1197 3592 rogatus
1218 3515 1341 3576 donatus
1364 3523 1393 3575 et
1415 3524 1515 3577 cetera

227 3614 303 3675 talia.
348 3617 399 3678 sed
426 3618 499 3677 lvaec
519 3619 542 3677 si
570 3625 712 3695 perpetua
734 3620 792 3677 sint
818 3619 967 3679 bominum
991 3616 1145 3683 vocabula,
1176 3619 1383 3678 nominasent
1413 3619 1515 3697 appel·

227 3713 326 3785 landa;
349 3721 394 3778 sin
417 3737 486 3778 vcro
508 3718 543 3779 ad
567 3727 683 3797 tempus
703 3728 771 3778 sunt
790 3722 917 3798 propriis
938 3719 1105 3780 nominibus
1122 3719 1250 3785 adiecta,
1272 3721 1424 3799 participia
1446 3729 1516 3781 sunt

227 3820 452 3894 pronuntianda.
496 3822 566 3880 item
588 3827 657 3878 suut
678 3820 833 3886 vocabula,
857 3838 932 3897 (puae
954 3830 1058 3898 putent
1078 3822 1166 3900 aliqui
1189 3822 1266 3900 qvvod
1289 3823 1419 3900 speciem
1446 3841 1514 3901 par·

226 3920 390 3998 ticipiorum
413 3922 562 3999 praeteriti
583 3923 723 3998 temporis
746 3921 885 3989 babeant,
913 3931 945 3982 ut
966 3933 1036 3998 puta
1059 3925 1204 3984 tvvnicatus
1226 3923 1357 4002 galeatus
1380 3932 1514 3985 cometus

187 4031 213 4073 ³⁵
228 4028 257 4081 et
277 4031 374 4083 cetera
398 4022 474 4084 talia.
518 4023 568 4083 scd
592 4022 664 4082 baec
686 4040 753 4082 cum
776 4042 830 4082 uec
855 4023 934 4083 vevlvi
954 4033 1067 4101 partem
1091 4025 1217 4086 babeant
1237 4044 1292 4086 nec
1313 4025 1422 4102 aliquid
1447 4045 1514 4104 par·

226 4124 393 4203 ticipiorum
412 4125 541 4203 capiant,
566 4126 665 4201 utique
687 4126 744 4184 iam
768 4125 838 4185 nulli
860 4124 980 4186 dubium
1001 4135 1060 4197 est,
1085 4128 1162 4208 quod
1186 4128 1293 4187 lrnstva
1314 4128 1513 4206 suspicionem

226 4227 446 4305 participiorum
468 4227 636 4293 incurrant;
659 4233 688 4286 et
709 4227 775 4288 ideo
796 4227 869 4288 llaec
892 4230 1009 4290 rvovniua
1032 4237 1100 4290 sunt
1122 4229 1347 4309 pronuntianda.

311 4327 382 4389 ltem
408 4336 477 4389 sunt
504 4329 636 4397 uomina,
666 4320 741 4408 vpnae
769 4332 964 4408 suspicionem
995 4333 1216 4409 participiorum
1241 4332 1331 4392 luturi
1359 4332 1511 4410 temporis,

225 4449 299 4517 quae
321 4431 352 4490 in
375 4448 427 4490 rus
454 4429 593 4510 syllabam
617 4438 737 4497 cxervnt.
765 4433 931 4501 incurrant,
961 4442 1081 4511 utputa
1103 4433 1214 4494 lvilarus
1238 4432 1337 4493 clarus
1359 4439 1388 4494 ct
1411 4441 1511 4495 cetere

296 4567 570 4631 lquaeroqncmli
639 4567 888 4619 dtuliallaliaB
974 4569 1317 4621 thabeantrahabentlt
1389 4580 1511 4620 autcens

224 4637 433 4688 littevosltante
449 4639 613 4687 nouissimam
630 4638 794 4702 syllabamB
865 4639 897 4688 10
915 4654 981 4687 nnvrc
1000 4656 1184 4689 crrvnrununc
1203 4640 1304 4690 buncli
1378 4639 1410 4692 13
1427 4651 1511 4690 osten-

225 4708 287 4755 dunt
305 4708 329 4756 B
347 4709 480 4757 ostendant
501 4708 522 4757 ll
595 4708 719 4757 ltlnlieni
738 4707 871 4774 adpetens]
891 4713 953 4759 Sall.
975 4710 1083 4760 Calidi)
1153 4710 1267 4776 fugitans
1287 4709 1380 4776 litium]
1407 4711 1509 4761 Terent.

225 4777 325 4826 Plrorm.
345 4779 433 4837 illia,
457 4779 488 4828 18
558 4781 590 4827 24
608 4779 742 4827 ostendunt
761 4779 809 4829 uu
826 4781 958 4829 ostendant
976 4797 990 4828 r
1059 4779 1093 4829 32
1112 4789 1170 4829 snut
1189 4781 1298 4845 propriis
1316 4778 1366 4829 RB
1383 4781 1435 4831 aiut
1453 4797 1511 4846 pro·

225 4849 317 4911 priisr
387 4848 421 4898 33
440 4855 526 4912 putent
545 4865 574 4897 ru
593 4855 682 4912 putant
700 4849 722 4897 u
793 4849 827 4897 :lu
845 4849 938 4897 frustra
955 4867 970 4898 u
988 4850 1067 4913 supin
1085 4850 1108 4898 Ii
1302 4876 1305 4883 ·
