3346 5506
228 373 289 436 202
816 370 931 433 ruunt

311 561 392 622 inter
409 560 567 641 nympham
590 568 619 620 et
641 557 788 638 lympham
808 557 865 619 boe
884 559 1016 628 intereat,
1038 558 1117 637 quod
1137 557 1298 638 nympham
1306 484 1518 634 pdldabbrwd'bgui-

227 667 303 731 beat,
327 661 475 742 lympham
498 668 595 723 autem
618 678 724 740 aquam
748 678 813 721 esse
832 658 1023 721 demonstrat.

313 764 393 826 lnter
412 779 516 840 agmen
535 768 564 823 et
578 779 695 822 amnem
717 760 775 822 hoe
790 761 921 831 interest,
945 759 1024 839 quod
1046 778 1152 839 agmen
1166 759 1385 824 multitudinem
1403 759 1451 823 vei
1465 761 1521 823 iter

227 884 291 928 esse
315 866 505 932 demonstrat,
524 871 555 925 at
575 882 646 925 vero
668 880 785 924 amnem
807 861 927 924 flurium
952 879 1018 924 esse
1039 861 1182 941 designat

200 996 213 1035 5
310 966 391 1028 luter
413 967 540 1027 animam
569 973 600 1026 et
621 965 751 1026 animum
779 964 837 1025 boc
864 963 1002 1032 interest,
1028 963 1108 1044 quod
1136 963 1235 1025 anima
1262 963 1326 1025 sine
1353 963 1519 1027 differentia

226 1087 290 1131 csse
312 1066 499 1145 intellegitur,
519 1066 635 1127 animus
652 1083 723 1127 vero
741 1066 840 1126 varius
862 1071 891 1127 et
912 1063 1060 1127 mutabilis
1079 1083 1145 1127 esse
1166 1066 1366 1143 cognoscitur.

311 1170 390 1231 iuter
408 1171 494 1246 nigro
516 1175 545 1229 et
565 1169 662 1246 migro
683 1168 740 1228 boc
762 1167 893 1235 interest,
916 1166 996 1247 quod
1016 1167 1103 1245 nigro
1126 1165 1198 1248 [boe
1220 1165 1279 1248 est]
1301 1168 1423 1247 nigrum
1445 1166 1521 1229 facio

225 1273 378 1350 signifieat,
400 1271 496 1349 migro
516 1277 613 1331 autern
633 1268 689 1330 loci
711 1269 942 1330 demutationem
965 1268 1155 1330 demonstrat.
1277 1335 1280 1339 ,

311 1374 391 1433 iuter
410 1370 600 1449 abrogantem
624 1377 653 1431 et
677 1368 869 1447 adrogantem
891 1369 949 1431 boc
969 1370 1108 1438 interest,
1137 1369 1217 1449 quod
1238 1368 1438 1447 abrogantem
1457 1369 1522 1447 aliis

190 1496 214 1538 m
227 1474 409 1535 auferentem
445 1473 610 1551 siguificat,
652 1471 844 1552 adrogantem
884 1478 981 1533 autem
1018 1470 1144 1532 muitum
1185 1468 1243 1532 sibi
1280 1478 1522 1549 praesumentem

226 1581 361 1636 ostentat.
584 1650 594 1669 ‚

310 1676 391 1738 Inter
411 1692 525 1738 serram
547 1682 577 1738 et
596 1692 695 1738 seram
716 1674 774 1735 boe
790 1675 922 1746 interest,
944 1674 1022 1754 quod
1041 1692 1154 1737 serram
1175 1674 1255 1736 unde
1272 1675 1415 1738 materies
1434 1693 1522 1754 prae·

226 1777 334 1839 eiditur
357 1778 499 1856 designat,
522 1795 588 1839 sera
610 1795 681 1838 rero
700 1776 780 1838 unde
799 1777 906 1838 ostium
925 1783 1037 1838 tutatur
1059 1795 1124 1839 esse
1146 1777 1337 1839 demonstrat.

311 1879 389 1940 Inter
414 1880 531 1940 forfices
558 1886 587 1940 et
614 1879 742 1958 forcipes
768 1879 826 1940 hoc
851 1879 988 1947 interest,
1017 1877 1098 1958 quod
1125 1879 1243 1941 forfices
1271 1879 1429 1941 incisorias
1455 1896 1524 1941 ease

191 2004 214 2044 ra
227 1980 369 2060 designat,
389 1980 519 2060 forcipes
540 1997 610 2042 vero
631 1986 752 2041 tenaces
774 1996 839 2040 esse
858 1980 1050 2041 demonstrat.

311 2082 391 2143 iuter
413 2084 516 2144 annuit
537 2091 567 2144 et
589 2081 692 2144 abnuit
713 2081 771 2142 boc
790 2082 923 2150 intereat,
947 2080 1026 2160 quod
1050 2080 1152 2143 annuit
1173 2125 1522 2144 ............
1562 2090 1567 2099 ·

206 2238 208 2242 .
311 2184 391 2244 iuter
425 2201 548 2263 procum
577 2191 607 2245 et
641 2200 795 2260 procerem
829 2184 887 2245 boe
917 2184 1055 2254 interest,
1091 2183 1172 2262 quod
1203 2200 1329 2261 procum
1360 2184 1523 2262 petitorem

226 2287 394 2363 nuptiarum
419 2285 559 2362 designat,
580 2302 736 2364 procerem
759 2303 828 2346 vero
848 2286 1011 2365 principem
1032 2280 1097 2345 esse
1121 2283 1305 2346 demonstrat
1305 2329 1522 2347 ........

310 2385 390 2447 luter
411 2384 542 2447 nobilem
563 2391 592 2447 et
607 2383 732 2448 novilom
755 2386 813 2447 boc
825 2387 957 2457 interest,
980 2386 1060 2466 quod
1076 2383 1206 2447 nobilem
1229 2402 1410 2464 generosum
1430 2387 1523 2466 signi·

189 2511 215 2554 ao
228 2490 304 2557 ticet,
329 2487 454 2550 norilem
476 2496 575 2549 autem
598 2495 701 2549 notum
723 2487 860 2549 omuibus
881 2505 946 2549 esse
966 2486 1157 2549 demonstrat.

311 2589 391 2651 inter
412 2589 516 2670 Syram
537 2595 568 2650 et
588 2606 687 2651 suram
708 2589 766 2650 boo
787 2590 924 2657 intereat,
946 2589 1026 2670 quod
1045 2589 1149 2670 Syram
1170 2590 1266 2668 gentis
1286 2606 1358 2652 suae
1379 2590 1523 2653 feminam

226 2692 367 2772 designat,
391 2699 510 2753 atvero
530 2709 631 2752 suram
653 2700 768 2770 partem
790 2690 873 2771 pedis
895 2708 960 2753 esse
982 2689 1172 2752 demonstrat

310 2794 390 2855 iuter
411 2791 520 2872 templa
543 2801 573 2855 et
594 2791 718 2856 delubra
739 2793 798 2854 boe
818 2793 958 2862 interest,
979 2792 1058 2874 quod
1080 2790 1188 2871 templa
1213 2791 1265 2855 ubi
1285 2792 1444 2857 simulacra
1465 2796 1525 2857 sint

225 2896 366 2973 designat,
390 2893 513 2958 delubra
533 2914 602 2957 vero
624 2913 724 2957 aream
746 2893 997 2974 comparticibus
1018 2892 1209 2955 demonstrat.

188 3020 214 3060 aa
312 2999 392 3058 {nter
411 3016 445 3058 os
468 3006 498 3059 et
519 3016 602 3060 oram
624 2998 682 3058 boc
705 2998 841 3066 interest,
864 2995 941 3075 quod
964 3013 998 3056 os
1019 2995 1132 3056 ruitum
1153 2995 1198 3057 voi
1221 3002 1349 3058 rostrum
1373 2995 1522 3076 designat,

226 3118 309 3160 oraru
335 3117 405 3160 vero
429 3099 560 3161 ultimam
583 3107 698 3181 partem
721 3101 808 3160 unius
830 3099 972 3177 cuiusque
993 3099 1037 3159 rei
1059 3116 1124 3160 esse
1146 3098 1338 3160 demonstrat.

312 3201 391 3263 inter
411 3219 482 3263 suus
505 3209 534 3262 et
555 3219 605 3263 sus
628 3202 685 3262 hoe
706 3202 844 3271 interest,
867 3200 945 3280 quod
969 3217 1040 3262 suus
1063 3217 1227 3280 pronomen
1250 3199 1448 3280 intellegitur,
1473 3221 1525 3264 sus

226 3322 294 3365 varo
316 3301 423 3364 anbnal
446 3321 510 3365 esse
530 3302 717 3382 intellegitur.

228 3393 231 3398 ’
311 3406 390 3466 inter
416 3412 561 3467 sartorem
589 3414 618 3466 et
649 3407 822 3467 sarcitorem
854 3403 913 3465 boc
939 3406 1077 3474 interest,
1108 3404 1187 3485 quod
1213 3410 1357 3466 sartorem
1377 3401 1392 3489 ΙΙ
1415 3424 1522 3485 agrum

187 3532 212 3573 aa
226 3511 400 3571 sarrientem
421 3509 581 3587 significat;
605 3509 779 3569 sarcitorem
801 3514 897 3568 autem
921 3515 1030 3567 vestem
1054 3508 1231 3568 sarcientem
1253 3505 1449 3569 demonstrat.

311 3612 390 3672 luter
413 3611 509 3671 alvum
536 3619 565 3671 et
589 3609 704 3670 alveum
731 3609 789 3669 hoc
816 3609 953 3679 interest,
983 3608 1063 3689 quod
1086 3607 1181 3671 airum
1212 3616 1344 3670 ventrem
1366 3609 1524 3687 significat,

226 3710 340 3772 alveum
359 3720 458 3773 autem
481 3758 535 3774 ...
558 3730 659 3773 cavam
682 3729 748 3773 esso
768 3712 959 3773 demonstrat.

311 3813 390 3873 luter
412 3813 550 3875 laminam
570 3823 600 3876 et
619 3813 738 3875 lamiam
758 3812 816 3873 hoc
831 3813 962 3882 interest,
984 3812 1062 3892 quod
1083 3810 1221 3873 laminam
1241 3820 1358 3873 tenuem
1376 3814 1523 3895 cuiusque

227 3914 336 3975 nrutaili
359 3933 422 3976 reru
445 3916 586 3994 designat,
606 3915 693 3976 lamia
711 3933 782 3975 vero
804 3913 911 3975 animai
935 3932 999 3974 esse
1020 3913 1213 3975 demonstrat.

187 4037 212 4075 aa
311 4016 391 4077 inter
424 4036 507 4079 oram
541 4024 570 4078 et
602 4017 705 4078 boram
738 4017 795 4078 boc
821 4017 957 4084 interest,
988 4015 1068 4093 quod
1096 4034 1179 4076 oram
1210 4023 1372 4078 extremam
1405 4026 1522 4095 partem

226 4117 382 4180 cuiuslibet
404 4122 447 4181 roi
469 4121 624 4198 significat,
644 4120 749 4180 boram
770 4137 840 4181 vero
865 4118 1055 4197 quantitatem
1078 4118 1220 4197 temporis
1243 4135 1308 4178 esee
1326 4117 1523 4181 demonstrat.

311 4220 390 4280 luter
411 4221 489 4300 quod
515 4229 544 4282 et
560 4228 633 4299 (punt
653 4221 711 4282 boc
733 4223 864 4289 interest,
887 4220 965 4299 quod
987 4221 1064 4298 quod
1087 4238 1251 4299 pronomen
1270 4219 1427 4298 significat,
1449 4228 1528 4298 quirit

229 4339 297 4382 raro
323 4322 494 4384 adverbium
515 4341 579 4385 esse
601 4323 792 4385 demonstrat.

311 4425 392 4486 inter
415 4425 526 4485 fatuum
552 4433 582 4486 et
609 4425 700 4485 tatum
727 4424 786 4485 boc
807 4425 944 4491 interest,
974 4423 1053 4502 ‹prrod
1083 4424 1194 4484 fatuum
1224 4438 1346 4499 segnem
1375 4421 1532 4505 designat.

188 4545 213 4584 m
228 4526 318 4587 iatum
338 4545 406 4588 vero
430 4527 566 4588 furtunae
588 4527 740 4589 decretum
763 4544 827 4587 esse
849 4526 1041 4586 demonstrat.

296 4636 312 4686 3
329 4638 368 4687 vei
387 4635 444 4703 iter]
464 4637 531 4688 iritor
550 4638 575 4687 B
593 4637 771 4688 universaliter
787 4653 802 4686 a
870 4635 887 4686 6
907 4637 1071 4701 cognuscitur
1090 4636 1109 4684 B
1179 4634 1197 4686 8
1213 4636 1292 4685 micro
1307 4642 1393 4687 antem
1410 4634 1439 4689 Β

225 4707 397 4757 demutatione
416 4709 441 4758 B
496 4709 528 4759 ld
544 4719 603 4772 port
623 4709 691 4772 quod
708 4706 797 4756 annuit
814 4707 906 4754 lacuna
923 4706 1120 4755 aneurbranamm
1135 4706 1185 4757 duo
1204 4720 1293 4757 omos
1306 4704 1471 4769 W*

278 4777 311 4827 18
327 4786 386 4840 post
404 4779 560 4829 demonstrat
577 4781 669 4828 laeana
687 4774 883 4826 armabamur
900 4778 1037 4840 quindecim
1055 4792 1145 4827 cerrus
1162 4778 1297 4841 pertentat
1311 4776 1340 4826 itt
1353 4772 1382 4827 Β
1430 4778 1447 4827 i

225 4861 270 4897 ora
289 4846 313 4895 B
363 4847 398 4899 30
419 4847 578 4914 sarrientem]
596 4847 747 4897 sarcientem
760 4845 802 4898 B:
819 4846 853 4911 ef.
868 4846 931 4896 Nou.
948 4849 1003 4910 Μ
1058 4847 1091 4900 37
1109 4844 1238 4914 sigrriueet
1251 4844 1278 4897 B
1325 4842 1362 4899 U
1376 4842 1427 4907 dn
