3314 5506
162 346 220 406 llll
750 341 861 403 t‘ttottt

210 459 365 514 anema.
1248 456 1397 510 μων.

159 549 268 592 nomen
297 537 421 609 propter
446 530 592 590 rationem
617 547 759 590 sonorum
789 530 817 589 in
842 546 932 608 supra
957 530 1076 608 scriptis
1099 527 1217 590 casibus
1239 530 1289 591 sic
1315 527 1441 591 anomale

160 632 338 702 declinetur,
360 633 389 692 in
413 632 493 691 sonis
515 637 708 710 conpetenter
728 630 927 693 tractabimus.
966 630 1040 713 ¹item
1061 632 1092 691 in
1114 631 1171 692 boc
1192 630 1297 693 molem
1317 633 1442 700 nominc,

160 735 239 816 quod
262 733 391 795 diximus
412 731 537 794 ablativo
560 751 631 794 casu
653 735 769 795 numeri
789 731 946 809 singularis
961 734 986 793 'o
1009 732 1105 794 littera
1129 733 1280 794 terminari
1303 741 1333 795 et
1355 735 1444 795 nomi·

152 835 257 897 ·nativo
280 852 351 897 casu
378 837 496 896 numeri
522 834 680 913 singularis
703 829 755 896 eus
782 833 886 896 litteris
912 834 1028 896 deliniri
1052 852 1111 911 pec
1138 852 1198 895 nou
1220 847 1251 896 et
1271 836 1445 898 nominativo

134 938 257 1002 adalivo
278 938 409 1013 vocativo
433 945 462 998 et
481 936 606 998 ablativo
626 955 695 997 casu
718 938 834 998 numeri
853 935 974 1017 pluralis
1000 945 1124 1016 propter
1142 938 1288 999 rationem
1306 954 1446 1000 sonorum

159 1037 297 1101 ‘anomale
319 1036 475 1107 declinari,
503 1039 669 1119 quaeritur,
698 1057 756 1119 qua
776 1039 813 1099 tle
833 1056 920 1100 causa
943 1039 972 1098 in
993 1038 1087 1099 isdem
1111 1056 1201 1118 snpra
1223 1038 1309 1101 dictis
1334 1039 1447 1121 casibus

161 1140 297 1203 anomale
326 1158 380 1220 per
407 1139 479 1202 duas
506 1143 516 1201 i
540 1140 652 1201 litteras
682 1143 849 1219 reperiatur
878 1139 976 1201 scribi.
1021 1138 1077 1200 bac
1107 1141 1144 1202 de
1172 1159 1275 1210 causa,
1309 1142 1448 1222 quomam

161 1262 366 1325 quaecumque
391 1244 509 1303 nomina
537 1244 655 1322 generis
679 1242 832 1304 masculini
860 1241 985 1303 ablativo
1013 1260 1081 1304 casu
1110 1242 1226 1303 numeri
1250 1242 1447 1320 singulariae

162 1344 260 1406 littera
286 1346 482 1406 terminantur
504 1352 535 1406 et
553 1346 731 1406 nominativo
754 1363 824 1405 casu
851 1346 968 1406 numeri
990 1342 1147 1422 singularis
1168 1362 1221 1404 eus
1245 1343 1352 1407 litteris
1380 1345 1448 1406 dell·

126 1466 149 1508 ao
163 1448 300 1514 niuntur,
329 1446 403 1508 baec
425 1448 604 1507 nominativo
629 1446 725 1508 dativo
750 1447 878 1507 vocativo
899 1455 928 1507 et
948 1444 1073 1507 ablativo
1093 1462 1162 1507 casu
1189 1447 1306 1508 numeri
1328 1445 1448 1527 pluralis

162 1567 229 1610 cum
250 1548 430 1610 nominativo
448 1567 518 1610 casu
539 1551 656 1610 numeri
670 1547 828 1626 singularis
849 1549 914 1628 pari
931 1566 1054 1609 numero
1072 1546 1250 1629 syllabarum
1268 1547 1448 1610 scribuntur.

247 1649 333 1712 Nunc
354 1652 385 1710 in
408 1649 463 1710 bac
484 1651 577 1712 torma
601 1653 718 1730 generis
737 1649 906 1721 masculini,
933 1636 1137 1730 qua'alirimus
1156 1647 1283 1711 ablativo
1305 1667 1376 1712 casu
1397 1668 1449 1711 nu·

164 1755 239 1814 meri
266 1750 423 1831 singularis
454 1755 573 1814 nomina
598 1773 616 1813 o
644 1751 739 1815 littera
772 1754 924 1813 terminari
959 1761 987 1813 et
1019 1753 1198 1813 noniinativo
1231 1769 1301 1813 casu
1336 1754 1449 1815 numeri

130 1930 139 1945 ·
163 1851 330 1936 singullaris
351 1874 404 1916 eus
421 1854 526 1916 litteris
548 1856 678 1923 deliniri,
701 1854 759 1915 boc
778 1873 948 1922 monemus,
978 1853 1057 1934 quod
1080 1874 1116 1915 er
1136 1871 1169 1914 ea
1192 1871 1252 1914 non
1275 1874 1311 1915 eo
1335 1854 1449 1932 plurimi

127 1975 150 2015 tt
164 1958 239 2026 soni,
259 1957 317 2017 boc
340 1964 462 2018 estnon
484 1976 519 2017 eo
541 1956 667 2036 plurima
687 1958 815 2025 nomina,
839 1957 953 2037 possint
974 1955 1116 2016 ominari.
1160 1955 1311 2017 deforma
1334 1957 1450 2034 generis

164 2057 325 2128 masculini,
344 2077 402 2139 qua
425 2057 550 2120 ablativo
570 2078 639 2120 casu
659 2061 775 2121 numeri
790 2057 946 2136 singularis
966 2054 1086 2118 nomina
1105 2077 1123 2117 o
1139 2055 1236 2119 littera
1255 2059 1450 2122 terminantur

164 2168 194 2222 et
215 2161 393 2221 nominativo
411 2178 480 2221 casu
503 2162 619 2221 numeri
635 2157 793 2237 singularis
812 2178 863 2220 eus
879 2160 984 2220 litteris
1002 2160 1192 2228 deliniuntur,
1215 2167 1361 2240 quantum
1377 2163 1449 2223 ratio

163 2261 315 2341 poscebat,
339 2263 538 2323 tractavimus.
556 2257 570 2346 ΙΙ

249 2364 291 2424 [ie
313 2365 368 2424 ius.
414 2368 617 2444 quaecumque
639 2365 756 2424 nomina
780 2365 898 2442 generis
921 2362 1074 2424 masculini
1095 2361 1220 2424 ablativo
1246 2381 1317 2425 casu
1337 2366 1450 2425 numeri

126 2480 151 2521 ao
164 2463 321 2543 singularis
341 2484 358 2524 o
382 2464 479 2526 littera
503 2465 697 2527 terminantur
723 2476 752 2527 et
774 2467 954 2526 nominativo
982 2484 1051 2525 casu
1080 2466 1196 2526 numeri
1218 2465 1377 2544 singularis
1406 2467 1451 2527 ius

164 2565 275 2647 syllaba
297 2566 485 2636 definiuntur,
510 2575 542 2627 ut
558 2576 627 2644 puta
648 2567 685 2628 ab
704 2569 761 2629 boc
775 2569 848 2630 Gaio
871 2567 920 2628 bic
935 2567 1033 2636 Gaius,
1055 2566 1129 2627 baec
1151 2566 1187 2629 ad
1209 2567 1268 2628 boc
1285 2566 1451 2646 exemplum

164 2666 365 2730 declinantur:
388 2670 505 2730 numeri
524 2668 681 2747 singularis
700 2669 749 2730 bic
772 2671 861 2732 Gaius
882 2670 969 2730 buius
989 2669 1043 2729 Gai
1064 2668 1132 2730 buic
1151 2671 1224 2731 Gaio
1246 2669 1328 2735 bunc
1348 2670 1452 2731 Gaium

164 2772 254 2832 oGai
276 2769 312 2831 ab
335 2769 392 2829 boc
415 2770 503 2839 Gaio,
531 2773 647 2832 numeri
669 2770 790 2850 pluralis
819 2771 851 2830 bi
872 2773 925 2834 Gai
947 2770 1056 2832 borum
1078 2770 1218 2832 Gaiorum
1240 2770 1287 2833 bis
1308 2773 1379 2833 Gais
1399 2771 1453 2833 bos

164 2872 251 2935 Gaios
287 2873 377 2934 oGai
409 2871 446 2932 ab
467 2872 514 2934 bis
535 2874 614 2935 Gais·
658 2875 700 2933 sic
731 2883 760 2934 et
788 2873 843 2934 alia
876 2874 994 2950 generis
1022 2871 1177 2933 masculini
1207 2874 1344 2944 nomina,
1379 2892 1454 2955 qttae

126 2991 151 3030 aa
165 2971 291 3033 ablativo
320 2991 390 3033 casu
420 2975 536 3034 numeri
559 2974 715 3053 singularis
736 2996 754 3035 o
775 2974 871 3036 littera
897 2977 1092 3036 terminantur
1121 2983 1151 3034 et
1177 2977 1356 3037 nominativo
1385 2995 1453 3038 casu

164 3077 282 3136 numeri
308 3075 465 3156 singularis
487 3077 532 3137 ius
554 3075 665 3156 syllaba
699 3076 892 3147 deliniuntur,
927 3079 963 3139 ad
986 3075 1152 3155 exemplum
1175 3078 1228 3138 Gai
1263 3095 1317 3156 per
1350 3097 1455 3139 omnes

164 3197 250 3240 casus
268 3176 462 3239 declinantur.
506 3196 586 3240 nunc
610 3181 640 3239 iu
663 3179 718 3240 bae
740 3198 830 3258 supra
852 3182 960 3260 scripta
984 3180 1077 3240 lorma
1100 3179 1159 3260 boc
1182 3198 1351 3249 monemus.
1375 3180 1454 3262 quot

164 3282 221 3341 sint
239 3279 336 3358 aliqua
358 3282 487 3349 nomina,
510 3299 586 3361 quac
608 3282 756 3343 interdum
776 3290 899 3362 proptor
919 3291 1012 3343 metra
1031 3281 1076 3343 vel
1092 3289 1256 3344 structuras
1278 3301 1313 3344 ex
1327 3281 1454 3344 ablativo

164 3402 234 3444 casu
258 3384 373 3444 numeri
393 3381 551 3461 singularis
573 3403 591 3443 n
613 3383 747 3446 ultimum
778 3393 808 3445 et
830 3387 859 3445 in
884 3403 932 3445 una
960 3384 1072 3445 litteras
1097 3393 1283 3455 convertant,
1311 3394 1345 3446 ιιι
1367 3403 1455 3464 gene·

127 3501 153 3539 :io
168 3487 256 3546 tivum
280 3503 381 3546 casum
403 3487 520 3546 numeri
539 3485 662 3564 pluralis
684 3487 820 3555 efficiant,
841 3494 872 3547 ut
894 3495 964 3564 puta
985 3485 1021 3546 ab
1045 3485 1101 3545 boc
1119 3487 1191 3548 Gaio
1211 3487 1319 3549 borum
1340 3488 1455 3550 Gaium.

164 3588 216 3648 scd
238 3587 311 3649 baec
331 3606 406 3667 quae
429 3590 488 3648 sint
506 3589 625 3650 nomina
648 3597 756 3669 etqua
779 3588 814 3649 de
836 3608 924 3649 causa
947 3607 982 3650 ex
1004 3606 1093 3666 supra
1115 3589 1194 3650 (licto
1216 3607 1285 3650 casu
1308 3590 1456 3652 interdum

164 3696 288 3769 propter
315 3697 409 3749 metra
431 3687 476 3750 vel
503 3697 667 3751 structuras
689 3711 706 3751 o
730 3690 865 3751 ultimum
888 3701 918 3752 et
940 3693 969 3752 in
995 3709 1045 3751 um
1067 3689 1396 3763 litterasooovertaot,
1425 3701 1457 3754 ut

165 3791 330 3868 genetivum
361 3808 459 3851 casnm
486 3792 603 3852 numeri
632 3790 754 3870 pluralis
784 3794 925 3864 efficiant,
958 3794 1015 3854 boc
1043 3794 1073 3853 in
1103 3794 1204 3854 metria
1227 3792 1272 3854 vel
1299 3797 1457 3859 structuris

166 3897 357 3971 conpetenter
380 3891 581 3953 tractabimus
626 3895 756 3954 nuncin
779 3895 834 3955 bac
854 3895 949 3954 lorma
972 3898 1089 3973 generis
1109 3894 1278 3965 masculini,
1302 3914 1360 3977 qua
1383 3898 1456 3959 dixi·

130 4007 153 4047 tt
168 4012 233 4054 mus
256 3992 381 4054 ablativo
405 4013 474 4054 casu
502 3995 619 4054 numeri
640 3994 796 4073 singularis
822 3999 941 4057 uomina
964 4017 982 4056 o
1007 3997 1105 4058 littera
1130 3999 1284 4059 terminari
1311 4006 1340 4060 ct
1361 4001 1456 4061 nomi·

165 4096 262 4158 nativo
285 4114 355 4157 casu
379 4097 496 4157 numeri
518 4094 675 4174 singularis
697 4098 743 4159 ius
762 4096 871 4177 syllaba
891 4099 1021 4168 deliniri,
1044 4098 1103 4159 hoc
1124 4119 1296 4169 monemus,
1319 4101 1400 4181 quod
1422 4121 1456 4163 er

166 4217 200 4259 ea
223 4215 391 4278 nonquam
418 4197 538 4277 plurimi
565 4199 646 4267 soni,
675 4199 733 4260 boc
755 4208 801 4261 est
828 4219 886 4261 non
909 4220 996 4281 quam
1026 4201 1151 4280 plurima
1180 4205 1315 4281 nomina,
1345 4205 1458 4281 possint

165 4300 307 4362 exlriberi.
354 4301 390 4361 de
411 4301 506 4360 lorma
529 4302 646 4377 generis
668 4303 828 4372 masculini,
849 4322 906 4382 qua
926 4302 1050 4365 ablativo
1074 4323 1144 4365 casu
1163 4307 1279 4365 numeri
1299 4305 1458 4383 singularis

165 4405 283 4464 nomina
310 4424 327 4463 o
355 4401 452 4463 littera
485 4405 683 4464 terminantur
716 4412 746 4464 et
773 4407 952 4467 nominativo
980 4424 1050 4467 casu
1084 4407 1199 4468 numeri
1228 4405 1387 4484 singularis
1412 4410 1459 4468 ins

128 4515 154 4556 ιθ
166 4505 274 4586 syllaba
298 4505 487 4574 definiuntur,
512 4515 653 4583 quantum
676 4508 752 4568 ratio
774 4506 925 4586 poscebat,
948 4510 1145 4570 tractavimus.

235 4677 434 4728 2tractabimua
450 4668 466 4724 i·
483 4677 648 4727 tractauimus
665 4677 715 4729 ΗΒ
818 4679 982 4731 bontionem
998 4682 1021 4732 ll
1040 4681 1137 4730 ratione
1153 4680 1179 4728 B
1266 4679 1458 4730 lancinalell

167 4745 324 4798 anomaliae
378 4748 537 4812 reperiantur
553 4747 604 4798 RB
656 4748 690 4799 28
705 4748 790 4813 aliqua
807 4749 940 4802 Baliall
1004 4752 1039 4801 2tt
1058 4757 1205 4800 conuertunt
1222 4748 1248 4798 B
1266 4749 1458 4801 conuertuutll

236 4816 270 4869 34
288 4817 454 4869 tractabimus
472 4833 488 4868 r
504 4817 669 4869 tract'anirnua
687 4818 737 4869 ltB
