3314 5506
230 366 272 430 94
820 362 934 425 rnen}

230 481 463 615 hogrrzrognzrldus
477 546 491 632 Η
506 550 585 627 qnod
607 549 673 628 pius
695 568 782 630 quam
804 567 856 610 sex
878 551 952 618 seni,
975 549 1033 611 hoc
1054 557 1100 611 est
1122 568 1210 629 quam
1230 566 1280 611 sex
1304 476 1517 635 :efflavisse

231 655 345 733 possint
373 652 516 717 exhiberi.
559 653 629 713 item
656 670 691 712 cx
719 651 776 712 hac
803 651 913 721 forma,
947 669 1004 730 qna
1037 651 1164 712 diximus
1190 651 1373 729 supradicti
1403 653 1518 741 generis

230 757 348 816 nomina
370 755 549 814 nominativo
573 772 644 814 casu
664 755 780 814 numeri
802 752 959 830 singularis
981 752 1033 814 abs
1055 752 1159 814 litteris
1184 752 1314 823 dessniri,
1345 752 1402 814 hoc
1419 770 1517 815 mone·

229 874 296 919 mus
316 855 396 935 qnod
424 854 490 933 pius
512 874 600 934 quam
622 861 761 934 quattuor
782 856 862 925 soni,
889 854 946 914 hoc
968 861 1013 914 est
1033 872 1121 933 quam
1143 861 1282 932 quattuor
1302 855 1438 925 uomina,
1459 872 1518 916 non

203 959 344 1039 spossint
364 956 507 1018 exhiberi.
551 958 622 1017 item
644 975 680 1018 ex
704 957 761 1019 hac
782 956 901 1031 iorima,
930 974 988 1035 qua
1010 955 1137 1016 diximus
1162 956 1376 1036 suprascripti
1403 957 1520 1034 generis

133 1124 139 1135 ,
228 1061 348 1121 nomina
370 1059 549 1119 nominativo
570 1077 641 1119 casu
663 1058 780 1120 numeri
801 1056 958 1134 singularis
980 1056 1033 1118 ebs
1052 1056 1157 1118 litteris
1183 1056 1313 1127 definiri,
1339 1056 1399 1119 hoc
1418 1075 1519 1120 mone·

156 1190 162 1200 ·
229 1179 295 1222 mus
323 1160 401 1239 quod
425 1157 490 1236 pius
514 1177 602 1237 quam
625 1160 754 1238 quinque
776 1161 857 1227 soni,
887 1159 945 1219 hcc
967 1166 1011 1220 est
1031 1176 1120 1236 quam
1142 1159 1273 1238 quinque
1299 1160 1435 1229 nomina,
1462 1176 1519 1221 uon

228 1264 342 1342 possint
368 1259 509 1322 exhiberi.
553 1262 623 1321 item
646 1280 681 1323 ex
705 1261 760 1322 hae
785 1260 895 1327 forma,
924 1278 982 1338 qua
1010 1260 1138 1321 diximus
1161 1260 1378 1339 suprascripti
1403 1261 1520 1340 pencris

229 1365 348 1424 nomina
370 1364 549 1424 nominativo
569 1380 639 1423 casu
662 1363 778 1423 numeri
800 1360 957 1439 singularis
980 1380 1032 1440 eps
1053 1362 1158 1423 litteris
1178 1361 1311 1432 deiiniri,
1339 1361 1399 1423 hec
1420 1379 1520 1424 munc-

191 1481 296 1526 temus
317 1466 396 1543 quod
419 1463 484 1542 plus
505 1482 593 1543 quam
615 1465 752 1526 undecim
774 1466 855 1533 soni,
883 1463 940 1524 hoc
963 1471 1007 1524 est
1034 1482 1122 1542 quam
1141 1464 1278 1526 undecim
1298 1464 1437 1532 uomina,
1463 1480 1520 1527 nun

228 1567 342 1644 possint
363 1564 505 1626 exhiberi.
529 1587 547 1621 a
572 1566 641 1628 item
660 1585 695 1627 ex
716 1566 771 1626 isac
793 1566 903 1634 forma,
932 1583 992 1644 qna
1012 1565 1138 1629 diximus
1159 1583 1251 1644 supra
1272 1567 1377 1644 scripti
1404 1566 1521 1643 generis

228 1670 348 1728 nomina
371 1646 548 1728 ndminativo
571 1686 640 1729 casn
663 1669 778 1728 numeri
799 1666 955 1746 singularis
976 1685 1036 1728 unx
1056 1665 1162 1729 litteris
1183 1667 1312 1736 definiri,
1337 1666 1397 1728 hec
1419 1685 1518 1729 mone·

229 1766 295 1831 mus
320 1767 400 1849 qued
422 1766 489 1846 pius
511 1788 599 1849 qnam
626 1778 686 1831 tres
713 1771 794 1839 suni,
820 1769 877 1830 hoc
900 1776 944 1830 est
966 1787 1054 1848 qnam
1077 1771 1131 1831 tria
1159 1770 1295 1838 nomina,
1321 1786 1383 1831 uon
1409 1771 1519 1849 possint

229 1870 371 1933 exhiberi.
803 1872 809 1882 '

190 1989 216 2032 tx
315 1974 356 2035 [ie
378 1991 488 2051 genere
512 1973 601 2033 omni.
646 1974 742 2033 omnis
767 1973 885 2050 generis
906 1975 1040 2043 nomina,
1064 1990 1140 2051 qnae
1161 1971 1286 2032 ablativo
1306 1990 1377 2033 casu
1406 1973 1517 2034 numeri

226 2073 384 2154 singularis
405 2094 422 2136 e
443 2073 539 2135 littera
565 2082 701 2153 correpta
730 2073 841 2134 scilicet
869 2076 1065 2135 terminantur
1095 2080 1125 2136 et
1150 2081 1247 2153 aptota
1270 2091 1334 2151 esse
1360 2091 1422 2134 non
1441 2076 1515 2135 inre·

227 2179 359 2246 niuntur,
383 2177 457 2238 haec
479 2176 515 2237 ad
535 2177 592 2237 hoc
615 2174 783 2254 exemplum
802 2175 1005 2238 declinantur:
1026 2177 1143 2238 numeri
1161 2174 1318 2255 singularis
1339 2174 1390 2236 hic
1405 2175 1516 2237 ethaeo

228 2285 258 2339 ct
271 2277 329 2338 hoc
347 2278 451 2346 audax,
471 2277 559 2338 leuius
577 2285 606 2338 et
621 2277 709 2338 huius
731 2287 761 2338 et
777 2277 864 2338 huius
885 2277 1012 2347 audacis,
1033 2277 1103 2339 huic
1124 2285 1154 2338 et
1171 2277 1242 2337 huic
1263 2284 1293 2338 et
1313 2277 1385 2338 hnic
1406 2277 1514 2345 audaci.

227 2379 308 2439 hunc
328 2388 357 2440 et
377 2378 455 2438 hanc
477 2379 618 2438 audacem
640 2386 670 2440 et
686 2379 744 2440 hoe
765 2379 869 2448 audax,
893 2398 910 2447 o
933 2387 962 2441 et
976 2399 994 2439 o
1009 2386 1070 2441 eto
1092 2379 1196 2447 audax,
1218 2377 1255 2439 ab
1277 2378 1336 2439 hoc
1356 2386 1386 2440 ct
1406 2379 1445 2441 ab
1466 2378 1516 2440 hsc

189 2489 259 2542 net
280 2480 317 2541 ab
342 2480 399 2542 hoc
426 2463 566 2549 audace}
588 2481 702 2542 numeri
734 2479 856 2559 pluralis
888 2480 919 2540 iri
946 2488 976 2540 et
1003 2481 1059 2543 hae
1087 2482 1213 2542 audaces
1234 2489 1265 2542 et
1291 2480 1367 2543 haec
1389 2480 1515 2549 audacia,

227 2582 336 2643 horum
352 2581 503 2642 ethaeum
522 2581 672 2642 ethorum
690 2582 856 2650 audacium,
877 2582 924 2642 iris
938 2591 967 2644 st
984 2582 1030 2643 his
1043 2591 1076 2644 ei
1089 2582 1135 2644 his
1154 2582 1325 2651 audacibus,
1348 2583 1405 2645 hos
1424 2590 1454 2645 ci
1468 2583 1517 2644 ins

226 2684 352 2746 audaces
372 2692 402 2744 et
423 2682 497 2744 baec
518 2683 650 2751 audacia,
673 2701 691 2743 ο
714 2691 775 2744 eto
797 2685 924 2745 audaces
947 2692 1010 2746 eto
1030 2684 1162 2752 andacia,
1184 2683 1222 2745 ab
1243 2683 1291 2744 his
1313 2693 1343 2746 et
1361 2683 1399 2747 ab
1423 2685 1470 2747 his
1489 2691 1517 2746 et

227 2786 264 2846 ab
286 2785 332 2845 his
353 2782 523 2847 audacibus.
561 2801 639 2846 >sarie
657 2787 753 2847 omnis
773 2787 890 2864 generis
912 2789 1042 2857 nomina,
1065 2802 1141 2864 quae
1162 2785 1287 2849 ablativo
1309 2804 1382 2851 casu
1403 2787 1518 2853 numeri

227 2885 386 2964 singularis
408 2905 425 2948 e
448 2885 544 2947 littera
572 2893 709 2965 correpta
742 2887 855 2949 scilicet
887 2890 1100 2965 terminantur,
1133 2889 1207 2951 haec
1237 2876 1518 2951 nominetiru‘casu

189 3002 215 3043 ex
229 2990 346 3049 numeri
366 2986 523 3066 singularis
544 2987 590 3049 his
611 3007 714 3049 norem
742 2989 845 3049 formis
873 2989 1053 3050 definiuntur
1079 2996 1207 3060 tantum,
1235 3008 1290 3069 par
1318 2997 1402 3052 retus
1426 2991 1519 3053 atrdax

223 3090 296 3152 ielix
319 3091 403 3153 iercx
424 3097 527 3151 amans
548 3090 680 3167 prudens
699 3091 780 3151 iners
801 3109 913 3152 vecors.
958 3108 1037 3153 nnnc
1057 3110 1092 3153 ex
1114 3090 1170 3152 hac
1189 3090 1293 3163 forma,
1315 3110 1374 3171 qna
1393 3092 1519 3154 diximus

226 3194 344 3272 generis
363 3192 458 3253 omnis
476 3193 594 3269 nonrina
617 3187 805 3274 nomiiinatiro
825 3210 895 3253 casu
918 3194 1034 3254 numeri
1053 3193 1210 3271 singularis
1224 3212 1258 3254 ar
1270 3192 1376 3257 litteris
1395 3195 1519 3262 definiri,

225 3295 284 3358 hoc
304 3312 466 3361 menemus
481 3295 561 3374 quod
583 3292 649 3372 pius
671 3312 760 3372 quarn
780 3303 893 3374 septem
912 3296 986 3364 soni,
1010 3295 1067 3355 hoc
1089 3303 1238 3373 estunam
1259 3303 1373 3373 septem
1388 3298 1519 3364 nomina,

226 3416 287 3459 non
318 3399 432 3477 possint
460 3395 607 3458 exhiberio
647 3397 716 3458 item
750 3415 785 3456 ex
818 3396 875 3458 hac
907 3397 1016 3465 iurrua,
1048 3415 1105 3476 qna
1136 3397 1264 3457 diximus
1295 3415 1385 3477 supra
1417 3398 1519 3477 scripti

187 3510 213 3553 tt
226 3500 344 3578 generis
365 3500 484 3559 nomina
506 3499 684 3558 nominativo
707 3516 779 3559 casu
802 3501 919 3560 numeri
941 3496 1099 3575 singularis
1123 3517 1158 3559 us
1178 3498 1283 3560 litteris
1304 3498 1437 3567 definiri,
1463 3499 1518 3560 hoc

225 3618 381 3662 menemus
403 3599 482 3678 quod
506 3599 571 3677 pius
593 3617 681 3678 qnam
703 3605 762 3659 tres
783 3601 857 3668 soni,
881 3601 938 3661 hoc
960 3608 1003 3661 est
1024 3618 1111 3678 quarn
1134 3601 1190 3661 tria
1212 3601 1348 3670 nomina,
1371 3619 1433 3661 non
1452 3618 1516 3679 pos

225 3703 283 3762 sint
305 3700 446 3762 exhiberi.
470 3703 546 3762 *item
569 3720 604 3760 ex
624 3700 679 3760 hac
702 3701 805 3769 forma,
829 3719 886 3779 qua
907 3702 1033 3763 diximus
1054 3720 1143 3780 supra
1166 3702 1236 3763 dicti
1260 3704 1380 3780 generis
1400 3703 1515 3764 nonnus

224 3803 404 3863 nominativo
427 3820 497 3862 casn
518 3803 633 3862 numeri
654 3800 813 3878 singularis
836 3821 872 3862 ax
893 3802 998 3863 litteris
1020 3803 1150 3872 definiri,
1182 3802 1240 3865 hoc
1261 3822 1419 3867 menemus
1438 3804 1514 3884 quod

225 3900 292 3982 pius
306 3921 396 3983 quam
414 3903 517 3964 decern
540 3912 607 3962 ecto
629 3903 703 3971 suni.
724 3902 781 3962 hoc
797 3911 841 3964 est
860 3921 948 3981 qnam
972 3904 1073 3966 decem
1089 3911 1155 3966 octo
1171 3905 1300 3975 nomina,
1323 3923 1386 3967 non
1404 3908 1513 3985 possint

186 4004 368 4066 &exhiberi
411 4007 481 4066 item
504 4022 540 4065 ex
561 4003 617 4064 hac
645 4004 755 4073 serina,
788 4023 845 4082 qtra
878 4005 1005 4067 diximus
1037 4007 1219 4086 supradicti
1249 4009 1369 4087 generis
1400 4010 1512 4071 nomint

228 4108 405 4168 nominativo
428 4123 504 4167 casu.
526 4107 644 4167 numeri
664 4105 822 4184 singularis
842 4109 870 4167 ix
892 4106 995 4168 litteris
1022 4109 1152 4179 definiri,
1182 4109 1238 4169 hoc
1259 4127 1418 4173 monemus
1438 4127 1510 4190 quor

228 4207 296 4290 pius
317 4227 407 4288 quarn
427 4206 504 4271 xvn
524 4209 599 4276 soni,
621 4208 679 4268 hec
705 4215 749 4269 cst
771 4226 858 4286 quaxn
881 4208 958 4270 Xi‘ii
980 4213 1107 4282 nomina,
1130 4214 1322 4290 nonpossint
1343 4211 1492 4275 exhiberi.

227 4312 298 4372 item
321 4330 357 4372 ex
379 4310 435 4372 hac
452 4310 562 4379 forma,
585 4328 643 4388 qtra
665 4311 791 4372 diximus
811 4330 900 4389 supra
924 4314 1027 4392 scripti
1052 4315 1169 4392 generis
1197 4314 1316 4380 nomina
1339 4315 1508 4377 nominativi

226 4431 297 4476 casu
318 4414 435 4475 numeri
459 4410 617 4491 singularis
636 4432 672 4473 ox
696 4413 800 4474 litteris
822 4414 952 4483 definiri,
982 4415 1039 4475 leuc
1056 4433 1211 4477 monemus
1238 4417 1317 4495 quod
1343 4396 1412 4494 plus
1430 4434 1508 4497 quau

185 4526 211 4567 ⁴⁰
225 4535 329 4579 norem
350 4517 425 4585 soni,
447 4515 505 4577 hoc
526 4524 570 4577 est
592 4534 679 4594 qnam
703 4534 808 4576 norem
831 4517 959 4583 nomina,
982 4535 1042 4577 non
1067 4519 1180 4596 possint
1201 4517 1344 4579 exhiberi.
1389 4519 1463 4581 item
1487 4539 1503 4582 e

294 4685 325 4737 ll
345 4691 458 4738 tammam
476 4687 593 4750 iudicavi,
610 4702 660 4752 pua
679 4702 710 4737 ea
727 4702 790 4752 qrme
805 4688 837 4737 de
855 4690 1025 4739 terminatione
1043 4703 1091 4755 eps
1109 4689 1178 4739 dicta
1198 4696 1272 4738 eram
1289 4690 1420 4739 excidisse
1437 4691 1505 4742 uider

223 4764 272 4806 tor.
359 4755 393 4808 37
410 4770 486 4819 quam
503 4771 558 4806 xvu
577 4758 633 4806 soni
659 4755 707 4808 huc
726 4765 765 4807 est
781 4772 857 4820 qrtcm
875 4773 930 4808 xvn
950 4760 1087 4809 nominer
1109 4773 1186 4821 quiam
1212 4767 1311 4824 septem
1332 4759 1391 4809 suni
1415 4759 1468 4811 hoe
1487 4778 1505 4813 ea

224 4841 298 4892 qrrcrn
314 4824 412 4892 septem
428 4824 570 4876 nominali
589 4842 664 4890 quam
684 4840 738 4875 xru
755 4829 812 4877 soni
830 4828 855 4878 B
