3314 5506
560 361 759 424 lhsrlrvrs
780 361 921 422 hlll'lllll
943 360 1111 422 ars-226
1205 378 1210 385 ·
1441 361 1481 425 83

237 490 262 533 ρ.
275 476 368 520 ant-u
382 477 410 518 3.
1270 489 1294 529 μ.
1307 476 1388 517 neu
1400 476 1431 519 v.

184 565 292 618 eausa,
321 549 461 628 qnoniam
485 565 690 626 quaecumque
710 546 850 608 vocabula
877 546 1039 609 masculina
1064 548 1243 608 nominativo
1266 566 1337 609 casu
1367 549 1483 609 numeri

160 648 349 728 'singularis
369 667 404 711 er
418 647 523 721 litteris
545 649 724 711 deliniuntur
746 656 774 710 et
795 649 919 710 ablativo
938 668 1009 712 casu
1031 644 1156 729 nulmeri
1178 647 1338 727 singularis
1357 648 1483 711 elittcra

180 751 388 811 terminantur
410 757 441 812 ct
454 771 490 812 ex
504 769 556 812 sua
578 753 678 831 specie
701 750 841 812 vocabula
862 751 998 812 feminina
1022 751 1119 811 lacere
1134 760 1266 831 possunt
1288 750 1362 812 haec
1380 751 1483 812 eadem

177 849 333 913 vocabula
354 851 492 914 lemininn
511 854 690 914 nominativo
714 873 784 915 casu
807 853 922 914 numeri
942 852 1099 930 singularis
1121 869 1154 913 er
1176 851 1280 913 litteris
1303 852 1484 912 deliniuntur

178 959 216 1013 et
238 955 361 1031 generis
381 956 546 1016 communis
573 973 637 1016 esse
665 955 903 1033 pronuntiantur.
947 972 1027 1015 nnnc
1048 973 1115 1016 curn
1138 954 1216 1015 idem
1239 954 1317 1014 dicat
1338 953 1483 1032 Vergilius
1510 976 1523 1014 s

180 1058 355 1134 ‘pauper
380 1057 416 1117 in
445 1074 544 1117 arma
572 1060 695 1135 pater’
722 1065 751 1119 et
782 1057 975 1134 ‘genitore
1004 1056 1201 1136 Adamasto
1234 1057 1427 1136 paupere',
1455 1061 1486 1115 et

179 1156 256 1218 ideo
276 1156 529 1236 pauperrimus,
553 1176 611 1218 non
633 1176 764 1237 paupera
787 1159 993 1237 pronuntiarit.

275 1259 351 1321 ltem
374 1261 404 1319 13
425 1259 481 1320 hac
505 1277 594 1337 supra
617 1260 695 1320 dicta
717 1261 811 1320 forma
833 1262 1001 1338 quaeritur,
1030 1259 1068 1321 ah
1090 1278 1125 1320 eo
1147 1259 1227 1339 quod
1250 1259 1322 1320 ‹lirit
1343 1257 1487 1338 Vergilius

187 1360 364 1439 ‘hospita
392 1364 513 1421 terra’
537 1359 701 1422 masculino
729 1377 839 1438 genere
864 1361 913 1422 hic
936 1361 1045 1440 hospes
1073 1380 1110 1421 an
1132 1361 1266 1440 hospitor
1294 1379 1330 1421 an
1354 1361 1487 1439 hospitus

189 1461 290 1523 lacere
305 1460 423 1523 debeat.
456 1461 507 1522 sed
524 1481 727 1544 quaecumque
745 1462 886 1524 vocabula
906 1462 1064 1525 masculina
1082 1464 1263 1523 nominativo
1280 1481 1350 1524 casu
1371 1463 1489 1523 numeri
1502 1483 1526 1524 ro

189 1561 350 1642 singularis
372 1582 405 1624 es
426 1562 530 1624 litteris
552 1563 732 1627 deliniuntur
755 1571 784 1625 et
806 1583 841 1626 cx
863 1582 915 1625 sua
933 1566 1031 1643 specie
1055 1563 1198 1626 vocabula
1224 1565 1362 1626 leminlna
1389 1564 1488 1624 iacere

190 1671 332 1743 possint,
354 1664 428 1725 haec
448 1665 550 1726 eadem
573 1665 715 1727 vocabula
736 1667 874 1728 feminina
897 1668 1075 1727 nominativo
1096 1685 1168 1727 casu
1190 1667 1308 1728 numeri
1330 1664 1489 1742 singularis

191 1784 224 1827 es
241 1764 350 1827 litteris
369 1766 552 1828 deliniuntur
570 1775 601 1828 et
619 1770 785 1829 communis
806 1770 923 1846 generis
946 1787 1010 1830 esse
1032 1771 1271 1847 pronuntiantur,
1296 1774 1329 1827 ut
1346 1777 1416 1847 puta
1440 1767 1489 1828 hic

192 1874 272 1931 rates
293 1875 324 1929 ct
345 1866 421 1931 haec
439 1875 534 1938 ratcs;
557 1877 586 1930 et
607 1869 674 1931 ideo
691 1869 806 1949 hospita
826 1869 863 1931 ab
886 1890 920 1932 eo
940 1869 1018 1950 quod
1043 1877 1087 1931 est
1106 1870 1155 1931 hic
1177 1870 1286 1949 hospes
1305 1871 1406 1930 venire
1427 1887 1487 1929 non

192 1970 350 2033 iudicatur.
393 1971 463 2031 item
491 1988 694 2049 quaecumque
718 1970 860 2032 vocabula
886 1969 1049 2032 masculina
1077 1972 1254 2033 nominativo
1276 1989 1347 2032 casu
1371 1971 1488 2031 numeri
1503 1991 1527 2032 rs

193 2070 351 2151 nnguhris
372 2089 406 2132 cr
428 2069 532 2132 litteris
554 2072 733 2134 deliniuntur
756 2079 785 2134 et
807 2092 841 2134 ex
866 2093 919 2136 sua
940 2075 1040 2152 specie
1065 2072 1206 2134 rocahula
1229 2074 1369 2133 feminina
1391 2073 1490 2133 lacere

193 2180 333 2250 possunt,
357 2172 431 2236 haec
452 2172 553 2235 eadem
574 2172 715 2245 vocabula
737 2173 874 2235 feminina
896 2176 925 2235 13
948 2176 1127 2236 nominativo
1149 2193 1220 2236 casu
1250 2176 1365 2235 numeri
1388 2176 1489 2252 singu·

193 2271 264 2335 laris
280 2274 440 2337 antistiam
460 2293 493 2336 er
508 2273 611 2336 litteris
631 2275 812 2337 deliniuntur
835 2283 864 2336 el
884 2277 1001 2354 generis
1022 2277 1187 2338 communis
1209 2294 1274 2337 esse
1295 2277 1489 2354 pronuntian-

194 2382 257 2447 tur,
291 2383 325 2437 ut
352 2384 422 2457 puta
453 2375 502 2437 hic
528 2376 648 2439 volucer
674 2376 749 2439 haec
775 2375 909 2448 rolucer;
941 2386 992 2439 aut
1018 2377 1054 2439 ah
1081 2378 1185 2439 eodem
1215 2377 1393 2438 nominativo
1420 2395 1490 2438 casu

194 2479 311 2554 generis
332 2478 485 2539 masculini
511 2480 542 2539 13
562 2497 617 2539 suo
641 2480 819 2540 nominativo
842 2498 911 2541 casu
940 2497 994 2558 per
1016 2477 1169 2559 syllabam'
1182 2485 1335 2548 crescunt,
1365 2487 1398 2539 ut
1418 2486 1487 2558 puta
1502 2496 1528 2536 so
1606 2527 1613 2539 ,
1640 2524 1649 2536 ,

195 2577 241 2640 hic
262 2587 350 2641 tener
370 2578 443 2640 haee
466 2582 583 2650 tenera:
611 2591 660 2643 aut
682 2583 708 2644 si
730 2581 767 2642 ab
790 2581 893 2642 eodem
908 2577 923 2665 ΙΙ
937 2582 1117 2643 nominativo
1138 2599 1208 2642 casu
1235 2581 1354 2659 generis
1375 2598 1490 2641 mascu-

194 2678 260 2752 lini,
281 2682 334 2761 qui
362 2699 396 2744 er
422 2680 527 2743 litteris
549 2683 701 2754 delinitur,
730 2685 759 2744 in
783 2684 888 2746 eodem
916 2684 1093 2744 nominativo
1122 2701 1193 2743 casu
1223 2684 1342 2760 generis
1364 2683 1409 2743 sui
1436 2699 1491 2760 per

195 2781 336 2863 syllabam
358 2800 419 2844 non
440 2793 586 2854 crescunt,
609 2785 682 2847 haec
704 2787 734 2846 in
755 2786 860 2848 eodem
882 2786 1061 2847 nominativo
1080 2803 1136 2846 sno
1159 2802 1213 2863 per
1237 2785 1401 2863 geminatas
1419 2801 1490 2844 con·

195 2895 336 2947 sonantes
360 2892 429 2948 3313
455 2885 587 2949 ultimam
609 2888 734 2949 litteram
756 2887 942 2956 scribuntur,
971 2895 1003 2948 ut
1029 2893 1099 2967 puta
1121 2885 1170 2946 hic
1193 2887 1278 2964 niger
1299 2885 1374 2947 haec
1395 2886 1489 2962 nigra.

195 3002 273 3049 nnnc
298 3004 370 3049 eum
395 2987 510 3066 hospita
537 3008 593 3051 nec
619 2989 656 3052 ab
678 2989 796 3069 hospite
824 3007 878 3051 noc
900 3008 917 3050 a
936 2988 1057 3051 volucre
1085 3006 1140 3048 nec
1166 3006 1183 3048 a
1205 2995 1308 3048 tenero
1335 2986 1381 3048 rel
1402 2989 1489 3063 nigro
1503 3004 1529 3045 sa

195 3089 295 3151 tenire
312 3090 496 3168 reperiatur,
525 3098 555 3152 et
575 3091 642 3153 ideo
664 3091 701 3152 ah
721 3091 837 3170 hospito
864 3092 928 3153 lieri
955 3091 1178 3171 pronuntiatur;
1209 3087 1320 3150 scilicet
1348 3091 1489 3169 quoniam

194 3208 402 3277 quaecumque
430 3194 547 3253 nomina
572 3195 691 3269 generis
712 3192 866 3254 masculini
891 3195 1069 3254 nominativo
1093 3210 1163 3253 casu
1195 3192 1312 3251 numeri
1332 3189 1491 3269 singularis

194 3310 229 3353 us
243 3291 352 3354 litteris
372 3300 440 3372 post
460 3292 639 3372 singularem
653 3302 865 3355 consonantem
888 3295 1068 3356 deliniuntur
1092 3301 1120 3354 et
1135 3311 1171 3355 ex
1186 3310 1239 3353 sua
1260 3293 1357 3369 specie
1381 3309 1490 3369 genera

194 3393 337 3456 feminina
357 3393 455 3455 lacere
476 3402 613 3473 possunt,
641 3395 714 3456 haec
738 3396 840 3458 eadem
863 3415 971 3475 genera
997 3396 1135 3458 feminina
1164 3396 1193 3455 in
1217 3392 1396 3454 nominativo
1419 3410 1488 3452 casn

193 3496 312 3559 numeri
334 3494 492 3572 unguens
513 3515 610 3578 neque
634 3515 650 3556 3
670 3499 847 3559 nominativo
864 3516 933 3559 casu
956 3499 1073 3558 numeri
1095 3494 1252 3575 singularis
1273 3495 1392 3572 generis
1412 3512 1488 3553 mas·
1502 3509 1529 3551 33

193 3595 285 3659 culini
305 3613 361 3675 per
388 3595 528 3677 syllabam
551 3606 703 3667 crescunt,
733 3617 830 3679 neque
853 3608 921 3661 ante
942 3597 1224 3660 ultimamlitteram
1252 3614 1305 3675 per
1329 3595 1492 3675 geminatas

192 3704 394 3761 33333333133
415 3699 601 3772 scribuntur,
631 3720 687 3762 nec
713 3703 832 3777 generis
858 3703 1024 3763 communis
1049 3717 1113 3761 csse
1138 3700 1342 3768 inveniuntur;
1371 3704 1399 3758 et
1425 3696 1491 3756 ideo

192 3799 359 3885 hospitam,
386 3809 528 3881 utsupra
549 3803 689 3872 diximus,
712 3803 792 3884 quod
811 3803 945 3883 hospitus
967 3804 1053 3864 iaciat
1078 3803 1153 3862 ratio
1176 3819 1266 3880 supra
1289 3800 1413 3861 decursa
1440 3799 1491 3859 ‹le-

193 3901 302 3965 clarat.
1272 3925 1276 3931 ·

280 4004 355 4065 ltem
378 4005 406 4065 in
421 4002 477 4064 hac
498 4005 592 4065 forma
614 4007 826 4086 suprascripta
849 4007 1010 4085 quaeritur,
1034 4004 1071 4066 ah
1097 4025 1132 4066 3ο
1154 4005 1231 4085 quod
1252 4000 1332 4086 diluit
1346 4002 1491 4080 Vergilius
1504 4015 1529 4057 ss

194 4107 303 4187 ‘quin
335 4123 471 4185 aspera
501 4104 606 4167 lunn’
641 4105 688 4166 hic
709 4125 816 4186 asprus
846 4125 883 4167 an
906 4125 1030 4186 asperus
1063 4125 1100 4167 an
1125 4124 1212 4186 asper
1244 4107 1342 4167 lacere
1375 4103 1490 4165 dehent.

194 4224 289 4287 quare
309 4205 368 4268 hoc
388 4223 551 4276 monemus,
576 4206 655 4284 quod
674 4226 876 4290 quaecumque
899 4211 1018 4271 nomina
1041 4211 1159 4288 generis
1180 4208 1311 4269 seminini
1333 4225 1369 4266 ex
1392 4207 1490 4283 specie

193 4326 249 4370 sua
269 4306 413 4373 vocabula
435 4307 595 4369 masculina
624 4309 723 4372 lacere
753 4316 891 4391 ponunt,
922 4310 996 4372 haec
1023 4310 1127 4372 eadem
1154 4306 1295 4370 vocabula
1317 4305 1488 4372 masculina,

193 4410 273 4469 siin
296 4407 431 4491 quolibet
459 4429 529 4472 casu
557 4409 594 4471 ab
620 4411 713 4472 isdem
742 4412 910 4474 nominihus
937 4415 1055 4491 generis
1077 4411 1207 4473 seminini
1231 4410 1336 4471 minori
1365 4425 1490 4468 numero

195 4509 375 4592 syllabarum
399 4514 555 4574 constituta
575 4531 639 4574 csse
660 4515 864 4592 reperiuntur,
888 4513 963 4574 haec
982 4531 1142 4593 numquam
1162 4513 1191 4572 in
1214 4509 1345 4590 quolibet
1366 4528 1436 4570 casu
1459 4509 1489 4569 in
1503 4521 1530 4561 ⁴⁰
1640 4538 1645 4546 ,

264 4681 281 4735 6
298 4680 412 4749 pauper]
435 4683 514 4747 Verp.
532 4682 599 4734 Aen.
618 4685 641 4733 ll
660 4684 693 4734 lii
764 4685 878 4750 genitore
895 4684 919 4734 11
937 4690 1058 4750 genetore
1077 4681 1116 4734 B:
1137 4683 1216 4746 Verp.
1235 4679 1303 4730 Aeo.
1323 4677 1427 4730 1111111

194 4752 219 4874 {i
232 4749 466 4885 2331113ιὲᾰέιὲ
482 4753 515 4802 111
534 4753 586 4806 539
655 4754 827 4813 25333333·
844 4754 932 4804 necll
1007 4752 1042 4804 35
1059 4749 1204 4818 Vergilius]
1222 4749 1286 4802 Aen.
1309 4749 1390 4801 12111
1458 4746 1492 4799 39

1244 4904 1291 4967 6*
