3314 5506
216 404 258 467 60
805 398 918 461 l‘llOBl

269 533 288 572 ῃ,
304 519 348 561 ιιι.
359 518 384 560 co
399 519 426 559 n.
831 530 833 534 ·
1300 527 1320 569 p.
1335 514 1381 557 ιιι.
1392 516 1417 557 ιι
1430 512 1457 558 v.

216 591 241 652 si
264 591 292 651 ln
321 590 424 650 eodem
452 586 629 667 superlativo
657 586 750 666 marin
781 589 811 647 in
840 585 973 666 quolibet
998 603 1067 647 casu
1095 593 1163 648 ante
1189 585 1322 646 ultimam
1352 588 1415 648 sive
1442 593 1507 649 ante

218 691 334 752 ultimas
355 689 481 772 syllabas
502 691 529 749 ri
557 688 696 770 syllabam
719 688 829 749 babent
856 688 1042 749 constitutam
1070 693 1099 748 ct
1127 694 1251 767 possunt
1278 706 1313 748 ex
1335 704 1368 749 se
1391 689 1508 767 generis

217 790 370 853 masculini
392 793 508 870 positivi
529 790 639 869 gradus
661 790 760 852 lacere
783 791 910 859 nomina,
934 789 1057 850 eandem
1079 790 1106 849 ri
1126 788 1266 870 syllabam
1292 807 1360 851 cnm
1382 807 1509 870 sequen·
1542 848 1546 856 ,

217 893 295 955 tibus
321 893 425 955 litteris
453 894 592 954 omittunt
623 900 653 953 et
684 893 894 954 nominativum
927 908 1027 952 casum
1057 893 1175 951 numeri
1206 888 1363 968 singularis
1395 892 1511 967 generis

193 993 372 1060 emasculini
396 994 510 1073 positivi
531 993 656 1071 gradus,
678 993 787 1073 quibus
803 992 908 1054 litteris
928 993 1099 1062 definiatur,
1122 992 1294 1063 ostendunt,
1317 998 1350 1053 nt
1368 999 1441 1071 puta
1463 991 1511 1052 bic

217 1097 397 1174 nigerrimus
417 1094 462 1157 vel
484 1095 590 1156 barum
613 1097 839 1171 nigerrimamm
864 1101 914 1155 aut
934 1094 992 1155 boc
1012 1095 1204 1171 nigerrimum
1230 1093 1278 1154 bic
1298 1095 1384 1171 niger
1406 1094 1436 1152 in
1458 1109 1511 1171 po-

217 1199 301 1258 sitivo
327 1197 420 1276 gradu
447 1197 543 1259 lacere
570 1205 781 1259 monstrantur.
826 1214 906 1257 nnnc
932 1214 999 1257 cum
1028 1196 1106 1256 (licat
1129 1195 1233 1256 Cicero
1261 1196 1289 1256 in
1317 1196 1514 1256 frumentaria

218 1304 274 1360 ‘ut
296 1298 388 1360 odor
411 1299 555 1378 Aproni
577 1300 845 1368 taeterrimus’,
871 1299 973 1376 utique
988 1299 1048 1358 iam
1068 1296 1118 1357 bic
1132 1303 1235 1366 taeter,
1258 1312 1317 1356 non
1336 1295 1385 1357 bic
1399 1302 1514 1358 taetros

219 1399 318 1461 iacere
339 1402 558 1479 pronuntiatur.

181 1508 207 1566 io
304 1502 424 1588 ltemin
446 1503 502 1563 hac
521 1520 609 1582 supra
633 1501 701 1563 dicti
721 1504 840 1580 generis
862 1502 955 1562 forma
977 1500 1145 1580 praecitur,
1174 1517 1232 1578 qua
1254 1497 1291 1560 de
1317 1514 1405 1560 cansa
1429 1500 1516 1577 niger

219 1603 248 1664 ln
271 1603 404 1682 genetivo
427 1623 498 1665 casu
524 1605 640 1665 numeri
662 1603 819 1683 singularis
845 1620 898 1682 per
926 1601 1065 1682 syllabam
1095 1618 1155 1661 non
1178 1608 1292 1662 crescat
1321 1606 1351 1660 et
1375 1607 1462 1662 tener
1481 1602 1515 1662 ln

220 1705 355 1783 genetivo
390 1723 459 1767 casu
490 1706 606 1766 numeri
640 1706 797 1784 singularis
826 1723 881 1785 per
912 1703 1052 1784 syllabam
1086 1709 1208 1763 crescat.
1260 1701 1315 1762 bac
1344 1700 1382 1763 de
1414 1720 1515 1774 causa,

219 1807 360 1886 quoniam
387 1808 598 1888 cuiuscumque
618 1808 736 1885 generis
764 1809 883 1868 nomina
910 1805 1087 1866 nominativo
1113 1823 1183 1865 casu
1210 1805 1327 1865 numeri
1355 1801 1517 1883 singularis

220 1924 253 1968 er
272 1905 375 1968 litteris
396 1907 583 1983 definiuntur,
604 1915 727 1987 excepto
745 1909 876 1969 vocativo
899 1926 969 1968 casn
992 1907 1106 1967 numeni
1128 1904 1294 1983 singularis,
1317 1905 1342 1966 si
1361 1923 1416 1984 per
1434 1913 1516 1967 cele·

182 2032 206 2073 n
220 2025 270 2068 vos
290 2026 376 2069 casus
400 2009 429 2068 in
451 2009 552 2070 ultima
579 2009 622 2071 vel
646 2019 713 2070 ante
735 2009 867 2070 nltimam
890 2007 1030 2089 syllabam
1057 2026 1112 2086 per
1134 2008 1296 2085 geminatas
1317 2014 1517 2069 consonantes

219 2110 400 2180 scribuntur,
422 2128 581 2189 numquam
597 2128 614 2171 a
632 2112 809 2172 nominativo
830 2128 900 2171 casn
923 2112 1039 2170 numeri
1062 2107 1218 2187 singularis
1239 2111 1269 2170 in
1283 2115 1400 2196 ceteros
1416 2125 1515 2179 casus,

220 2219 344 2290 excepto
372 2213 507 2288 genetivo
537 2212 748 2273 casunumeri
777 2211 913 2291 pluralis,
945 2229 999 2291 per
1027 2209 1167 2291 syllabam
1196 2218 1350 2280 crescunt,
1384 2214 1417 2272 nt
1443 2217 1516 2289 puta

220 2314 304 2390 niger
326 2311 403 2390 nigri
425 2320 454 2374 et
474 2318 573 2374 cetera
595 2311 672 2374 talia.
717 2321 838 2376 atvero
861 2316 1071 2392 cuiuscumque
1092 2313 1208 2390 generis
1236 2314 1355 2372 nomina
1378 2313 1516 2373 nomina·

218 2413 278 2473 tivo
306 2430 376 2473 casu
411 2416 527 2475 numeri
554 2413 710 2494 singularis
739 2433 772 2476 er
803 2415 907 2476 litteris
940 2414 1119 2476 deliniuntur
1149 2420 1178 2474 ct
1204 2430 1260 2492 per
1288 2420 1406 2475 ceteros
1428 2430 1517 2476 casus

181 2534 207 2578 ιι
220 2515 249 2574 in
272 2513 371 2575 ultima
395 2514 440 2575 vel
462 2522 530 2577 ante
549 2515 680 2577 ultimam
703 2516 842 2596 syllabam
865 2534 920 2596 per
934 2514 1099 2594 singulares
1114 2500 1311 2576 consonantes
1330 2515 1516 2587 scribuntur,

220 2615 295 2677 bace
316 2634 336 2677 o
358 2618 536 2677 nominativo
558 2635 629 2678 casu
651 2619 767 2680 numeri
792 2617 966 2697 singularis,
997 2625 1121 2696 excepto
1145 2617 1274 2677 vocativo
1297 2633 1366 2677 casu
1395 2619 1516 2678 numeri

220 2717 384 2795 singularis,
408 2719 438 2778 ln
460 2727 574 2780 ceteros
592 2737 677 2781 casus
696 2739 750 2799 per
771 2719 911 2800 syllabam
936 2710 1082 2789 crescunt,
1106 2726 1227 2797 utputa
1252 2717 1301 2777 bic
1321 2724 1405 2779 tener
1426 2718 1516 2780 buius

220 2821 324 2883 teneri.
367 2823 411 2880 sic
435 2827 464 2881 ct
478 2816 492 2903 ss
507 2827 605 2881 cetera
636 2819 719 2890 talia,
752 2841 828 2902 quae
853 2821 1030 2881 nominativo
1056 2840 1125 2881 casu
1152 2819 1268 2881 numeri
1298 2818 1455 2898 singularis
1482 2838 1516 2881 er

220 2919 324 2982 litteris
347 2921 536 2991 deliniuntur,
555 2922 672 3009 quando
694 2942 710 2983 a
728 2922 905 2983 nominativo
927 2939 995 2982 casu
1012 2923 1129 2983 numeri
1150 2920 1306 2999 singularis
1328 2938 1383 2999 per
1398 2926 1515 2984 ceteros

181 3044 207 3084 rs
221 3030 308 3083 casus
329 3041 365 3084 cx
388 3021 496 3102 syllaba
519 3042 655 3086 anasceve
679 3024 803 3085 vel'non
824 3041 958 3086 crescere
978 3028 1093 3101 possint
1115 3025 1313 3102 reperiuntur.
1348 3022 1407 3083 boc
1428 3023 1514 3084 etiam

220 3140 384 3191 monemus,
407 3124 486 3203 quod
508 3125 538 3184 bi
558 3126 736 3195 nominativi,
761 3125 900 3205 aquibus
918 3127 1010 3187 ceteri
1030 3143 1115 3187 casus
1136 3144 1191 3205 per
1206 3123 1347 3204 syllabam
1364 3130 1512 3192 crescunt

220 3223 286 3305 plus
313 3224 441 3287 babeant
465 3231 615 3304 potestatis
642 3229 672 3287 in
701 3229 858 3288 structuris
887 3226 931 3288 vel
959 3228 1075 3297 metris,
1104 3246 1192 3308 qnam
1219 3225 1261 3286 illi
1288 3227 1474 3296 nominativi,
1496 3244 1513 3286 ιι

220 3326 328 3408 quibus
351 3328 441 3389 ceteri
459 3346 545 3390 casus
565 3346 619 3407 per
637 3327 777 3409 syllabam
802 3347 860 3390 non
878 3336 1025 3390 crescunt.
1053 3328 1105 3389 sed
1123 3329 1159 3389 oe
1177 3327 1341 3389 eorundem
1359 3334 1512 3407 potestate,

220 3448 287 3490 cnm
310 3428 345 3489 ad
368 3437 461 3490 metra
484 3431 548 3509 ipsa
566 3431 742 3502 venerimus,
763 3440 951 3509 conpetenter
972 3433 1172 3492 tractabimus.

181 3550 207 3592 so
305 3531 382 3592 Sanc
400 3532 486 3593 etiam
509 3531 567 3593 boc
589 3551 744 3595 monemus
766 3535 796 3595 in
811 3535 867 3595 bac
881 3535 976 3594 iorrna
996 3533 1113 3610 generis
1128 3529 1291 3601 masculini,
1315 3547 1372 3609 qua
1388 3529 1515 3592 diximus

220 3634 256 3705 in,
276 3634 400 3712 positivo
420 3629 426 3715 Ι
445 3633 539 3711 gradu
567 3636 745 3696 nominativo
774 3653 843 3695 casu
872 3637 987 3696 numeri
1016 3632 1173 3712 singularis
1203 3636 1320 3694 nomina
1349 3650 1382 3693 er
1412 3630 1516 3694 litteris

220 3733 350 3802 deliniri,
380 3733 459 3812 quod
487 3732 577 3817 [non]
601 3754 636 3796 ex
659 3755 692 3797 ea
721 3734 821 3816 plures
847 3740 928 3805 soni,
957 3734 986 3795 id
1015 3743 1059 3796 est
1086 3734 1210 3814 plurima
1238 3734 1373 3803 nomina,
1402 3734 1517 3812 possint

221 3833 363 3895 exbiberi.
410 3835 446 3896 de
468 3836 563 3896 lorma
592 3838 709 3914 generis
728 3835 896 3904 masculini,
928 3855 984 3915 qua
1015 3838 1043 3896 in
1067 3839 1189 3915 positivo
1212 3835 1306 3914 gradu
1334 3837 1516 3898 nominativo

221 3952 290 3995 casu
317 3937 434 3997 numeri
462 3934 621 4015 singularis
648 3938 766 3997 nomina
793 3955 826 3998 er
854 3935 958 3999 litteris
985 3937 1179 4006 deliniuntur,
1215 3956 1303 4018 quem
1329 3937 1366 3998 ad
1395 3937 1517 3998 modum

182 4052 209 4095 aa
222 4054 258 4097 er
277 4055 309 4098 sc
330 4038 545 4116 comparativus
567 4037 676 4116 gradus
698 4039 796 4100 lacere
814 4040 936 4118 possint,
959 4047 1100 4119 quantum
1123 4041 1198 4100 ratio
1224 4039 1379 4118 poscebat,
1408 4046 1518 4101 tracta·

221 4155 323 4199 vimus.

306 4239 347 4301 lle
368 4257 416 4327 ex.
461 4254 668 4320 quaecumque
686 4239 804 4303 nomina
830 4244 951 4317 generis
973 4242 1128 4304 masculini
1147 4245 1176 4303 in
1198 4244 1321 4321 positivo
1345 4242 1441 4320 gradu
1464 4261 1519 4304 no-

221 4343 360 4403 minativo
385 4359 454 4403 casu
488 4344 605 4405 numeri
632 4343 790 4422 singularis
818 4363 853 4406 ex
882 4344 987 4405 litteris
1020 4345 1216 4413 definiuntur,
1248 4347 1272 4406 si
1301 4346 1521 4424 comparativus

288 4477 688 4531 bdellniantnrltdellniantr
758 4475 1205 4532 7monstranturllmonstratnrr
1259 4477 1335 4546 nunc]
1358 4496 1417 4531 nam
1433 4481 1473 4530 Ro

220 4549 247 4597 iu
266 4547 440 4614 irumcntarie]
459 4551 484 4600 ιἰι
506 4552 585 4601 Verr.
605 4552 640 4600 lll
659 4551 685 4612 9,
704 4549 738 4602 23
790 4549 807 4602 8
827 4561 855 4600 ut
874 4554 968 4602 odoro
987 4553 1021 4601 Vi
1037 4553 1102 4602 odor
1120 4553 1143 4602 lt
1162 4559 1206 4600 aut
1224 4551 1287 4601 odor
1304 4549 1324 4599 ν’
1373 4550 1407 4602 10
1424 4566 1521 4616 supra-

220 4617 287 4668 dicte
303 4619 341 4670 lto
412 4619 442 4670 ll
464 4635 514 4670 non
533 4631 730 4670 crescetrnon
748 4621 904 4671 crescantlt
976 4622 1007 4671 ll
1025 4623 1048 4671 si
1066 4637 1113 4671 om.
1134 4623 1165 4683 it,
1186 4621 1281 4671 auur
1345 4620 1380 4671 20
1399 4622 1440 4671 vel
1458 4630 1521 4673 ante

220 4688 336 4738 ultimam
355 4706 370 4740 o
389 4690 504 4740 uetante
523 4691 732 4755 penultimamli
818 4691 850 4741 al
872 4690 1003 4743 com-Ro
1081 4691 1115 4740 23
1135 4693 1236 4742 sicum.
1256 4691 1294 4739 na
1366 4690 1400 4739 25
1419 4691 1522 4756 possint

220 4773 266 4808 on.
287 4758 325 4808 ne
413 4758 447 4810 29
465 4770 630 4827 conpetenter
646 4761 811 4811 tractabimus
828 4777 874 4811 orn.
894 4761 932 4811 Ilo
1038 4759 1072 4813 33
1093 4761 1126 4811 de
1142 4760 1226 4811 iorma
1244 4777 1258 4809 r
1275 4761 1307 4809 de
1324 4760 1449 4826 primall

222 4878 299 4927 qnae
317 4878 393 4928 quam
413 4864 436 4914 n
508 4863 541 4915 35
560 4840 798 4930 cx⁸⁰compuratinis
813 4865 837 4916 R
855 4881 887 4914 ex
905 4864 1117 4930 comparatinisr
