3314 5506
718 365 926 428 PRAEFATIO
1403 386 1465 433 nur

179 553 351 635 tribuitur3
373 554 408 618 in
429 552 502 617 aliis
524 552 683 617 Honorati
705 573 821 617 nomen
843 553 997 635 additum,
1019 556 1053 619 in
1075 556 1148 620 aliis
1170 580 1228 641 pro
1251 557 1354 622 llario
1376 558 1467 622 Mau-

178 678 235 720 rus
257 656 366 720 dictus
388 665 447 719 est.
471 665 505 720 et
524 656 683 721 Honorati
704 657 835 742 quidem
861 680 978 722 nomen
1005 659 1077 722 aliis
1100 659 1205 723 Servii
1234 659 1325 724 libris
1353 661 1466 726 confir·

177 767 301 840 matur,
325 757 368 822 de
389 757 494 823 Mario
516 766 549 821 et
568 757 682 822 Mauro
705 760 856 844 quoniam
878 761 911 823 in
932 763 1160 849 commentario
1181 761 1367 845 Vergiliano
1390 785 1467 848 quo-

177 881 240 946 que
262 859 380 925 eadem
401 859 557 925 librorum
579 863 891 947 manuscriptorum
913 861 1133 948 discrepantia
1159 873 1222 943 est,
1253 886 1358 950 neque
1388 864 1467 929 mihi
1496 938 1500 946 .

177 975 318 1044 constat,
341 974 452 1028 utrum
472 985 590 1028 nomen
611 965 788 1048 genuinum
809 966 867 1045 sit,
895 965 1008 1051 optimi
1029 964 1149 1030 codicis
1172 967 1396 1032 auctoritatem
1418 989 1466 1030 se·

178 1067 234 1151 qui
255 1087 323 1130 non
346 1064 507 1130 dubitavi.
531 1075 628 1151 atque
649 1067 734 1131 hunc
755 1068 862 1152 ipsum
884 1088 955 1130 esse
977 1066 1126 1132 Servium
1151 1067 1257 1147 illum,
1285 1090 1380 1154 quem
1401 1074 1467 1134 Ma-

179 1168 309 1232 crobius
332 1167 516 1253 loquentem
537 1167 626 1250 facit,
649 1169 776 1233 nomine
798 1168 927 1250 Albini,
955 1169 997 1233 ad
1024 1191 1121 1255 quem
1143 1169 1225 1234 liber
1247 1170 1385 1255 scriptus
1408 1179 1467 1250 est,

180 1270 318 1335 indicari
339 1280 538 1356 putaverunt
560 1270 717 1336 Seldenus
740 1281 772 1335 et
793 1271 910 1335 Bosius
932 1270 953 1335 l.
976 1293 1004 1335 e.
1026 1293 1102 1334 nam
1124 1294 1197 1335 eum
1219 1294 1283 1336 non
1304 1272 1468 1336 diversum

181 1394 250 1436 esse
270 1371 449 1437 voluenmt
470 1395 489 1437 a
511 1372 652 1439 Caecina
664 1373 795 1453 Albino,
818 1394 914 1459 quem
935 1372 1122 1438 Macrobius
1144 1373 1212 1439 Sat.
1235 1375 1252 1439 I
1274 1383 1309 1454 2,
1333 1383 1372 1443 15
1394 1396 1467 1439 cum

183 1474 296 1538 Servio
323 1476 510 1539 venientem
537 1485 569 1540 et
596 1497 779 1540 sermonum
806 1474 936 1540 illorum
961 1476 1152 1561 participem
1177 1476 1314 1540 inducit.
1343 1478 1377 1540 in
1405 1500 1468 1563 quo

181 1575 259 1642 illud
279 1599 346 1641 non
375 1576 686 1657 animadverterunt,
716 1578 744 1641 si
771 1577 866 1642 modo
888 1587 975 1641 recte
997 1578 1164 1663 utriusque
1183 1578 1323 1643 rationes
1344 1578 1469 1644 Macro-

182 1678 251 1744 bius
275 1677 459 1764 descripsit,
482 1679 523 1743 de
545 1682 616 1766 ipso
632 1680 772 1745 Caecina
786 1679 907 1745 Albino
929 1680 1066 1763 cogitari
1087 1702 1151 1744 non
1171 1702 1276 1766 posse,
1299 1690 1470 1766 propterea

183 1781 265 1868 quod
287 1782 318 1845 is
340 1781 444 1846 maior
465 1791 545 1847 natu
566 1782 630 1847 fuit
650 1805 748 1869 quam
771 1781 918 1861 Servius,
946 1804 1020 1846 cum
1042 1781 1124 1845 liber
1145 1781 1185 1845 de
1207 1791 1337 1846 centum
1357 1783 1469 1847 metris

184 1883 221 1948 ad
241 1882 403 1948 Albinum
424 1907 561 1969 puerum
582 1883 635 1948 vel
658 1884 893 1950 adulescentem
915 1885 1054 1970 scriptus
1078 1883 1129 1946 sit.
1160 1884 1218 1948 scd
1245 1884 1321 1970 quia
1342 1894 1469 1970 patrem

186 1996 214 2050 et
233 2008 334 2049 arum
355 1985 543 2050 Albiniani
565 1985 662 2050 laude
690 1985 855 2051 doctrinae
882 1984 1031 2050 floruisse
1059 1984 1191 2050 Servius
1218 1985 1346 2067 scribit,
1374 1986 1469 2051 relin-

187 2089 292 2173 quitur
318 2095 357 2151 ut
377 2085 421 2152 ad
446 2086 550 2152 filium
571 2086 624 2153 vel
645 2099 794 2174 nepotem
817 2087 976 2153 Caecinae
997 2085 1111 2151 Albini
1132 2088 1275 2173 scriptus
1295 2110 1365 2152 esse
1387 2087 1470 2153 liber

187 2190 320 2256 dicatur.
339 2187 423 2254 alius
444 2189 486 2254 de
508 2200 577 2256 arte
599 2191 734 2255 metrica
754 2190 846 2271 liber,
868 2194 923 2276 qui
945 2188 986 2253 de
1007 2190 1117 2254 metris
1132 2188 1320 2254 Horatianis
1336 2189 1377 2254 ad
1392 2191 1469 2254 For·
1581 2250 1584 2258 .

188 2293 386 2358 tunatianum
409 2292 548 2377 scriptus
570 2303 628 2375 est,
651 2294 685 2357 in
699 2293 847 2356 Parisino
869 2291 989 2373 codice,
1012 2314 1053 2355 cx
1075 2313 1138 2377 quo
1161 2313 1234 2354 eum
1249 2290 1369 2358 librum
1383 2316 1469 2358 nunc

187 2395 323 2480 primum
344 2393 447 2476 edidi,
477 2394 591 2459 Servio
617 2395 782 2463 tribuitur.
814 2395 846 2459 in
875 2395 988 2460 eodem
1015 2393 1126 2460 codice
1152 2402 1261 2458 autem
1282 2404 1357 2480 post
1377 2393 1469 2459 illum
1593 2423 1595 2426 ⁴

188 2495 301 2562 librum
323 2496 455 2561 brevior
476 2496 518 2561 de
539 2497 652 2561 codem
674 2507 864 2582 argumento
886 2498 1136 2562 commentarius
1158 2497 1340 2581 subscripto
1364 2496 1469 2563 Servii

188 2599 312 2663 nomine
332 2597 358 2662 f.
380 2605 421 2667 40
443 2598 573 2683 legitur.
595 2599 651 2684 qui
673 2621 747 2664 eum
768 2599 848 2664 nihil
869 2601 947 2664 novi
968 2600 1133 2664 contineat
1153 2620 1260 2685 neque
1281 2600 1389 2662 omnia
1403 2599 1469 2662 Ho-

188 2701 256 2765 ratii
277 2701 423 2765 carmina
443 2698 680 2787 conplectatur,
708 2723 729 2766 a
755 2723 806 2765 me
834 2700 940 2767 editus
966 2725 1032 2766 non
1060 2710 1120 2764 est.
1150 2702 1187 2765 in
1210 2710 1347 2786 utroque
1369 2702 1469 2785 igitur

190 2801 267 2868 libro
289 2824 375 2891 quae
396 2803 440 2868 sit
460 2805 637 2868 auctoritas
659 2802 796 2868 nominis
819 2802 941 2885 Servii,
963 2805 1128 2869 nonsatis
1150 2812 1339 2890 conpertum
1362 2814 1421 2867 est.

264 2905 540 2972 Commentarium
561 2905 595 2970 in
616 2906 797 2987 Donatum,
825 2928 889 2993 quo
912 2905 1044 2971 Servius
1072 2905 1196 2991 primus
1224 2907 1366 2970 omnium
1388 2905 1469 2971 celc-

188 3007 354 3073 berrimam
387 3008 577 3094 antiquioris
610 3009 813 3093 grammatici
852 3019 970 3090 artem,
1012 3019 1048 3073 ut
1079 3008 1223 3088 videtur,
1264 3019 1469 3093 exposuerat,

188 3119 217 3174 et
235 3109 422 3176 Priscianus
445 3109 607 3196 adscripto
630 3111 758 3175 nomine
780 3109 886 3174 Servii
908 3110 1023 3174 citavit
1043 3110 1145 3175 instit.
1168 3111 1184 3174 I
1207 3133 1239 3196 p.
1263 3120 1292 3190 8,
1322 3121 1360 3180 15
1384 3110 1467 3174 conl.

188 3211 272 3279 Serv.
295 3218 418 3299 ρ.422,
438 3221 489 3292 15,
511 3222 545 3276 et
565 3213 777 3298 grammatici,
800 3213 855 3298 qui
877 3222 951 3298 post
973 3234 1046 3275 eum
1067 3212 1102 3275 in
1123 3212 1245 3275 Donati
1267 3211 1349 3276 libro
1372 3214 1468 3277 inter·

188 3314 339 3399 pretando
362 3336 494 3398 operam
516 3315 775 3396 conlocaverunt,
792 3337 889 3401 saepe
911 3313 1138 3380 adhibuerunt.
1161 3336 1236 3378 nam
1251 3313 1362 3394 multa,
1385 3337 1469 3399 quae

187 3415 300 3482 abillo
322 3416 446 3501 scripta
466 3426 568 3496 erant,
591 3440 664 3482 cum
686 3427 764 3503 apta
785 3438 856 3481 esse
877 3415 1065 3480 viderentur
1087 3415 1129 3481 ad
1151 3425 1326 3501 praecepta
1346 3416 1469 3480 Donati

187 3518 375 3605 explicanda
395 3528 429 3583 et
450 3519 640 3605 supplenda,
663 3530 776 3605 postea
797 3521 831 3583 in
853 3518 933 3582 alios
956 3517 1072 3598 libros,
1101 3519 1157 3604 qui
1183 3519 1217 3581 in
1239 3517 1353 3584 eodem
1375 3540 1469 3601 argu-

186 3631 287 3686 mento
309 3620 535 3702 versabantur,
557 3620 715 3685 translata
737 3629 822 3685 sunt.
845 3643 888 3684 ex
908 3619 970 3685 hoe
991 3641 1109 3704 genere
1131 3630 1206 3684 sunt
1228 3620 1293 3684 duo
1315 3620 1390 3685 libri
1413 3642 1469 3684 ex·

186 3721 403 3807 planationum
424 3723 458 3786 in
480 3722 646 3788 Donatum
668 3744 710 3786 ex
731 3721 914 3788 Lavantino
936 3722 1047 3787 codice
1069 3721 1157 3803 editi,
1186 3723 1220 3787 in
1242 3723 1360 3809 quibus
1383 3731 1470 3787 utra·

186 3847 242 3911 que
263 3824 389 3889 Donati
410 3846 464 3888 ars
485 3825 534 3889 ita
555 3825 703 3911 exposita
723 3833 786 3906 est,
815 3834 852 3888 ut
882 3846 993 3888 eorum
1014 3846 1098 3910 quae
1121 3823 1254 3889 Servius
1285 3826 1470 3911 scripserat,

187 3929 321 3992 maxime
343 3927 377 3991 in
399 3927 523 3991 minore
545 3936 625 4008 arte,
647 3927 730 3991 ratio
752 3925 936 3993 haberetur.
960 3936 1087 3992 etcum
1109 3925 1263 4012 pleraque
1283 3948 1349 3992 non
1370 3927 1471 3991 nomi-

186 4040 255 4093 nato
277 4037 410 4094 auctore
432 4037 563 4114 recepta
584 4030 658 4110 sint,
680 4039 749 4094 tum
770 4030 806 4093 in
826 4031 866 4094 iis
889 4051 972 4115 quae
995 4028 1128 4094 Servius
1150 4029 1333 4115 praeceptis
1347 4028 1470 4093 Donati

188 4130 353 4196 addiderat
379 4153 412 4216 p.
436 4138 513 4209 408,
545 4137 585 4200 36
611 4131 714 4217 ipsius
743 4131 862 4194 mentio
889 4129 978 4195 faeta
1006 4140 1056 4195 est
1077 4153 1108 4216 p.
1132 4136 1210 4210 496,
1238 4137 1279 4198 26
1306 4135 1472 4194 huessant

187 4254 259 4312 cuae
281 4237 419 4298 Bonam
446 4238 477 4295 ia
500 4239 605 4311 prima
630 4244 722 4313 parte
749 4239 860 4297 urtiwn
889 4239 1050 4306 tractavi&
1082 4237 1157 4296 hoec
1183 4236 1327 4311 maculer
1347 4235 1472 4296 Servius

187 4341 369 4400 extrinsecus
395 4339 531 4398 dictauit.
566 4343 736 4418 praeterea
768 4335 1016 4399 commentarius
1045 4333 1085 4398 de
1112 4333 1235 4398 ultimis
1264 4332 1413 4418 syllabis,
1443 4334 1470 4396 is

188 4459 277 4520 quem
298 4435 405 4520 Sergii
433 4436 563 4500 nomine
590 4437 781 4522 inscriptum
803 4438 838 4500 in
859 4436 986 4500 duobus
1014 4435 1180 4501 codicibus
1209 4457 1379 4521 superesse
1401 4435 1471 4500 dixi

188 4559 215 4621 p.
228 4537 334 4619 XLV,
355 4545 508 4621 receptus
524 4548 574 4602 est
587 4561 620 4624 p.
636 4547 708 4617 512,
732 4545 771 4606 12
794 4546 912 4618 etsta,
935 4546 986 4606 25.
1009 4537 1084 4602 hine
1106 4537 1235 4602 videtur
1256 4536 1378 4602 factum
1401 4559 1472 4601 esse

189 4637 295 4703 atille
317 4639 417 4720 liber,
445 4640 593 4725 quamvis
615 4663 635 4703 a
656 4649 767 4703 vetere
790 4638 895 4704 Servii
916 4642 1145 4705 commentario
1169 4662 1299 4724 prorsus
1323 4639 1471 4704 diversus

190 4750 277 4820 esset,
299 4751 407 4806 tamen
423 4740 530 4805 Servii
552 4741 604 4805 vel
621 4741 726 4825 Sergii
748 4764 863 4806 nomen
885 4740 1037 4806 traheret.
1060 4742 1223 4806 enimvero
1245 4740 1414 4827 deServio
1439 4751 1473 4804 et

190 4839 298 4926 Sergio
319 4864 382 4908 non
402 4843 440 4908 in
453 4841 515 4908 hoc
529 4843 612 4909 libro
627 4853 754 4909 tantum
767 4843 894 4910 codices
910 4843 1105 4930 discrepant,
1128 4845 1186 4910 sed
1201 4844 1313 4911 eadem
1333 4845 1471 4912 nominis
