3314 5506
439 402 636 466 INSTlTV'l'll
658 404 799 467 ARTIVM
821 405 989 467 671-684
1304 406 1362 465 147

115 531 138 572 p.
152 518 200 560 m.
210 518 239 562 78
251 518 280 560 R·
1143 535 1165 574 p.
1179 520 1268 562 870-72
1283 519 1311 562 V.

63 607 258 651 commovere
279 591 484 659 inveniuntur,
504 598 574 652 tuuc
596 610 667 653 suae
689 594 841 670 potestatis
864 610 928 655 esse
950 591 1166 670 intellegantur.
1212 591 1249 652 de
1272 593 1362 652 iuter·

62 693 203 762 lectione,
228 699 370 772 quantum
392 694 468 754 ratio
491 693 641 774 poscebat,
664 695 860 755 tractavimus.

527 931 576 992 DE
599 930 907 992 PRAEPOSITIONE.
1001 927 1004 933 ’

150 1100 334 1178 Praepositio
361 1106 406 1161 est
432 1118 502 1179 pars
523 1103 672 1163 orationis.
718 1102 952 1180 praepositiones
979 1108 1048 1161 sunt
1068 1117 1194 1160 numero
1217 1102 1361 1180 quinqua·

62 1205 144 1281 ginta
176 1203 318 1282 quinque.
363 1219 398 1263 ex
429 1201 476 1263 bis
510 1201 636 1264 tributae
669 1211 738 1263 sunt
768 1204 935 1263 accrrsatiro
968 1203 1050 1262 casui
1080 1219 1204 1263 numero
1232 1203 1360 1282 triginta,
1388 1227 1400 1266 s

62 1303 195 1366 ablativo
217 1303 402 1384 quindecim,
425 1306 572 1383 utrisque,
603 1305 632 1365 id
656 1311 699 1365 est
721 1308 887 1366 accusativo
910 1311 939 1365 et
961 1304 1102 1374 ablatiro,
1132 1323 1257 1366 numero
1278 1313 1363 1385 quat·

64 1418 145 1476 tuor,
168 1404 305 1486 loquellis
327 1424 453 1467 numero
478 1423 539 1468 sex.

150 1508 392 1588 Praepositiones
413 1525 538 1569 numero
560 1507 654 1578 XXX,
679 1527 754 1587 quae
777 1510 943 1571 accusativo
964 1511 1044 1571 casui
1066 1510 1196 1571 tributae
1217 1518 1302 1570 sunt:
1327 1509 1363 1571 ad

64 1612 209 1679 domurn,
238 1610 316 1690 apud
346 1612 488 1680 amicum,
517 1620 584 1671 ante
606 1608 772 1690 temlJplum,
801 1609 955 1673 adversum
978 1611 1107 1681 bostem,
1136 1614 1179 1672 cis
1202 1611 1361 1682 Oceanum,

64 1714 140 1774 citra
161 1718 235 1781 acta,
258 1712 369 1773 circum
391 1728 519 1780 murum,
542 1714 620 1773 circa
641 1714 775 1790 patriam,
798 1721 900 1775 contra
921 1721 1066 1783 montem,
1093 1732 1164 1793 erga
1185 1732 1254 1786 nos,
1278 1722 1360 1776 extra
1377 1732 1403 1773 ro

64 1832 126 1883 vos,
150 1816 229 1875 inter
243 1832 355 1883 omnes,
377 1814 454 1875 inira
475 1813 623 1892 palatium,
644 1817 721 1874 iutra
745 1833 858 1889 manus,
882 1816 960 1876 iuxta
983 1815 1135 1893 parietem,
1159 1815 1197 1876 ob
1213 1818 1361 1887 meritum,

64 1934 159 1995 penes
186 1923 341 1987 auctores,
371 1934 427 1997 per
448 1934 567 1985 servos,
599 1913 703 1997 prolpe
730 1917 856 1987 ltaliam,
890 1925 1014 1997 propter
1041 1917 1207 1987 dominum,
1242 1927 1363 1998 praeter

63 2019 233 2089 inimicum,
262 2026 329 2096 post
349 2017 463 2088 rillam,
489 2036 567 2096 pone
589 2017 725 2087 dorsum,
749 2019 912 2082 secundum
936 2020 994 2090 ius,
1017 2019 1246 2089 transflumen,
1271 2038 1363 2099 supra

64 2127 193 2189 tectum,
218 2117 295 2180 ultra
318 2119 410 2188 rires,
431 2138 525 2200 usque
548 2138 663 2189 arcum,
688 2139 774 2182 secus
793 2123 1002 2200 municipium,
1033 2123 1151 2183 circiter
1172 2141 1275 2183 annos.
1320 2125 1363 2184 sic

63 2230 93 2284 et
110 2224 143 2283 in
160 2221 227 2284 aliis
244 2221 413 2283 nominibus
434 2221 479 2282 rel
499 2222 725 2300 pronominibus
747 2222 791 2284 rel
814 2223 975 2303 participiis
997 2241 1049 2285 seu
1068 2226 1184 2285 numeri
1205 2223 1362 2302 singularis
1376 2240 1401 2280 rs

61 2328 126 2384 sive
151 2327 285 2401 pluralis
313 2326 432 2402 triginta
462 2324 669 2402 supradictae
698 2327 932 2404 praepositiones
961 2334 1084 2404 propter
1113 2326 1245 2404 integros
1273 2344 1364 2387 sonos

61 2427 241 2487 accusativis
263 2424 379 2486 casibus
401 2444 522 2487 necesse
544 2432 640 2487 estut
662 2426 869 2505 respondeant.

151 2528 390 2607 Praepositionas
409 2545 533 2589 numero
551 2526 609 2596 XV,
631 2546 707 2606 quae
730 2528 853 2589 ablativo
874 2530 955 2590 casui
978 2529 1105 2590 tributae
1124 2535 1207 2591 sunt:
1232 2528 1361 2600 adorno,

61 2632 100 2693 ab
123 2630 230 2700 amico,
253 2629 357 2691 abste
382 2637 504 2700 tautum,
529 2629 640 2709 absque
663 2629 758 2699 nobis,
782 2650 849 2692 cum
872 2633 990 2700 nostris,
1014 2648 1115 2692 coram
1140 2629 1361 2702 contubernale,

61 2733 141 2794 clam
163 2741 259 2812 patre,
278 2731 316 2793 de
338 2730 466 2801 cellario,
493 2752 510 2792 c
535 2732 609 2802 loro,
633 2752 668 2793 ex
692 2733 828 2801 denariis,
853 2751 907 2811 pro
930 2734 1032 2802 lratre,
1055 2750 1126 2812 prae
1146 2742 1242 2803 metu,
1263 2733 1360 2812 palam
1373 2746 1399 2789 ro

60 2834 215 2905 omnibus,
234 2835 298 2895 sine
321 2832 422 2902 nobis,
444 2840 533 2895 tenus
554 2853 634 2896 rure.
679 2836 720 2894 sic
742 2843 770 2895 et
791 2836 821 2895 in
843 2833 905 2895 aliis
926 2834 1095 2897 nominibus
1122 2843 1152 2896 et
1179 2836 1361 2914 pronomini·

61 2938 120 2998 bos
140 2934 185 2998 rel
199 2936 362 3016 participiis
379 2953 432 2996 seu
448 2937 563 2997 numeri
578 2935 735 3012 singularis
757 2938 817 2998 sive
835 2935 957 3014 pluralis
972 2937 1139 3016 quindecim
1161 2954 1250 3016 supra
1267 2937 1361 2997 dictae

61 3040 301 3118 praepositiones
326 3045 451 3117 propter
473 3039 603 3116 integros
631 3055 720 3101 sonos
742 3037 875 3099 ablativis
898 3037 1015 3100 casibus
1044 3056 1166 3101 necesse
1188 3045 1232 3099 est
1260 3046 1294 3098 ut
1314 3056 1362 3098 re·

61 3139 240 3219 spondeant.

147 3241 389 3320 Praepositiones
410 3259 537 3302 numero
556 3241 624 3311 llll,
652 3258 729 3320 quae
758 3243 889 3322 utrisque
913 3241 1045 3310 casibus
1076 3241 1103 3302 id
1127 3247 1171 3302 est
1194 3242 1358 3302 accusativo
1373 3254 1399 3295 as

63 3354 92 3405 et
112 3343 252 3413 ablativo,
276 3341 402 3403 tributae
423 3348 505 3403 sunt:
529 3344 557 3402 in
579 3343 634 3405 sub
657 3361 749 3423 super
768 3343 880 3404 subter.
925 3360 1005 3403 nunc
1027 3344 1189 3421 quaeritur,
1213 3360 1300 3420 qirem
1321 3342 1357 3402 ad

64 3446 185 3508 modum
211 3444 269 3506 bae
289 3462 378 3522 supra
398 3443 493 3504 dictae
515 3451 653 3524 quattuor
672 3446 905 3524 praepositiones
928 3443 1092 3505 accusativo
1111 3444 1191 3505 casui
1220 3451 1249 3504 et
1270 3460 1358 3522 quem

62 3546 244 3609 admodum
268 3543 393 3605 ablativo
416 3547 497 3605 casui
523 3546 730 3625 respondeant.
776 3565 867 3625 quare
888 3542 944 3607 boc
968 3564 1137 3617 monemus,
1166 3553 1212 3615 ut,
1240 3544 1358 3626 quando

62 3667 118 3709 nos
138 3648 241 3728 aliquo
254 3648 299 3708 ire
315 3645 359 3708 rel
380 3649 437 3709 isse
452 3646 497 3707 rel
518 3649 610 3709 ituros
631 3667 695 3710 esse
714 3648 920 3728 significamus,
943 3667 997 3727 per
1020 3648 1137 3709 easdem
1160 3664 1248 3724 supra
1265 3646 1358 3707 dictas
1386 3684 1391 3691 ·

61 3751 300 3830 praepositiones
314 3749 486 3810 accusativis
501 3749 617 3810 casibus
632 3750 873 3828 respondeamus,
896 3757 929 3811 ut
943 3759 1012 3830 puta
1035 3753 1111 3827 ‘quo
1125 3749 1169 3809 ist
1185 3751 1215 3809 in
1231 3746 1327 3808 villam
1335 3751 1356 3817 ’,
1372 3758 1398 3800 ω

61 3852 141 3932 ‘quo
161 3851 258 3913 ieras?
284 3851 315 3911 in
337 3849 462 3922 rillam',
490 3851 566 3930 ‘quo
598 3853 694 3914 iturus
720 3853 769 3914 es?
797 3854 827 3912 in
850 3851 982 3920 rillam’;
1011 3858 1132 3913 atvero
1160 3849 1280 3928 quando
1304 3865 1359 3908 nos

60 3952 173 4016 alicubi
202 3968 269 4015 csse
299 3950 344 4013 rel
371 3952 460 4013 luisse
489 3952 535 4013 rel
560 3953 676 4015 loturos
703 3971 767 4015 esse
792 3955 1005 4033 significamus,
1039 3971 1094 4033 per
1121 3952 1240 4013 easdem
1268 3968 1358 4029 supra

60 4056 156 4117 dictas
184 4054 417 4134 praepositiones
444 4053 575 4116 ablativis
597 4056 714 4117 casibus
739 4057 988 4134 respondeamus,
1019 4062 1050 4115 ut
1073 4061 1143 4135 puta
1165 4052 1235 4114 ‘ubi
1255 4052 1306 4114 esl
1328 4053 1358 4111 in

60 4155 210 4226 basilica’,
238 4154 310 4217 ‘ubi
338 4154 436 4216 luisti?
461 4154 492 4216 in
520 4155 668 4226 basilica’,
701 4157 769 4218 ‘ubi
791 4157 910 4217 loturus
931 4157 980 4217 es?
1009 4158 1037 4217 iu
1066 4155 1213 4217 basilioa'.
1229 4150 1300 4238 usic
1330 4161 1360 4213 et

60 4258 118 4321 snb
140 4267 170 4322 et
190 4274 282 4338 super
304 4262 336 4320 et
356 4255 459 4317 subter
480 4257 715 4336 praepositiones
736 4259 766 4318 in
781 4259 839 4318 boc
861 4265 891 4318 et
912 4260 940 4318 iu
964 4257 1027 4318 aliis
1046 4255 1216 4317 nominibus
1238 4262 1266 4316 et
1286 4271 1355 4332 pro·
1369 4263 1395 4305 ὅ

59 4359 232 4423 nominibus
252 4358 300 4423 rel
322 4357 497 4440 participiis,
527 4359 645 4439 quando
675 4361 846 4421 accusativis
874 4368 903 4420 et
930 4359 1049 4439 quando
1081 4358 1223 4419 ablativis·
1239 4355 1357 4417 casibus

59 4462 244 4544 respondere
272 4461 416 4533 debeant,
444 4480 480 4523 ex
503 4462 692 4541 supradicto
720 4468 879 4540 praecepto
905 4459 1137 4522 considerandae
1164 4465 1241 4520 sunt.
1285 4458 1356 4518 item

132 4666 146 4718 1
166 4666 347 4735 intellegantur
360 4682 377 4716 r
391 4665 591 4733 intellegaturB
613 4665 794 4732 intellegantur
808 4666 828 4715 B
880 4666 896 4714 4
914 4664 1100 4728 quinquaginta
1111 4656 1234 4728 quinque]
1253 4661 1355 4712 cledon.

55 4755 85 4803 p.
106 4736 186 4790 1933.
206 4736 317 4801 Pompei.
336 4752 364 4800 p.
382 4736 434 4787 409
538 4736 554 4785 7
570 4735 690 4800 loquellis
708 4736 731 4785 il
750 4733 897 4798 loquillares
916 4733 941 4783 B
1032 4735 1061 4783 12
1081 4749 1127 4799 per
1147 4747 1235 4783 seruos
1253 4731 1294 4781 Br
1310 4745 1358 4797 per

57 4822 151 4858 cenos
169 4804 194 4856 R
246 4807 279 4860 la
295 4806 402 4857 dorsum
418 4805 443 4855 n
461 4804 553 4855 dorsus
571 4805 597 4855 B
667 4805 700 4857 16
718 4807 773 4856 sire
791 4804 897 4871 pluralis
918 4817 964 4853 om.
984 4800 1042 4866 RB,
1066 4803 1127 4853 odd.
1148 4820 1163 4851 r
1234 4800 1266 4851 18
1285 4800 1356 4850 casui

56 4876 209 4930 riman
276 4875 578 4928 dlierasBiterasR

1091 4956 1156 5018 10⁸
