3314 5506
182 417 255 464 amr
724 401 933 464 PRAEFATIO

176 603 266 669 posse
286 595 419 668 compatri
438 593 486 650 acl
505 607 545 650 aa
573 608 633 650 aaa
656 593 862 666 iatcltepcadis
885 591 959 663 (boc
980 594 1101 652 stultam
1123 597 1181 667 cst)
1204 596 1251 653 ((1
1277 612 1316 653 ca
1346 597 1450 668 iatcpr

182 698 228 755 acl
249 713 289 754 ca
311 695 478 768 corruptis:
500 688 597 752 Proh.
613 689 714 752 instit.
731 697 787 768 53,
812 697 862 759 18.
893 689 980 775 quod
995 688 1167 776 Pompeias
1183 713 1214 774 p.
1233 698 1294 760 326
1310 691 1351 755 de
1365 690 1450 755 Proh

182 792 308 871 retulit,
333 794 406 867 sero
434 796 574 868 dicimus,
600 794 689 867 ferai
714 811 800 854 acmo
827 797 917 868 dicit,
950 795 1033 869 qaod
1059 802 1185 871 temptat
1212 797 1328 856 Probas
1355 805 1449 856 motat

182 900 238 958 boc
260 899 373 973 ipsam,
403 904 436 956 at
465 898 551 956 dicas
574 895 648 969 scra
670 897 740 956 tali:
769 897 823 956 sed
842 899 871 956 si
892 895 965 968 sero
987 899 1044 956 tali
1066 896 1162 971 facit,
1193 900 1265 958 tollo
1287 901 1361 972 qaid
1382 900 1448 958 baia

182 1003 318 1075 diceret,
342 995 484 1059 dubitari
505 1002 626 1079 potest,
649 1001 758 1058 utrum
781 1015 823 1058 ex
845 993 1011 1059 catholicis
1034 1001 1084 1075 39,
1100 1004 1119 1065 6
1135 996 1273 1080 petitum
1295 997 1351 1076 sit,
1374 1019 1448 1061 ana

182 1121 221 1163 ea
243 1099 418 1182 pertineat,
442 1118 525 1182 quae
540 1096 647 1160 Probo
670 1108 801 1162 auctore
816 1096 990 1160 Diomedes
1008 1104 1084 1176 380,
1109 1107 1144 1165 11
1171 1105 1299 1178 (1372,
1323 1106 1342 1165 2
1365 1099 1447 1184 dispt

182 1200 274 1265 tavit.
319 1199 360 1262 ad
389 1197 525 1262 eundem
556 1197 662 1262 locum
688 1200 829 1283 pertinet
851 1197 942 1281 Serg.
967 1195 1130 1284 explanat.
1161 1199 1195 1261 in
1216 1199 1303 1262 Dan.
1326 1208 1404 1280 557,
1435 1211 1447 1268 1

183 1307 300 1365 Probas
326 1322 386 1364 aaa
408 1306 513 1381 posuit
540 1307 663 1380 saffcro.
707 1321 772 1363 non
799 1305 902 1384 magis
936 1301 1061 1364 incerta
1092 1322 1143 1363 res
1171 1310 1221 1364 est
1249 1301 1289 1366 de
1317 1299 1446 1366 Oledori

183 1426 214 1488 p.
240 1410 318 1472 1861
345 1407 459 1465 Probra
483 1414 511 1464 (1
540 1408 641 1465 Varro
663 1406 742 1489 alter
762 1421 864 1464 earam
887 1409 917 1465 ia
941 1408 1017 1466 claas
1041 1401 1250 1486 (alterautram
1273 1425 1370 1469 nouas
1391 1426 1445 1468 cor

183 1510 262 1567 atter
283 1525 386 1567 coram
406 1510 437 1567 ia
453 1508 531 1567 duas
545 1501 631 1587 eod.)
650 1514 758 1582 partes
779 1509 883 1567 scribit
904 1515 933 1566 ct
954 1510 1088 1583 retipaas
1109 1509 1258 1569 subiectas
1275 1507 1372 1584 facit,
1396 1512 1445 1570 ait·

183 1614 213 1670 ia
235 1617 389 1686 quattuor,
413 1616 509 1684 prout
530 1611 653 1684 quisquc
668 1611 770 1685 patait
791 1612 902 1669 scatirc
924 1616 956 1670 et
977 1628 1009 1690 p.
1035 1615 1115 1677 1874
1138 1628 1209 1670 nam
1231 1612 1347 1672 Probas
1368 1621 1397 1672 (1
1417 1613 1444 1672 S

181 1714 268 1772 birras
289 1715 332 1772 sic
354 1713 456 1772 voluat
478 1712 630 1771 declinari
649 1714 813 1787 optativam
832 1729 889 1788 pcr
910 1714 1031 1786 siapala
1054 1719 1206 1789 tempora,
1236 1717 1383 1789 quomodo
1404 1733 1443 1775 ca

182 1817 354 1875 iaactivam.
399 1831 474 1873 nam
497 1808 553 1872 illa
575 1809 615 1873 de
639 1810 786 1895 partibus
809 1811 980 1889 orationis,
1004 1811 1029 1873 si
1053 1810 1147 1875 modo
1170 1813 1298 1896 integra
1320 1824 1410 1893 sunt,
1441 1836 1443 1874 1

181 1913 221 1976 iis
244 1933 328 1997 quae
350 1933 435 1976 nrinc
458 1911 498 1976 de
522 1911 612 1975 libris
628 1911 726 1976 Probi
748 1919 872 1976 restant
886 1934 951 1976 non
970 1910 1132 1996 leguntur.
1161 1913 1201 1976 dc
1217 1914 1364 1999 optativo
1378 1937 1442 1979 mot

182 2022 291 2077 autem
318 2014 471 2099 quoniam
498 2014 681 2099 quaesitum
711 2034 782 2076 esse
811 2013 899 2098 apud
933 2022 1057 2078 veteres
1087 2024 1214 2078 constat
1247 2038 1289 2079 ex
1315 2015 1442 2081 Diomet

183 2123 259 2196 340,
282 2125 316 2195 4,
345 2137 387 2179 ex
416 2116 486 2178 eius
515 2115 603 2180 modi
625 2114 844 2199 disputatione
872 2116 980 2200 potius
1008 2136 1105 2201 quam
1134 2138 1176 2180 ex
1204 2116 1441 2182 declinationibt

182 2219 356 2282 verborum
384 2217 487 2282 instit.
510 2240 542 2302 p.
567 2223 627 2285 160
651 2238 719 2302 sqq.
743 2215 823 2281 haec
843 2217 946 2303 petita
968 2238 1040 2281 esse
1062 2228 1152 2301 puto.
1190 2219 1224 2282 in
1246 2218 1357 2284 codice
1379 2220 1440 2284 Bar

182 2320 347 2403 bergensi,
365 2319 405 2383 de
420 2340 484 2405 quo
495 2318 622 2383 'dictum
637 2328 687 2382 est
709 2315 807 2381 voll
829 2318 966 2404 praefat.
990 2341 1022 2404 p.
1041 2317 1135 2400 XXI,
1153 2330 1202 2385 est
1217 2327 1270 2384 trs
1287 2320 1440 2387 Clementi

182 2423 215 2485 in
237 2444 302 2508 qua
323 2444 364 2486 ex
379 2421 486 2485 Probo
505 2421 610 2494 ,citata
631 2421 741 2484 inveni
762 2418 858 2500 haec,
881 2420 904 2488 f.
928 2432 964 2490 11
990 2424 1106 2485 Probas
1125 2442 1197 2486 acro
1221 2429 1361 2502 opinione
1379 2445 1439 2487 caa

182 2545 284 2587 aorem
306 2529 481 2588 {accidentia
503 2529 618 2587 aomiai
638 2528 778 2586 accidere
799 2527 891 2600 aicit,
914 2528 1046 2587 litteram
1069 2530 1207 2589 videlicet
1228 2535 1257 2587 ct
1278 2531 1425 2606 syllabam

184 2638 340 2690 accentum
362 2633 442 2689 iatcr
464 2630 636 2689 accidentia
659 2630 862 2702 aameraatlo,
893 2623 916 2688 f.
942 2632 981 2694 25
1004 2630 1120 2690 Probas
1142 2647 1212 2690 ocra
1234 2637 1380 2705 paattaar
1402 2633 1438 2691 (11(

181 2735 278 2792 siaacs
295 2735 508 2808 pronominum
530 2749 594 2792 esse
615 2735 702 2804 dicit,
726 2735 830 2805 firtita,
855 2733 989 2804 infinita,
1014 2735 1112 2791 mimas
1126 2749 1216 2807 qaam
1235 2734 1339 2804 patra,
1358 2749 1438 2808 possi

181 2837 261 2908 siaa,
278 2869 320 2879 —
339 2841 368 2894 (1
390 2836 448 2896 10(
468 2837 622 2895 scientiam
644 2836 726 2909 (prod
747 2835 865 2894 Probas
887 2834 1021 2893 ordinem
1043 2836 1184 2893 accidere
1199 2836 1437 2912 praepositioni

183 2938 265 2996 dicit.
312 2955 352 2996 ex
375 2933 493 3018 quibus
517 2955 599 3018 quae
628 2932 668 2996 de
690 2933 819 2995 nomine
842 2940 876 2994 et
896 2931 1084 3016 pronomine
1113 2932 1311 3012 dictasunt,
1342 2932 1437 2998 aPot

184 3034 258 3120 poio
282 3035 434 3099 videntur
456 3035 559 3120 petita
581 3055 668 3116 esse3
692 3034 733 3099 de
754 3033 993 3119 praepositione
1015 3034 1077 3097 nisi
1100 3034 1221 3098 erravit
1235 3035 1436 3118 grammatici

184 3135 283 3200 alium
304 3136 402 3200 Probi
426 3135 544 3201 librum
567 3157 641 3199 erim
663 3145 809 3200 secutum
830 3157 901 3199 esse
923 3155 1054 3199 necesse
1077 3144 1143 3199 est:
1166 3135 1209 3199 cf.
1226 3136 1334 3200 Diom.
1351 3144 1422 3218 4419,

184 3239 261 3301 item
284 3239 474 3324 Pompeium
496 3261 527 3323 p.
550 3245 611 3307 135
635 3247 763 3302 secutus
787 3248 836 3300 est
858 3236 1004 3301 lulianus
1026 3236 1202 3301 Toletanus
1225 3239 1257 3301 in
1280 3249 1349 3303 arte
1371 3261 1435 3324 gra

183 3341 300 3404 metica
323 3341 445 3404 Romae
472 3341 560 3404 edita
588 3362 618 3404 a.
644 3346 723 3408 1797
747 3362 778 3424 p·
803 3343 1004 3408 tironatus
1032 3344 1164 3415 definivit
1192 3346 1223 3403 ia
1252 3345 1344 3418 tlaas,
1374 3347 1408 3403 id

182 3449 213 3505 ia
233 3449 351 3519 finitam
373 3453 401 3504 ct
423 3448 453 3504 ia
476 3448 638 3520 infinitam,
671 3447 789 3506 Probas
810 3447 840 3505 ia
864 3452 1023 3520 quattuor,
1052 3447 1170 3516 finitam
1192 3448 1340 3517 infinitam
1362 3449 1434 3508 artic

182 3551 250 3607 larc
271 3557 300 3608 ct
316 3541 532 3623 possessioltm,
557 3549 715 3624 Pompeias
736 3551 767 3609 in
791 3550 898 3623 viciati
917 3564 1018 3607 paam.

268 3646 390 3709 Contra
412 3666 454 3708 ex
477 3667 514 3708 eo
538 3645 639 3726 libro,
659 3667 723 3733 quo
745 3644 939 3725 Diomedes,
966 3646 1021 3730 qai
1044 3645 1189 3710 Probum
1210 3647 1397 3711 nominatim
1422 3669 1433 3710 a

182 3745 318 3832 pellavit
335 3754 411 3825 342,
435 3754 465 3813 9.
489 3755 565 3827 352,
591 3757 642 3817 35.
667 3756 743 3827 354,
770 3757 818 3816 17.
843 3755 921 3826 364,
945 3755 996 3816 30.
1020 3755 1096 3825 365,
1114 3757 1168 3828 10,
1192 3770 1270 3810 usus
1286 3758 1352 3827 est,
1375 3758 1431 3833 pet

183 3855 257 3910 sunt
280 3846 383 3926 haec,
399 3848 432 3911 in
448 3847 558 3912 codice
574 3847 817 3913 Caroliruhensi
832 3848 990 3911 Prisciani
1014 3847 1111 3912 vol-I
1134 3871 1166 3935 p.
1185 3857 1261 3928 428,
1286 3858 1325 3917 12
1349 3855 1432 3913 Prab

182 3962 226 4014 cst
254 3954 373 4013 acrbitm
395 3963 562 4028 praetcrea
589 3955 639 4013 bio
667 3954 749 4027 bias,
779 3970 819 4012 ea
846 3971 904 4027 quo
929 3953 1189 4028 trepontattmm
1216 3956 1301 4015 biato
1325 3936 1432 4037 (lbic

184 4074 234 4129 as,
265 4055 469 4115 iacbaatiaam
492 4073 563 4116 ocra
584 4057 667 4116 bisca
689 4059 722 4114 is.
767 4057 821 4115 sed
842 4072 1015 4130 quamquam
1037 4059 1081 4115 ita
1104 4074 1166 4116 esse
1187 4058 1276 4116 babet
1301 4052 1345 4137 (sc
1367 4059 1431 4117 baba

183 4153 385 4234 Diomedes),
408 4167 508 4218 tamea
525 4160 598 4233 pias
620 4160 714 4217 iaessc
737 4160 771 4217 iax
791 4175 825 4218 co
847 4160 975 4231 videtur,
1000 4161 1080 4233 qaod
1101 4167 1145 4219 cst
1165 4161 1282 4219 bisccrc
1303 4160 1430 4235 quarab

183 4267 252 4320 tare
280 4255 317 4339 (l.
340 4258 489 4340 bictarc):
519 4257 728 4337 1110111343,
759 4266 809 4326 13.
853 4258 887 4320 in
916 4256 1045 4321 scholiis
1073 4258 1293 4322 Bernensibus
1321 4259 1354 4321 in
1377 4257 1431 4321 Ve:

184 4380 295 4442 georg.
319 4357 368 4421 IV
399 4367 459 4428 134
487 4379 630 4438 carpere,
665 4364 827 4438 carpebat:
862 4364 1007 4433 infinitivo
1034 4368 1112 4423 caim
1141 4364 1314 4440 inperfecta
1341 4370 1430 4439 tempi

182 4467 334 4538 sipiificat
356 4453 439 4524 marc
460 4474 606 4539 retamim,
633 4474 664 4525 at
686 4467 803 4525 Probas
825 4466 883 4524 ait:
905 4460 1014 4524 Diam.
1039 4470 1115 4541 341,
1140 4473 1168 4530 t.
1199 4464 1233 4526 in
1255 4463 1366 4528 codice
1388 4461 1430 4526 Pa

184 4564 254 4626 sino
278 4570 356 4633 7491
382 4584 466 4627 saec.
484 4563 517 4625 X
538 4564 561 4628 f.
583 4573 623 4631 911
646 4570 820 4644 qualitatem
842 4577 941 4628 aatcm
964 4570 995 4627 ia
1017 4570 1113 4627 modis
1133 4569 1304 4643 bipertitam
1326 4570 1430 4628 esscP

183 4671 237 4728 bas
260 4671 403 4742 adfirmat
425 4671 528 4729 diceas
550 4671 695 4744 ‘qualitas
716 4672 874 4731 verboram
897 4678 950 4730 aat
968 4672 1058 4742 finita
1074 4678 1128 4730 aut
1143 4673 1262 4741 infinita
1278 4678 1329 4730 est.
1358 4673 1429 4742 patr

184 4773 266 4831 acrbi
292 4774 425 4847 qrtaiitas
453 4781 511 4846 cst,
546 4790 613 4832 cam
641 4777 731 4847 quasi
757 4776 910 4846 aspirativa
937 4780 966 4832 ct
994 4775 1125 4847 simplici
1151 4774 1263 4831 utimar
1290 4777 1429 4848 expositi<

183 4877 250 4950 apsa
273 4877 464 4935 distinctione
482 4892 541 4951 per
561 4892 592 4934 sc
615 4873 698 4954 (ipsa
721 4876 851 4935 dictione
870 4892 929 4950 pcr
949 4892 981 4935 sc
1002 4876 1243 4935 commataaatcs
1264 4871 1428 4935 scasamD
