3346 5506
252 1547 383 1616 Quoniam
399 1557 525 1604 notarum
541 1547 698 1609 laterculos,
711 1564 781 1622 quos
796 1546 1069 1605 babemusllomauae
1082 1549 1188 1610 aetatis,
1200 1548 1232 1606 ad
1244 1548 1483 1621 grammaticorum

188 1667 291 1724 corpus
307 1650 487 1707 adiunxeruut
510 1658 563 1706 tam
579 1650 763 1706 Gotboiredus
784 1666 863 1724 quam
879 1649 1026 1706 Putschius
1046 1665 1135 1723 neque
1154 1650 1310 1707 inconsulto
1332 1665 1422 1724 neque
1444 1650 1484 1704 in·

189 1752 328 1807 commode
348 1750 419 1823 (nam
435 1753 554 1826 pendere
565 1769 616 1809 eos
639 1767 670 1807 ex
690 1753 929 1824 grammaticorum
950 1752 1224 1808 commentationibus
1239 1752 1272 1808 ll.
1287 1750 1386 1808 Valerii
1401 1750 1483 1807 Probi

188 1857 246 1910 cius
258 1855 366 1926 generis
380 1861 512 1912 tractatus
526 1854 696 1911 demonstrat
709 1861 738 1909 et
749 1861 884 1928 quaeruut
899 1852 950 1911 sibi
963 1855 1074 1910 omniuo
1089 1853 1267 1928 llagltantque
1282 1851 1483 1929 quodammodo

188 1955 274 2011 libelli
289 1954 327 2011 illi
350 1964 453 2012 certam
466 1963 496 2011 ¹et
511 1954 634 2013 stabilem
651 1955 740 2011 sedem
753 1963 784 2011 'et
799 1957 875 2030 quasi
895 1953 1006 2030 aliquod
1025 1958 1052 2011 in
1067 1954 1167 2012 litteris
1182 1952 1372 2022 domicilium),
1395 1951 1484 2009 uoluit

189 2057 221 2113 ab
238 2057 288 2114 hae
302 2074 350 2114 sua
373 2058 612 2130 grammaticorum
627 2056 784 2113 Latinorum
805 2037 927 2113 editione*
944 2055 1008 2112 illos
1023 2056 1118 2113 abesse
1141 2056 1274 2113 ilenricus
1288 2054 1402 2111 Keilius.
1432 2052 1484 2122 Qui

189 2176 250 2217 eum
272 2161 356 2217 sciret
376 2175 419 2214 me
444 2168 510 2234 post
529 2166 651 2218 curatam
672 2177 696 2216 a.
719 2160 786 2212 1853
811 2159 839 2214 iu
858 2166 983 2216 actorum
1009 2158 1149 2215 societatis
1175 2158 1322 2215 Saxonicae
1346 2155 1484 2213 volumine

189 2263 285 2336 quinto
309 2262 525 2319 commentarioli
545 2261 627 2319 Probi
648 2261 795 2318 editionem
815 2275 865 2335 per
884 2260 990 2334 aliquot
1013 2277 1099 2317 anuos
1119 2259 1261 2321 subsidiis.
1287 2274 1358 2334 quae
1382 2256 1416 2313 ad
1437 2273 1483 2313 cas

189 2363 296 2420 tabulas
311 2362 481 2437 castigandas
503 2371 613 2420 servant
632 2362 826 2425 bibliothecae.
850 2361 1012 2435 colligendis
1034 2379 1144 2437 operam
1164 2360 1284 2426 dedisse,
1306 2368 1361 2418 tam
1376 2377 1428 2435 pro
1444 2360 1483 2415 rei

190 2464 340 2521 litterariae
360 2465 503 2522 commodo
525 2482 606 2539 quam
627 2482 678 2540 pro
700 2465 799 2520 veteris
820 2465 953 2521 amicitiae
973 2465 1033 2520 iure
1055 2481 1071 2521 a
1091 2479 1133 2518 me
1154 2462 1319 2537 postulavit,
1339 2469 1372 2518 ut
1391 2462 1483 2533 magui

190 2568 281 2640 operis
297 2567 458 2640 particulam
473 2567 544 2624 hanc
560 2569 585 2623 iu
601 2583 644 2623 me
659 2567 835 2641 susciperem.
856 2564 935 2634 Quod
950 2566 1001 2623 ieci
1016 2564 1147 2630 libentem
1162 2581 1223 2622 uam
1239 2565 1291 2620 etsi
1306 2561 1366 2619 lieri
1380 2569 1482 2637 potest,

188 2677 220 2725 ut
235 2687 250 2725 a
265 2684 307 2723 me
322 2670 462 2743 usurpatis
477 2668 605 2727 meliores
625 2675 753 2726 notarum
773 2667 880 2726 codices
894 2667 983 2726 adhuc
1001 2667 1116 2730 lateant,
1138 2683 1199 2724 eum
1219 2666 1381 2741 praesertim
1401 2665 1482 2721 buius

190 2770 298 2843 generis
313 2767 397 2825 libelli
412 2769 566 2828 brevissimi
581 2771 637 2827 lere
649 2778 677 2826 et
691 2769 854 2845 plerumque
870 2771 990 2826 auctoris
1004 2770 1114 2826 nomine
1128 2776 1251 2826 carentes
1265 2767 1294 2824 iu
1310 2764 1482 2825 bibliothecis

190 2891 255 2929 casu
276 2872 369 2946 potius
388 2871 561 2929 inveniantur
582 2889 662 2947 quam
682 2871 743 2929 data
765 2888 848 2947 opera
869 2871 1081 2945 investigentur.
1106 2863 1193 2928 tamen
1215 2885 1284 2944 quac
1304 2871 1394 2945 reperi
1419 2865 1481 2924 sub·

190 2974 256 3030 sidia
279 2976 330 3030 iam
352 2975 416 3029 milri
439 2974 565 3030 sulficere
586 2977 641 3030 visa
662 2982 726 3030 suut
747 2973 779 3029 ad
801 2973 898 3029 horum
919 2973 1073 3029 libellorum
1094 2974 1191 3033 crisin,
1215 2988 1284 3046 quae
1306 2971 1395 3029 adbuc
1409 2968 1481 3026 nulla

190 3077 250 3138 luit.
266 3093 320 3131 non
338 3075 536 3138 absolvendam,
553 3076 600 3132 sed
615 3075 792 3132 inchoandam
808 3081 836 3131 et
851 3082 926 3132 certo
942 3074 1117 3131 fundamento
1133 3072 1330 3130 stabiliendam.
