3314 5506
655 387 865 447 PRAEFATIO
1362 400 1406 444 nr

208 571 356 658 Denique
378 581 532 656 excerpta
553 571 593 634 de
615 571 822 635 idiomatibus
845 593 977 635 casuum
1001 580 1032 634 et
1047 593 1201 655 generum
1216 592 1236 634 a
1250 592 1407 655 gramma-

118 674 194 737 ticis
217 673 330 738 Servio
352 672 515 758 adscripta
537 695 607 736 esse
630 674 713 737 duae
736 673 988 758 subscriptiones
1011 673 1129 736 codicis
1153 674 1292 737 Parisini
1320 673 1343 736 f.
1367 681 1408 740 46

120 776 168 861 (p.
192 781 264 854 572,
289 777 342 860 10)
372 779 473 838 Servii
490 783 685 853 qrammatr‘ci
708 782 862 838 mammae
889 787 918 838 et
946 782 1090 854 antiquae
1117 781 1232 839 Itomae
1259 785 1292 838 et
1321 776 1345 837 f.
1368 781 1407 841 49

118 879 167 961 (p.
181 877 277 962 XLI)
302 884 428 957 explicit
449 882 578 940 Itbellam
606 881 706 940 Servii
724 883 919 955 qrammalici
939 877 1081 941 indicare
1103 876 1260 939 videntur.
1294 897 1405 960 quam-

118 1002 217 1064 quam
240 1001 283 1042 ex
305 977 485 1043 rationibus
506 978 592 1041 illius
622 978 742 1042 codicis
770 1001 833 1043 non
862 979 941 1043 satis
969 990 1056 1042 certo
1085 978 1233 1062 adparet,
1263 999 1326 1061 quo
1354 999 1408 1040 no·

118 1103 192 1145 men
224 1081 427 1164 grammatici
460 1083 630 1167 pertineat.
664 1091 696 1145 et
723 1083 875 1166 quoniam
907 1080 968 1145 hoe
998 1081 1187 1144 idiomatum
1213 1101 1316 1163 genus
1342 1081 1408 1142 iam

117 1184 223 1267 magis
247 1183 289 1246 arl
311 1183 576 1247 consuetudinem
596 1182 842 1267 glossariorum,
876 1183 993 1268 quibus
1023 1183 1141 1247 Latina
1167 1180 1327 1246 vocabula
1354 1181 1408 1244 ad-

117 1286 233 1369 positis
262 1285 397 1349 Graecis
430 1284 635 1370 interpretari
671 1283 819 1348 solebant
851 1286 1066 1368 grammatici,
1100 1307 1197 1371 quam
1227 1283 1268 1347 ad
1301 1282 1409 1346 studia

116 1409 229 1449 eorum
252 1388 309 1472 qui
330 1389 455 1452 artibus
478 1386 657 1451 scribendis
679 1408 809 1470 operam
832 1385 954 1450 dabant
976 1388 1129 1471 pertinet,
1153 1385 1409 1473 praetermitten-

117 1488 197 1552 dum
219 1499 356 1552 nonest
383 1490 424 1552 ad
450 1489 575 1574 glossas
606 1511 734 1574 quoque
762 1510 878 1551 nomen
906 1489 1010 1552 Servii
1040 1489 1229 1552 translatum
1258 1510 1337 1551 esse.
1368 1487 1409 1550 <le

115 1613 182 1677 quo
205 1591 403 1655 Franciscus
425 1591 583 1655 Oelrlerus
605 1614 687 1654 mus.
712 1589 814 1654 eren.
839 1592 959 1654 noviss.
984 1600 1006 1653 t.
1030 1591 1149 1654 XVIII
1178 1592 1221 1674 (a.
1246 1592 1342 1674 1863)
1375 1612 1408 1676 p.

115 1701 180 1762 253
204 1716 277 1779 sqq.
302 1693 396 1757 editis
425 1693 547 1780 aliquot
569 1694 685 1778 glossis
693 1741 702 1774 ,
732 1715 815 1779 quae
839 1693 942 1757 Servii
972 1695 1100 1758 nomine
1127 1694 1302 1779 inscriptae
1324 1703 1408 1771 sunt,

115 1797 309 1880 dIsputavit.

203 2001 330 2086 Scripsi
354 2000 515 2084 Erlangae
537 2024 646 2065 mense
668 2001 756 2064 Maio
778 2001 854 2062 anni
877 1999 1153 2063 MDCCCLXIV.
