3314 5506
514 404 710 467 tusttrvtt
732 405 872 467 ARTIVM
895 403 1062 469 sto-523
1371 401 1432 466 125

215 520 352 576 pmcn.
1223 533 1245 573 ρ.
1258 519 1338 561 rarus
1352 519 1380 560 v.

240 592 403 664 Quaeritur,
426 592 464 653 ab
488 593 623 671 eoquod
648 593 719 652 uim
743 592 886 670 Vergilius
917 598 973 652 ‘et
994 594 1138 653 viscera
1160 592 1316 652 nudant’
1337 592 1430 651 nomi-

178 696 249 755 netiro
269 714 335 757 casu
368 697 486 755 numeri
517 694 673 773 singularis
706 694 763 755 boc
785 697 897 755 risuum
927 712 963 753 an
988 694 1045 755 boc
1068 696 1162 754 riscus
1190 692 1288 754 lacere
1315 691 1428 753 debeat.

178 795 217 856 tel
234 815 426 876 quaecumque
448 798 566 857 nomina
586 797 702 874 genueris
725 797 822 856 neutri
840 796 1017 877 nominativo
1040 814 1109 856 casu
1139 796 1256 855 numeri
1275 792 1431 872 singularis

178 915 216 957 um
232 897 321 960 litteris
342 898 539 968 definiuntur,
568 899 641 959 haec
660 916 819 977 numquam
841 899 1017 958 nominativo
1040 915 1109 958 casu
1133 898 1247 957 numeri
1270 895 1393 975 pluralis
1414 914 1430 955 a

180 1001 322 1060 nominativo
352 1019 424 1061 casu
453 1002 567 1062 numeri
595 999 751 1078 singularis
781 1017 835 1077 per
861 998 986 1079 syllabas
1017 1005 1168 1067 crescunt:
1206 1006 1236 1059 et
1265 998 1330 1058 ideo
1359 998 1431 1057 baro
1457 1025 1469 1062 5

179 1083 262 1162 tubera
279 1103 333 1164 hoc
353 1105 458 1172 riscus,
482 1120 540 1162 non
564 1102 619 1162 hoc
641 1103 750 1162 viscum
773 1101 870 1163 lacere
893 1100 1120 1162 demonstratur.

241 1202 396 1274 Quaeritur,
420 1223 476 1285 qua
499 1205 538 1266 de
556 1222 643 1264 causa
666 1203 772 1264 borum
789 1204 919 1264 dentium
942 1209 971 1263 et
987 1221 1046 1262 non
1067 1202 1175 1263 horum
1193 1203 1314 1262 dentum
1335 1200 1432 1262 lacere

179 1299 265 1366 tuear.
304 1305 360 1367 hac
383 1307 422 1367 ule
443 1325 541 1374 causa,
563 1307 700 1384 quoniam
724 1322 927 1385 quaecumque
947 1308 1065 1365 nomina
1087 1305 1264 1365 nominativo
1287 1321 1357 1364 casu
1378 1321 1432 1363 no·

180 1407 235 1466 neri
252 1408 404 1486 singularis
432 1426 485 1469 ens
510 1407 615 1469 litteris
642 1408 821 1469 deliniuntur
848 1415 877 1467 et
908 1405 1107 1487 monosyllaba
1139 1425 1204 1467 esso
1232 1409 1431 1483 reperiuntur,

181 1503 234 1566 baec
249 1512 375 1586 genetiuo
397 1528 467 1570 casu
491 1511 606 1570 numeri
625 1509 745 1589 pluralis
766 1511 826 1569 ium
847 1509 950 1570 litteris
973 1509 1200 1570 concluduntur.
1445 1533 1470 1573 ro

143 1675 148 1681 ,
242 1609 404 1680 Quaeritur,
425 1610 462 1672 ab
492 1631 527 1671 eo
551 1611 628 1692 quood
651 1613 722 1673 lixit
747 1610 890 1689 Vergilius
919 1611 1181 1690 ‘lapidosaque
1209 1628 1322 1670 corna
1341 1609 1433 1671 Dant

182 1713 262 1772 tani'
281 1713 458 1775 nominativo
475 1731 543 1773 casu
560 1716 676 1774 numeri
691 1713 847 1792 singularis
869 1714 926 1774 hoc
945 1731 1038 1773 cornu
1061 1731 1097 1773 an
1113 1713 1170 1774 boc
1188 1730 1312 1773 cornum
1334 1713 1432 1773 lacere

182 1808 265 1874 debeat
305 1816 357 1877 seul
381 1832 586 1895 quaecumque
615 1818 733 1876 nomina
760 1817 877 1893 generis
900 1818 997 1877 neutri
1024 1816 1200 1876 nominativo
1220 1830 1290 1874 casu
1318 1815 1433 1874 numeri

151 1956 155 1966 ·
184 1910 270 1987 obruo
292 1936 308 1977 a
331 1917 427 1977 littera
453 1923 520 1995 post
540 1925 751 1977 consonantem
773 1917 1004 1987 concluduntur,
1028 1917 1101 1996 baec
1122 1934 1281 1995 numquam
1302 1917 1432 1977 nomina·

185 2014 223 2074 tiro
238 2037 296 2080 casu
320 2021 438 2080 numeri
455 2017 610 2095 singularis
631 2038 650 2078 u
673 2018 768 2078 littera
789 2021 998 2087 terminantium
1026 2029 1055 2079 et
1073 2019 1139 2078 ideo
1167 2017 1241 2078 haec
1262 2035 1353 2078 corna
1377 2017 1433 2077 boc
1449 2042 1472 2082 rs

184 2132 282 2190 tomum,
300 2139 360 2181 oon
382 2120 440 2181 boc
463 2138 556 2181 cornu
576 2121 673 2181 lacere
695 2123 909 2199 pronuntiatur.

242 2221 401 2293 Quaeritur,
423 2240 481 2302 qua
503 2223 540 2284 de
563 2241 648 2282 causa
672 2222 758 2282 huius
779 2224 902 2300 pectinis
920 2230 949 2282 et
970 2240 1029 2282 non
1052 2222 1140 2283 huius
1162 2223 1292 2300 pectenis
1311 2221 1433 2282 dicatur.

185 2316 222 2380 luc
238 2323 377 2394 decausa,
401 2326 538 2404 quoniam
561 2342 763 2403 quaer-umque
785 2326 902 2385 nomina
923 2323 1067 2407 generisi}
1082 2324 1234 2385 masculini
1256 2325 1435 2384 nominativo

185 2438 232 2483 tou
248 2429 354 2489 numeri
376 2425 533 2502 singularis
557 2445 593 2486 en
613 2426 717 2486 littoris
739 2426 915 2487 dellniuntur
942 2434 971 2487 et
994 2426 1194 2506 monosyllaba
1217 2445 1282 2487 esse
1305 2444 1365 2486 non
1388 2443 1435 2487 rc·

186 2528 319 2600 uruntur,
351 2529 425 2590 baec
459 2528 581 2589 eandem
604 2548 620 2588 e
643 2527 784 2596 litteram,
815 2547 915 2608 quam·
931 2528 1040 2589 habent
1070 2531 1099 2589 in
1128 2528 1232 2589 euclem
1258 2529 1475 2592 nominativum

186 2640 232 2688 tan
250 2634 356 2693 numeri
386 2630 543 2708 singularis
567 2639 634 2691 ante
658 2648 675 2688 n
699 2630 848 2699 ultimum,
877 2650 932 2709 per
957 2630 1081 2712 celteros
1104 2650 1190 2693 casus
1216 2632 1246 2690 iu
1273 2633 1284 2691 i
1310 2630 1435 2691 litteram

187 2740 338 2802 obvertunt:
373 2741 403 2795 et
424 2733 489 2794 ideo
513 2734 560 2794 bic
580 2740 684 2811 pecten
709 2733 796 2794 buius
818 2736 956 2811 pectinis,
986 2752 1045 2795 noo
1065 2734 1155 2795 huius
1177 2734 1311 2812 pectenis
1339 2733 1437 2793 lacere

188 2826 375 2917 demonstretur.
1171 2840 1174 2844 ’

245 2934 407 3007 Quaeritur,
435 2956 492 3016 qua
518 2936 555 2997 ulo
575 2956 661 2997 rausa
681 2938 774 3015 'inops
797 2954 850 3014 per
872 2955 905 3016 p,
932 2956 992 2998 oon
1020 2937 1112 3017 perh
1134 2937 1259 2999 litteram
1280 2935 1435 2997 scribatur.

190 3027 271 3100 little
293 3058 394 3109 musa,
427 3041 564 3119 quoniam
593 3056 796 3119 quaecumque
821 3042 938 3100 uomina
968 3042 996 3101 io
1025 3039 1157 3122 quolibet
1182 3058 1251 3100 casu
1276 3041 1307 3098 in
1336 3038 1435 3098 ultima
1449 3059 1474 3099 ra

191 3131 220 3191 tt!
235 3155 312 3220 prope
334 3140 468 3202 ultimam
488 3140 628 3221 syllabam
651 3160 670 3221 p
694 3140 821 3202 litteram
843 3141 953 3204 habent
973 3145 1176 3210 constitutam,
1199 3143 1273 3202 baec
1295 3141 1324 3200 in
1344 3141 1437 3199 nomi·
1536 3130 1541 3141 ’

192 3238 256 3299 ttbru
273 3261 338 3306 casu
370 3245 486 3305 numeri
508 3242 665 3323 singularis
695 3262 806 3324 perp,
836 3262 895 3305 non
917 3261 970 3323 per
995 3244 1014 3305 b
1037 3244 1162 3306 litteram
1190 3241 1374 3309 scribuntur;
1409 3249 1438 3301 et

192 3333 237 3396 ileu
252 3343 334 3425 inops,
357 3364 417 3406 oon
440 3344 525 3405 inobs
546 3346 643 3406 lacere
666 3349 881 3424 pronuntiatur.

249 3443 404 3515 Quaeritur,
427 3445 464 3507 ab
483 3466 519 3507 co
541 3448 619 3527 quod
643 3449 714 3508 uim
730 3448 883 3510 Sallustius
901 3448 980 3508 ‘vas
1002 3456 1063 3509 aut
1085 3449 1344 3508 vestimentum
1367 3445 1436 3506 ali·

194 3541 265 3605 cuius
281 3551 571 3628 concupiverat’
596 3566 644 3610 ras
662 3550 697 3610 ad
721 3569 808 3632 quam
834 3551 958 3611 formam
982 3552 1136 3629 pertineat.
1182 3550 1281 3631 utique
1303 3549 1339 3609 ad
1362 3565 1436 3615 eam,
1451 3567 1476 3607 ao

194 3656 232 3716 Q!
251 3654 356 3713 uomina
384 3655 503 3729 generis
529 3654 625 3713 neutri
651 3654 826 3714 nominativo
853 3672 924 3714 casn
951 3654 1067 3714 numeri
1094 3650 1250 3730 singularis
1275 3671 1307 3713 as
1335 3650 1438 3711 litteris

194 3738 337 3825 ltbtiuntor,
361 3762 478 3832 utputa
500 3755 559 3823 las;
582 3761 611 3816 et
632 3755 698 3816 ideo
715 3773 763 3814 ras
782 3761 811 3815 el
827 3763 924 3817 cetera
946 3755 1013 3816 talia
1035 3755 1197 3817 secundom
1213 3756 1338 3815 sormam
1355 3770 1438 3814 suam

195 3850 261 3919 'lut
275 3865 339 3918 suut
360 3854 542 3917 declinanda.

251 3954 404 4028 Quaeritur,
427 3978 485 4039 qua
503 3959 539 4019 ulo
557 3977 645 4019 causa
665 3958 751 4019 huius
767 3959 885 4020 Acbatis
902 3960 1025 4020 dicatur.
1056 3960 1111 4020 hac
1131 3960 1279 4025 derauso,
1301 3959 1440 4037 quoniam

196 4059 356 4141 lucumque
389 4063 505 4121 nomina
539 4060 663 4122 ablativo
697 4081 766 4121 casu
799 4064 914 4124 numeri
948 4062 1107 4140 singularis
1134 4082 1150 4122 e
1178 4061 1272 4122 littera
1303 4067 1440 4138 correpta
1452 4075 1479 4114 ³⁵

196 4150 349 4224 bl'donatur
374 4170 405 4224 et
428 4171 527 4242 aptota
555 4181 619 4224 esse
647 4182 705 4224 uon
736 4166 939 4242 reperiuntur,
969 4166 1041 4226 haec
1066 4165 1199 4240 genetivo
1228 4181 1296 4223 casu
1324 4163 1441 4223 numeri

196 4246 307 4328 ionum
332 4267 357 4327 is
380 4264 485 4327 litteris
513 4265 691 4327 deliniuntur
718 4271 748 4326 et
775 4267 815 4349 aul
839 4266 1005 4344 exemplum
1032 4286 1049 4326 e
1071 4264 1183 4326 litterae
1206 4271 1362 4345 correptae
1387 4281 1440 4342 per

197 4357 276 4421 “lbos
294 4384 377 4428 casus
404 4366 597 4428 declinantur.
643 4386 723 4429 nunc
748 4386 815 4428 cum
837 4368 915 4429 dicat
937 4366 1080 4447 Vergilius
1113 4369 1203 4428 ‘uno
1237 4369 1441 4428 comitatus

197 4450 316 4538 libate',
338 4471 442 4549 utique
463 4469 520 4529 iam
543 4469 630 4530 buius
649 4471 768 4531 nubatis
791 4471 888 4531 lacere
909 4472 1114 4549 pronuntiarit.

244 4594 398 4672 lVergilius]
417 4608 482 4656 Aen,
502 4606 512 4654 l
530 4606 578 4656 211
677 4607 899 4658 bdemonstrotnr
917 4607 941 4656 B
959 4607 1172 4657 demonstrantll
1276 4605 1293 4655 8
1308 4606 1398 4655 debeat
1419 4605 1442 4655 B

196 4651 303 4725 ΜΗ
366 4674 399 4727 10
414 4675 599 4726 concluduntur
616 4676 642 4727 B
660 4687 774 4727 crescunt
792 4678 815 4726 lt
872 4676 900 4727 ll
923 4675 1062 4744 Vergilius]
1082 4678 1147 4727 Aen.
1169 4678 1203 4727 lll
1221 4675 1274 4728 otu
1327 4674 1362 4727 20
1379 4676 1442 4724 boec

196 4731 270 4789 Μ
283 4744 303 4795 ll
318 4745 383 4798 hoec
401 4746 492 4796 eodem
508 4746 534 4797 B
602 4747 636 4798 23
654 4749 827 4797 demonstrant
846 4748 895 4799 RB
964 4750 998 4799 ‘26
1015 4749 1056 4797 uel
1073 4762 1152 4814 prope
1170 4742 1283 4797 ultimum
1300 4746 1333 4806 n,
1351 4761 1399 4798 our.
1419 4745 1443 4794 B

196 4807 425 4937 mlllaslrplustios]
444 4816 517 4868 caut.
537 4816 569 4867 51
640 4819 673 4871 32
693 4818 799 4869 formam
819 4831 891 4867 suam
910 4818 933 4869 n
949 4817 1044 4869 formos
1063 4833 1124 4870 sues
1143 4817 1168 4868 B
1247 4816 1280 4868 38
1298 4812 1442 4882 Vergilius]
