3314 5506
226 394 288 457 482
805 387 927 449 SllltGll

277 509 299 550 ρ.
314 495 371 538 nac
384 495 410 536 aa
424 493 447 535 r.
1293 507 1316 549 μ.
1328 494 1414 538 aaa-et
1425 493 1452 537 r.

226 585 295 638 suut
316 574 480 655 simplices,
502 574 554 633 sed
578 592 614 634 cs
636 572 787 654 disyllabis
808 574 878 634 iacti
900 573 1041 654 duplices.
1079 575 1131 652 qui
1152 573 1284 655 duplices
1303 592 1364 636 nou
1385 573 1541 654 ampli·

226 695 312 758 quam
335 694 473 739 senarum
496 674 671 754 syllabarum
695 692 759 735 esse
781 682 993 736 monstrantur.
1037 684 1067 736 et
1088 693 1122 736 re
1140 694 1225 748 vera,
1246 676 1393 757 mquidem
1411 677 1541 769 aas}

225 778 308 840 labos
336 785 450 839 constat
471 795 563 857 usquc
584 777 621 838 ad
651 786 749 839 ternas
770 774 896 857 syllabas
916 794 1003 855 posse
1024 776 1241 847 conscendere,
1264 780 1316 857 qui
1338 780 1435 858 utique
1453 799 1541 867 g

207 882 328 941 'minati
348 881 413 941 iure
435 878 568 960 duplices
588 897 681 960 usquc
704 878 739 939 ad
762 897 812 940 sex
834 876 959 958 syllabas
980 880 1109 942 mittunt

199 1100 213 1140 5
711 1065 760 1126 DE
781 1064 1021 1128 accuuttavs.

311 1186 445 1247 Teucras
467 1186 526 1245 sive
549 1192 688 1245 accentus
710 1184 782 1245 dicti
802 1191 885 1254 sunt,
909 1183 986 1265 quod
1009 1183 1173 1247 naturalem
1190 1187 1277 1248 unias
1291 1187 1431 1268 cuiusque
1446 1208 1541 1264 se,

224 1290 320 1350 monis
346 1289 378 1347 in
405 1304 506 1347 vocem
535 1295 653 1347 bosnae
680 1285 813 1347 elationis
842 1295 960 1347 servem
980 1294 1125 1348 tenorem.
1169 1287 1265 1349 dictus
1286 1296 1385 1350 autem
1404 1307 1541 1363 aecem

224 1399 272 1452 tus
299 1398 344 1451 est
369 1391 453 1469 quasi
480 1387 620 1449 adcantus
647 1389 726 1448 iuxta
748 1386 857 1448 Graeci
878 1388 1005 1449 nominis
1026 1390 1319 1469 interpretationem,
1340 1389 1416 1471 qaod
1438 1410 1539 1473 pro

224 1492 306 1554 scdia
335 1491 442 1551 dicitur
470 1489 573 1550 Latine
604 1488 754 1550 adcantus.
799 1497 868 1550 suat
889 1507 993 1551 omnes
1013 1499 1153 1552 accentus
1175 1490 1273 1552 Ladui
1296 1491 1376 1564 Vlll,
1396 1505 1526 1564 acutus

187 1610 212 1650 ro
225 1595 276 1674 qui
289 1593 322 1654 lit
336 1593 375 1653 ita
392 1590 425 1663 i,
442 1593 537 1670 gravis
557 1592 597 1652 ita
624 1589 648 1659 i,
664 1590 871 1652 circumflexus
885 1592 925 1652 ita
948 1609 978 1663 e,
1001 1591 1095 1653 iactus
1108 1591 1222 1654 scilicet
1236 1592 1275 1654 de
1290 1602 1425 1675 numae,
1437 1595 1520 1656 lon·

224 1714 279 1775 gas
306 1698 347 1757 ita
369 1736 401 1762 -,
425 1692 523 1753 brevis
544 1693 590 1752 ita·
606 1724 638 1763 v,
660 1692 779 1772 hyphen
801 1694 840 1754 ita
863 1725 894 1762 ν,
925 1692 1047 1754 diastole
1073 1695 1112 1755 ita
1147 1685 1171 1763 l,
1194 1695 1390 1776 apostrophus
1413 1698 1443 1757 ita
1487 1693 1510 1747 ².

223 1815 324 1858 verum
347 1796 404 1856 hoc
425 1797 549 1855 interest
576 1795 654 1854 inter
681 1793 824 1854 diastolen
847 1801 877 1855 et
898 1794 1124 1874 apostrophum,
1153 1795 1231 1876 quod
1254 1797 1435 1877 apostrophus
1452 1786 1507 1854 ad

224 1907 313 1978 caput
335 1897 449 1958 litterae
472 1897 606 1975 ponitur,
630 1895 752 1956 diastole
773 1914 844 1956 vero
867 1894 903 1955 ad
925 1897 1013 1957 imam
1035 1904 1160 1976 partem.
1204 1897 1262 1958 hoc
1284 1899 1350 1961 ideo
1370 1899 1500 1960 miuus

223 2018 261 2061 ne
276 2001 323 2060 cui
338 1999 442 2060 harum
458 1996 616 2058 similitudo
639 2005 775 2058 notmum
797 1984 905 2076 aliquid
929 1999 1039 2059 erroris
1059 1999 1180 2061 adierat
1212 1999 1259 2060 his
1281 2002 1373 2063 itase
1391 1998 1499 2061 laben·

185 2119 210 2160 aa
224 2100 301 2162 tibus
333 2099 485 2162 sciendum
519 2109 563 2160 est
595 2098 673 2178 quod
695 2109 798 2160 acutus
820 2108 849 2159 ct
876 2101 972 2178 gravis
994 2109 1023 2160 et
1045 2101 1252 2162 circumllexus
1273 2102 1329 2164 soli
1349 2111 1409 2163 sunt
1429 2089 1497 2180 qui

221 2211 255 2264 ut
275 2204 411 2283 superius
434 2201 576 2273 diximus,
601 2200 763 2263 naturalem
780 2202 1022 2281 uniuscuiusque
1044 2204 1190 2264 sermonis
1211 2204 1243 2265 ia
1266 2223 1364 2266 vocem
1384 2206 1497 2265 nostrate

222 2303 357 2365 elationis
384 2312 502 2365 servent
528 2311 670 2364 tenorem.
716 2320 783 2363 uam
812 2303 869 2382 ipsi
897 2304 976 2364 arsia
999 2303 1154 2384 thesiuque
1176 2305 1378 2377 moderantur,
1397 2313 1497 2383 qaam·

220 2424 308 2487 quam
331 2404 481 2466 sciendum
506 2414 550 2465 cst
572 2403 649 2483 quod
672 2404 702 2462 in
723 2423 779 2479 asu
801 2420 861 2463 non
883 2405 920 2464 sit
942 2404 1086 2466 hodierno
1108 2408 1204 2485 gravis
1226 2386 1372 2470 accentus.

306 2508 412 2568 Verum
440 2505 488 2567 lex
516 2515 689 2567 accentuum
711 2507 752 2565 ita
774 2513 832 2575 est,
861 2504 939 2586 quod
962 2505 1092 2586 syllabae
1113 2510 1145 2568 iu
1165 2508 1275 2589 quibus
1295 2512 1342 2572 isti
1361 2510 1422 2591 poni
1438 2504 1498 2567 de·

184 2609 310 2671 aobeant
337 2628 353 2670 a
380 2608 439 2669 liae
469 2617 670 2668 numerantur.
716 2623 783 2668 nam
813 2609 839 2667 si
871 2610 1090 2687 quantaramvis
1117 2627 1216 2672 sermo
1249 2613 1287 2673 sit
1319 2610 1497 2692 syllabamtss·

220 2711 428 2773 circumflexus
450 2727 510 2770 non
533 2708 643 2770 tenebit
664 2708 741 2769 ultra
764 2709 820 2770 uisi
840 2708 1070 2788 paeueultimum
1091 2709 1199 2774 locum.
1242 2720 1345 2775 acutus
1364 2713 1497 2775 aoeaautss

219 2817 251 2876 iu
278 2814 388 2876 Latinis
416 2830 475 2872 aon
502 2809 615 2871 tenebit
642 2812 699 2871 nisi
727 2809 956 2891 paeueultimum
993 2821 1022 2873 et
1052 2813 1352 2892 antepaeneultimum
1381 2814 1500 2896 laicum*

219 2915 449 2998 paeueultimum
479 2922 548 2973 tunc
576 2915 606 2973 in
635 2911 802 2993 disyllabis,
831 2931 898 2975 cum
920 2916 1004 2994 prior
1026 2916 1114 2975 luerit
1135 2915 1181 2976 vel
1202 2927 1340 2998 correpta
1360 2915 1402 2980 rel
1421 2904 1500 2996 posi·

184 3088 187 3093 ⁴
220 3020 300 3080 tione
322 3016 423 3095 longa,
454 3013 499 3075 rel
521 3033 588 3076 cum
611 3013 715 3075 ambae
742 3014 913 3075 naturaliter
934 3015 1039 3095 longae
1061 3017 1184 3088 luerint,
1208 3017 1254 3080 vel
1277 3038 1344 3081 oum
1364 3017 1458 3081 ambae
1488 3001 1499 3080 ἰ’

182 3120 335 3183 asbreves.
380 3121 419 3179 ita
447 3118 479 3177 fit
511 3124 543 3177 ut
568 3117 599 3175 in
629 3114 777 3196 disyllabis
815 3136 883 3178 cum
918 3127 1004 3179 acuto
1031 3128 1153 3180 accentu
1181 3119 1212 3180 hi
1240 3121 1332 3200 pedes
1357 3103 1502 3183 amancii

220 3224 293 3291 sint,
317 3221 474 3282 trochaeus
495 3219 641 3297 positione
664 3218 771 3289 lactuS,
800 3219 929 3289 iambus,
951 3220 1132 3299 pyrrichius,
1154 3221 1314 3301 spondeus.
1356 3224 1387 3284 in
1405 3209 1501 3296 trisyl-

220 3324 295 3385 labis
323 3323 368 3384 rel
395 3325 426 3382 in
455 3323 608 3401 quantovis
630 3338 754 3381 numero
776 3320 954 3401 syllabarum
977 3331 1048 3384 tuuc
1069 3331 1115 3384 est
1137 3332 1255 3395 acutus,
1277 3344 1345 3386 cnm
1366 3334 1424 3385 tres
1439 3310 1499 3396 syl·

220 3426 304 3488 labae
332 3444 348 3485 a
378 3425 436 3484 line
464 3422 568 3483 breves
598 3420 769 3484 naturaliter
798 3425 922 3494 luerint,
951 3434 985 3485 ut
1011 3427 1108 3486 anima
1137 3425 1265 3495 macula,
1294 3425 1339 3488 vel
1365 3409 1498 3508 quidquid

220 3528 326 3589 horum
357 3529 507 3586 inventum
537 3525 639 3595 luerit,
669 3543 744 3603 quae
765 3525 797 3583 in
825 3523 974 3605 disyllabis
996 3534 1064 3587 aute
1090 3526 1253 3589 docuimus.
1297 3530 1337 3590 ita
1363 3531 1396 3590 lit
1418 3537 1448 3589 ut
1469 3519 1496 3578 5¹¹

182 3628 378 3710 mhisyllabis
408 3627 487 3687 huuc
524 3626 651 3686 eundem
685 3635 837 3687 accentum
870 3645 1082 3706 cognoscamus
1113 3630 1144 3689 ia
1172 3629 1340 3702 tribracho,
1367 3629 1494 3693 melosa

180 3770 187 3784 ι
220 3733 303 3792 cuius
331 3729 434 3790 aurbac
463 3747 479 3788 a
508 3729 565 3788 iiue
593 3726 721 3807 syllabae
749 3735 799 3788 aut
827 3727 998 3791 naturaliter
1021 3728 1125 3808 longae
1147 3731 1259 3793 luerint
1281 3742 1331 3794 aut
1350 3733 1490 3813 maaca

220 3839 270 3893 aut
291 3833 373 3910 prior
395 3830 539 3909 positione
561 3828 662 3908 longa,
691 3828 822 3908 dactylo,
846 3840 1018 3910 anapaesto,
1041 3831 1259 3912 amphimacro,
1284 3827 1488 3916 amphibracho

290 4051 369 4102 ised
388 4059 412 4099 at
430 4066 461 4099 ex
477 4051 502 4099 P
587 4053 695 4112 'equam
717 4064 762 4103 om.
784 4050 808 4099 P
894 4052 1022 4114 siquidem
1041 4053 1186 4118 trisyllabos
1202 4057 1244 4106 B:
1262 4057 1385 4122 siquidem
1401 4050 1482 4104 comui

220 4120 348 4184 simplices
368 4120 447 4185 pedes
465 4135 545 4183 usque
564 4135 581 4176 ς
599 4120 683 4171 codex
702 4121 835 4171 Mensis
905 4122 920 4171 7
939 4123 964 4171 iu
979 4138 1041 4174 uoce
1058 4134 1160 4175 nostrae
1177 4125 1329 4177 eleuationis
1346 4127 1481 4177 semanim·

220 4190 274 4239 desc
294 4190 428 4241 Leideuaia
498 4190 572 4240 sea
590 4205 636 4244 om.
657 4190 682 4238 F
731 4192 802 4240 iuxta
822 4192 1054 4256 interpretationem
1072 4196 1142 4261 greci
1160 4197 1272 4247 nominis
1290 4188 1480 4262 quodpraaiiss

220 4259 313 4309 dicitur
331 4262 400 4322 (reti.
417 4260 477 4324 om.)
496 4260 521 4309 F
536 4260 607 4309 iuxta
626 4274 745 4326 graecam
757 4261 867 4310 nominis
881 4262 1114 4328 interpretationem
1133 4266 1203 4329 quod
1219 4274 1257 4317 est
1276 4267 1391 4333 prosodia
1404 4258 1480 4313 dicitur

219 4329 297 4379 latine
315 4331 436 4380 adcantus
450 4345 518 4380 corr.
533 4331 611 4381 iuxta>
620 4331 853 4395 interpretationem
871 4334 995 4383 sermonis
1004 4335 1089 4400 graeci
1100 4335 1224 4400 prosodia
1241 4338 1311 4400 qnod
1322 4337 1404 4387 dicitnr
1415 4325 1478 4379 ltd⁰⁶

219 4400 342 4452 adcantus
361 4399 387 4448 B
465 4398 558 4449 darant
577 4409 661 4449 autem
680 4415 768 4450 ornnes
786 4401 811 4449 F
889 4401 921 4452 12
940 4402 1048 4454 diastole
1065 4414 1089 4454 et
1106 4405 1319 4472 apostrophonF
1391 4402 1478 4456 littu‘

218 4480 259 4520 tua
278 4470 366 4537 grauis
384 4469 561 4521 circumllcxus
579 4485 649 4520 corr.
670 4480 758 4520 acutus
778 4480 802 4521 et
819 4472 996 4523 circamllexua
1013 4474 1040 4523 B
1055 4484 1145 4524 acutus
1168 4482 1194 4524 et
1212 4471 1418 4528 cimamaexust

220 4540 253 4591 lb
276 4542 303 4589 in
320 4554 384 4589 uoce
408 4550 508 4589 nostrae
527 4541 675 4591 eleuatiouis
693 4549 796 4591 seruant
812 4542 895 4591 com
913 4541 1048 4594 Leidensa'a
1132 4547 1163 4597 17
1181 4548 1252 4597 arsin
1269 4558 1294 4599 et
1311 4540 1420 4598 thesqu

217 4610 252 4660 20
279 4611 442 4661 moderantur
467 4610 491 4658 F
591 4612 625 4661 24
649 4626 705 4660 cum
726 4619 788 4674 post
814 4611 853 4661 rel
879 4620 985 4678 atroque
1012 4616 1067 4666 loco
1091 4631 1136 4668 om.
1156 4616 1182 4666 F
1284 4618 1319 4670 26
1334 4610 1419 4667 auntl'

218 4682 252 4731 27
271 4693 322 4730 tres
339 4681 412 4745 ipsae
429 4680 454 4730 B
471 4690 522 4729 tres
540 4682 611 4746 ipsae
629 4681 743 4746 syllabae
759 4695 776 4738 ς
793 4683 876 4734 codex
894 4684 1029 4735 Leideaae'e
1112 4686 1147 4738 29
1164 4687 1257 4739 horum
1275 4688 1428 4753 exemplorum
1439 4675 1472 4724 ⁵¹¹⁶

218 4761 323 4801 uentum
338 4751 364 4800 F
378 4751 460 4800 codem
477 4750 611 4802 Leidenca
679 4761 707 4800 ut
729 4752 854 4816 trisyllabi
872 4768 942 4807 corr.
963 4763 991 4803 ut
1009 4755 1034 4803 iu
1059 4755 1200 4822 trisyllabis
1218 4759 1244 4810 B
1312 4757 1347 4812 sd
1363 4753 1471 4823 aegidii*

218 4834 275 4869 mus
292 4819 411 4871 tribrachi
435 4821 547 4871 molosus
566 4821 645 4883 (corr.
666 4821 778 4885 moloso)
799 4822 825 4871 B
847 4826 1010 4888 agnoscimus
1036 4826 1061 4874 in
1079 4827 1206 4878 tribracho
1225 4840 1250 4879 ct
1266 4827 1399 4880 nrolosoF
1444 4804 1470 4864 ³²
1528 4853 1538 4879 τ

218 4890 244 4939 in
263 4891 356 4941 dactilo
374 4893 400 4940 in
419 4902 543 4957 anapesto
563 4901 588 4940 ct
606 4891 759 4940 aabaaaclrro
776 4893 802 4942 iu
819 4892 966 4944 aalibracho
982 4895 1008 4943 F
