3314 5506
217 378 280 441 552
783 364 937 448 [SERGU]

267 479 318 521 657
331 477 444 520 codLev.

217 579 250 621 es
270 566 330 628 est,
359 574 457 628 eram,
485 554 616 627 utillud
637 553 717 636 quod
738 560 822 617 extra
844 554 1068 633 coniurationes
1090 571 1155 615 esse
1176 553 1320 625 diximum,
1340 554 1401 628 odi.
1423 555 1474 619 ltc‘t

218 661 379 746 praeterito
407 657 540 739 perlecto
567 676 637 719 osus
665 675 741 720 sum.
785 656 855 718 item
883 657 976 717 mirae
998 656 1136 718 novitatis
1156 663 1203 717 est
1225 655 1345 721 verbum
1363 657 1473 739 coniup

219 764 308 826 tionis
330 761 434 824 tertiae
455 767 624 840 correptae,
640 754 655 843 ΙΙ
675 757 766 831 laclo,
789 756 867 839 quod
889 757 991 837 utique
1012 755 1146 820 neutrale
1167 765 1225 829 est,
1248 760 1316 840 quia
1336 778 1393 821 nou
1410 759 1474 823 lulct

220 865 402 927 contrarium
425 862 534 932 lacior;
558 869 656 924 tamen
677 861 703 922 si
724 859 959 931 consideremus,
986 877 1041 941 pro
1062 860 1158 922 actim
1178 858 1283 924 haberi
1303 869 1410 949 potest,
1426 863 1472 943 odi

192 968 297 1030 slacio
318 965 432 1044 agentis
455 972 514 1034 est,
544 970 573 1024 et
595 971 640 1025 est
660 962 698 1024 llo
719 962 866 1043 patientis.
911 979 985 1024 nova
1007 978 1080 1041 ergo
1101 960 1197 1024 lorma
1219 980 1287 1025 cum
1309 962 1384 1027 aliud
1402 981 1471 1044 apere

218 1067 297 1130 aliud
319 1069 382 1148 pati
402 1067 561 1144 significet,
590 1072 749 1145 utrumque
771 1062 919 1134 neuuale,
945 1065 986 1125 ita
1007 1070 1107 1127 tamen
1129 1072 1162 1126 ut
1182 1065 1236 1136 lio,
1263 1065 1342 1147 quod
1361 1083 1411 1144 pro
1426 1082 1472 1145 pu·

217 1172 279 1233 siva
308 1167 470 1233 neutralem
498 1166 597 1229 intulit
624 1168 764 1237 lormam,
793 1174 926 1246 tempore
953 1167 1114 1247 praeterito
1135 1166 1269 1246 perlecto
1290 1175 1320 1231 et
1339 1166 1473 1253 plmqvm·

217 1272 350 1353 perlecto
373 1269 409 1331 ad
431 1270 574 1348 passivam
596 1271 726 1350 speciem
747 1266 927 1331 revolvatur:
951 1267 1075 1329 dicimur
1097 1269 1177 1330 enim
1200 1268 1297 1331 iactus
1316 1286 1388 1341 sum,
1405 1269 1473 1331 lacta

221 1390 312 1435 eram.
350 1370 455 1433 harum
477 1372 648 1433 varietatum
671 1369 815 1451 plurimae
836 1372 951 1450 species
973 1367 1020 1433 rel
1039 1368 1149 1450 legemi
1170 1381 1333 1445 occurrent
1351 1369 1394 1433 vel
1410 1372 1472 1432 um

182 1476 251 1536 rein
274 1482 408 1554 tempore
429 1472 595 1535 disserenti.
638 1472 762 1535 medeor
789 1490 848 1533 non
876 1469 966 1533 habet
991 1473 1199 1551 praeteritum,
1226 1490 1365 1554 praesens
1383 1471 1473 1535 medeor

217 1575 346 1639 mederis
367 1574 511 1637 medetur.

304 1677 476 1755 Goniogatio
504 1676 539 1738 ad
568 1673 700 1756 rapidam
723 1677 851 1756 pertinet
872 1674 1045 1744 verborum,
1068 1693 1144 1756 quae
1166 1675 1268 1748 docet,
1289 1679 1322 1739 in
1342 1695 1418 1759 quan
1433 1673 1473 1756 syl·

219 1778 317 1843 labam
346 1786 431 1839 exeat
458 1778 591 1840 loturum
613 1787 729 1856 tempus
751 1776 924 1846 verborum,
954 1794 992 1838 ne
1013 1794 1068 1856 per
1089 1778 1309 1858 inprudentiam
1330 1780 1402 1843 dicat
1416 1780 1473 1858 qun

220 1883 299 1963 piam
328 1884 402 1959 ‘ego
431 1879 484 1941 tibi
512 1878 634 1960 legebo'
658 1898 713 1961 pro
735 1879 831 1960 legam
860 1885 889 1941 et
910 1880 1103 1958 coguoscebio
1124 1899 1180 1961 pro
1202 1897 1369 1959 cognosces.
1405 1882 1473 1962 prima

183 2000 208 2041 rs
221 1985 312 2047 mittit
333 1982 464 2043 luturum
487 1989 602 2063 tempus
624 1983 654 2043 in
677 1982 731 2052 bo:
760 1980 898 2043 similiter
920 1988 950 2042 et
971 1982 1098 2043 monada
1120 1984 1152 2044 in
1174 1981 1213 2045 bo
1235 1985 1309 2053 exit;
1332 1985 1407 2045 tertia
1425 1999 1473 2043 rem

219 2087 250 2146 in
272 2103 333 2155 am,
357 2092 391 2145 ut
411 2083 516 2163 legam.
560 2102 577 2144 a
604 2082 754 2164 plerisque
782 2090 881 2144 autem
910 2083 1017 2145 dicitur
1047 2093 1077 2146 et
1103 2091 1208 2165 quarta
1231 2087 1473 2166 coniugatorum

221 2187 352 2247 loturum
382 2194 497 2264 tempus
524 2187 612 2247 mittit
639 2186 671 2247 in
700 2205 745 2247 am
769 2194 799 2246 et
819 2187 850 2247 in
872 2184 926 2256 ho,
953 2204 1041 2266 quam
1064 2187 1107 2247 sic
1129 2187 1333 2250 discernimus.
1373 2187 1474 2268 potes

221 2289 413 2368 imperativus
436 2287 540 2349 modus
561 2288 597 2350 ad
619 2287 778 2350 secundam
801 2305 959 2368 personam
982 2289 993 2348 i
1014 2287 1111 2349 littera
1133 2288 1223 2350 luerit
1244 2290 1414 2359 terminatus,
1431 2290 1473 2367 ipst

223 2398 268 2451 est
290 2389 456 2468 coniugatio
479 2409 553 2470 quae
582 2390 689 2452 dicitur
711 2398 830 2469 quarta,
859 2395 891 2451 ut
918 2397 962 2450 est
984 2390 1061 2450 servi
1083 2389 1151 2451 audi
1172 2391 1183 2451 i
1204 2390 1276 2453 lulci
1297 2397 1475 2458 ureteras

183 2507 210 2548 ao
225 2491 294 2553 lacit
315 2491 445 2552 laturum
474 2499 590 2570 tempus
617 2492 741 2554 serviam
770 2499 801 2552 et
815 2483 957 2552 servibo:
989 2491 1146 2554 Terentius
1174 2493 1206 2553 iu
1227 2493 1341 2574 Hecyra
1362 2491 1474 2555 ‘matris

222 2592 377 2655 servibo
399 2593 634 2655 commodis’:
658 2592 773 2656 audiam
797 2592 919 2663 audibo,
942 2611 1006 2654 eam
1028 2592 1094 2664 ibo,
1116 2595 1146 2655 in
1168 2593 1311 2659 bucolicis

373 2693 434 2755 iho
457 2703 493 2756 et
513 2694 706 2758 Calcidico
728 2713 820 2775 qnae
841 2703 929 2757 sunt
950 2695 1039 2757 milri
1061 2694 1213 2758 condita
1235 2717 1346 2762 versu

374 2798 537 2859 carmina
560 2798 726 2877 pastoris
749 2795 870 2859 Siculi
892 2795 1104 2858 meditabor
1125 2815 1250 2862 avena.

222 2899 288 2979 lego
310 2897 384 2978 legis
406 2897 491 2978 legit,
515 2898 598 2959 lacio‘
613 2899 685 2959 lacis
707 2898 790 2968 lacit,
819 2899 918 2960 loturo
940 2906 1074 2979 tempora
1095 2898 1191 2979 legam
1215 2900 1328 2964 laciam.
1369 2902 1477 2977 coniugi·

184 3020 210 3059 ao
223 3005 264 3064 tio
286 3001 414 3064 secunda
437 3003 467 3060 in
490 3000 545 3070 ho,
569 3019 676 3062 moneo
698 3019 816 3071 mones,
845 3002 943 3063 luturo
966 3010 1099 3082 tempore
1119 3002 1263 3073 monebo;
1287 3006 1396 3084 passivo
1414 2999 1479 3064 verbo

221 3122 345 3164 moneor
373 3103 443 3165 lacit
470 3101 570 3163 luturo
598 3102 754 3164 monebor.
797 3100 874 3164 aliud
903 3111 948 3163 est
975 3101 1042 3182 lego
1063 3102 1187 3174 librum,
1212 3104 1291 3167 aliud
1313 3114 1356 3167 eat
1375 3105 1443 3184 lego,
1459 3100 1479 3161 id

222 3213 267 3269 est
288 3204 512 3267 custodiendum
536 3204 727 3265 commendo:
751 3203 820 3265 hinc
843 3206 921 3266 venit
943 3203 1047 3283 delego
1069 3204 1185 3285 relego:
1210 3205 1355 3286 Vergilius

376 3314 410 3367 et
432 3306 616 3386 nymphae
638 3307 794 3386 Egeriae
816 3307 1034 3386 nemorique
1056 3306 1216 3387 relegat,

222 3416 253 3471 et
284 3408 320 3470 de
350 3409 492 3470 armentis
519 3409 576 3479 sio,
606 3409 659 3469 ‘in
692 3406 770 3469 sola
803 3407 978 3487 relegant
1003 3414 1155 3488 pascua'
1185 3408 1322 3491 [muscus
1348 3407 1482 3474 obilierlr

183 3525 209 3567 ao
224 3509 345 3592 suavis}

309 3612 446 3692 Plerique
469 3611 578 3674 docent
599 3620 628 3674 et
649 3613 841 3674 concitionem
865 3613 981 3674 esseio
1005 3611 1202 3676 declinatione
1223 3616 1394 3686 verborum,
1419 3631 1484 3697 quam

224 3713 354 3777 llonatus
376 3712 458 3776 siluit
478 3714 523 3775 vel
545 3714 683 3776 Scaurus

309 3816 418 3878 Neutra
446 3824 515 3879 suot
543 3835 618 3896 quae
645 3833 701 3876 nec
728 3817 863 3896 accipere
886 3826 1008 3897 possunt
1029 3837 1044 3879 r
1066 3817 1193 3880 litteram
1216 3837 1273 3880 nec
1294 3838 1418 3901 ponere,
1436 3817 1485 3899 quit

225 3916 313 3978 simul
336 3936 400 3979 eam
424 3919 558 3998 recipere
581 3925 743 3994 nequeant,
766 3928 800 3980 ut
821 3926 866 3980 sto
888 3937 993 3981 curro:
1016 3929 1079 3982 stor
1101 3938 1207 3981 curror
1228 3921 1332 3984 latina
1353 3940 1410 3985 nou
1427 3926 1487 3983 sunl

293 4105 309 4152 4
329 4105 452 4154 contrario
473 4104 497 4153 L
582 4104 598 4155 5
617 4112 642 4155 et
658 4111 700 4156 ost
716 4109 742 4158 in
761 4121 839 4172 ΜΨ.
857 4107 919 4158 odd.
939 4108 962 4157 L
1050 4105 1082 4158 19
1102 4116 1125 4158 et
1144 4114 1228 4158 cetera
1244 4106 1308 4159 lacit
1324 4109 1348 4159 L
1427 4106 1455 4158 lli
1468 4107 1486 4152 lt

224 4170 332 4239 Hecyra]
352 4173 386 4222 lll
405 4172 430 4237 5,
449 4176 482 4225 45
552 4175 628 4224 matri
644 4176 668 4225 L
738 4175 770 4227 21
795 4178 820 4226 in
839 4174 971 4244 bucolicis]
991 4174 1032 4236 10,
1051 4177 1085 4229 56
1166 4178 1200 4228 22
1219 4178 1347 4230 condiret
1370 4174 1487 4229 cendital

292 4241 327 4294 23
345 4242 444 4294 habena
461 4246 486 4294 L
573 4245 607 4295 27
626 4261 699 4312 nerg.
718 4247 828 4296 etenim
847 4246 889 4297 lae
907 4246 950 4296 L:
971 4249 1050 4312 Verp.
1069 4248 1135 4299 Aen.
1154 4247 1201 4297 Vll
1222 4248 1275 4300 775
1345 4250 1379 4302 28
1397 4247 1488 4312 relegam

223 4313 306 4378 (corr.
326 4311 396 4379 pat)
415 4323 439 4364 et
459 4314 489 4363 de
505 4315 582 4364 armis
601 4316 638 4364 sio
658 4315 699 4364 L:
722 4317 801 4380 Verp.
819 4331 908 4382 peorp.
926 4315 1029 4367 111213
1098 4318 1132 4369 29
1152 4332 1257 4368 muscus
1275 4319 1319 4369 ubi
1337 4320 1423 4370 herbas
1438 4314 1488 4366 loblt

223 4382 408 4447 (commanis)
428 4384 469 4433 L:
487 4383 522 4446 of.
542 4386 619 4450 Verp.
635 4401 723 4450 peorp.
744 4386 778 4435 lll
799 4387 857 4437 lat.
874 4395 981 4438 catenam
995 4402 1030 4437 erc
1048 4388 1256 4452 interpretatione
1272 4392 1489 4454 emendadum

222 4455 286 4505 daec
302 4454 392 4505 relicto
409 4469 464 4504 ease
479 4454 593 4504 ridentur
662 4454 694 4507 31
712 4457 749 4506 ad
760 4458 870 4521 reputem
888 4457 920 4507 de
934 4460 1072 4509 conemone
1092 4465 1234 4521 tempor-ron,
1249 4475 1299 4524 qua
1317 4460 1424 4520 docetur,
1440 4466 1489 4522 t*

223 4531 334 4588 terpora
342 4539 359 4573 a
368 4524 457 4589 picibus
467 4532 593 4575 rumuntur
604 4523 674 4585 (ereo.
688 4524 752 4576 Bob.
761 4528 808 4576 ool.
823 4527 833 4574 l
846 4541 873 4590 p.
887 4526 947 4584 563,
958 4528 1014 4588 to),
1031 4529 1160 4591 pertinent
1170 4544 1202 4578 ea
1214 4544 1280 4594 puae
1288 4530 1349 4590 553,
1360 4530 1377 4583 3
1388 4529 1417 4579 de
1423 4526 1489 4591 pilu

223 4594 352 4644 umbonem
376 4596 498 4657 positione
523 4593 593 4657 (exo.
611 4594 677 4649 Boo.
692 4610 719 4659 p.
740 4594 799 4661 563,
814 4594 860 4658 34)
878 4604 903 4647 et
921 4597 991 4659 infra
1009 4599 1070 4658 554,
1086 4602 1102 4647 t
1120 4599 1153 4649 de
1165 4600 1311 4664 imperativo
1328 4609 1353 4651 et
1365 4596 1489 4664 ptum

224 4665 295 4714 modo
310 4667 409 4728 aordptn
426 4673 492 4718 runt.
516 4672 657 4729 praeterea
673 4682 738 4731 quoe
755 4666 787 4717 de
803 4666 879 4717 uerbo
891 4668 923 4717 llo
934 4666 1022 4730 5536
1037 4668 1102 4719 etde
1110 4672 1368 4734 praeteritotearpm
1382 4668 1489 4721 cerm

224 4733 402 4796 defectiaorum
413 4735 473 4796 553,
488 4735 504 4787 9
517 4735 639 4786 adnotato
651 4744 711 4786 aaut
727 4737 811 4787 eodem
828 4737 945 4788 videntur
956 4738 1094 4801 referenda
1105 4754 1170 4794 erae.
1190 4747 1300 4790 ceterum
1308 4742 1333 4790 air
1343 4741 1381 4790 dia
1392 4738 1489 4789 obrem·

221 4803 328 4854 tioutdua
343 4804 482 4868 andecimo,
502 4819 554 4854 mam
569 4808 644 4857 multa
661 4820 784 4868 perverto
804 4808 894 4859 ordine
910 4810 1008 4870 scripta
1024 4810 1082 4869 unt,
1097 4817 1193 4860 certata
1211 4812 1289 4876 tepeat
1302 4825 1334 4861 ae
1344 4811 1398 4874 tou
1410 4806 1488 4874 σὼ

221 4876 397 4936 promoerium
414 4883 514 4927 secutus
534 4891 590 4926 erae
607 4875 705 4926 videtur
774 4874 808 4928 33
827 4885 885 4927 aunt
903 4891 948 4927 om.
968 4877 994 4927 L
