3314 5506
474 378 672 440 lNSTlTVTA
691 378 832 440 antimi
850 380 1018 442 696-713
1334 384 1389 443 151

149 510 171 550 μ.
184 496 232 539 m.
242 496 269 537 rs
284 496 309 537 a.
1183 512 1204 551 p.
1218 498 1264 539 aaa.
1273 499 1298 538 rr
1314 498 1340 541 ν.

94 568 275 638 subicimus,
312 585 368 647 qna
403 567 610 634 dinoscantur,
647 584 735 645 quem
766 567 800 627 ad
831 567 950 627 modum
986 588 1019 628 ex
1055 588 1086 628 se
1119 568 1256 629 adverbia
1295 569 1392 630 iacere

95 679 230 750 possunt

183 771 225 833 lie
240 791 269 832 o.
299 787 504 851 quaecumque
522 771 640 829 nomina
663 769 775 830 scilieet
796 768 966 848 appellativa
991 770 1146 831 cuiuslibet
1162 771 1271 848 gradus
1293 771 1390 833 dativo

94 893 168 936 casu
190 873 325 934 olittera
350 873 555 940 terminantur,
577 872 659 940 haee,
686 874 711 932 si
726 870 862 932 adverbia
885 891 920 932 ex
939 890 970 932 se
993 872 1090 933 iacere
1111 881 1243 950 possunt,
1267 873 1390 934 eandem

94 997 115 1037 o
136 975 267 1036 litteram
288 976 318 1035 in
341 992 358 1033 e
377 979 554 1033 convertunt
575 978 603 1033 et
625 973 762 1033 avlvcrbia
786 991 839 1033 sua
861 973 1033 1041 ostendunt,
1061 981 1184 1051 utputa
1213 974 1281 1035 hnic
1303 975 1389 1036 docto
1416 1005 1429 1042 a

95 1077 193 1145 docte,
216 1076 288 1137 bnio
309 1076 479 1136 doctissimo
505 1075 688 1143 doctissime,
710 1076 778 1135 hnic
798 1082 901 1135 tenero
925 1082 1035 1135 tenere.
1080 1077 1122 1135 sic
1145 1083 1173 1135 et
1195 1074 1250 1136 alia
1273 1078 1390 1137 nomina

94 1177 209 1239 scilicm
223 1176 407 1257 appellativa,
431 1194 508 1257 quae
525 1176 622 1236 dativo
642 1195 711 1236 casu
726 1197 744 1236 o
760 1175 854 1237 littera
875 1177 1071 1237 terminantur
1093 1186 1121 1236 et
1135 1176 1271 1238 adverbia
1293 1176 1390 1240 iacere

94 1288 237 1360 possunt,
264 1279 333 1341 talia
354 1277 493 1340 adverbia
523 1297 558 1338 ex
580 1296 612 1338 se
636 1279 733 1339 iacere
761 1280 997 1356 pronuntiantur.
1042 1296 1113 1339 sane
1141 1279 1198 1339 boe
1225 1296 1390 1347 monemus,

93 1381 176 1463 quod
205 1381 317 1442 iubae
344 1380 564 1458 suprascripta
593 1380 687 1441 iorma
716 1382 774 1441 sint
801 1379 896 1460 aliqua
925 1380 1064 1441 undecim
1092 1382 1226 1448 nomina,
1255 1399 1332 1460 qrvae
1355 1399 1391 1441 ex

94 1500 186 1561 surpra
209 1484 289 1543 dicto
315 1500 385 1542 casu
413 1480 627 1560 supradictam
651 1481 778 1557 litteram
803 1483 883 1542 etin
906 1485 916 1542 i
937 1489 1108 1543 convertant
1136 1490 1166 1542 et
1186 1489 1232 1542 ter
1250 1480 1390 1561 syllabam
1406 1502 1430 1544 ro

94 1587 242 1663 accipiant
270 1593 298 1645 et
325 1585 367 1644 sic
397 1581 535 1643 adverbia
564 1583 685 1652 iaciant,
715 1590 746 1643 ut
774 1591 843 1661 puta
871 1582 939 1643 huic
967 1583 1042 1642 duro
1069 1583 1192 1643 duriter.
1236 1584 1306 1644 item
1335 1583 1392 1644 boo

93 1704 263 1755 monemus,
286 1686 367 1766 quod
385 1686 414 1744 in
436 1685 491 1745 bae
508 1701 597 1762 supra
620 1684 697 1745 dicta
720 1685 813 1744 iorma
835 1686 893 1746 sint
915 1683 1011 1765 aliqua
1035 1685 1083 1744 Vll
1105 1685 1233 1752 nomina,
1256 1703 1332 1764 qnae
1354 1704 1391 1746 ex

92 1804 186 1865 snpra
206 1787 287 1847 dicto
306 1805 375 1849 casu
398 1803 488 1864 supra
510 1785 617 1846 dictam
639 1784 767 1847 litteram
789 1785 820 1847 in
841 1805 874 1846 er
896 1785 1009 1847 litteras
1031 1792 1212 1856 convertant,
1235 1793 1267 1845 ut
1288 1786 1391 1847 adver·

93 1889 143 1951 bia
166 1889 285 1957 iaciant,
309 1896 432 1967 utputa
457 1889 526 1948 buic
548 1886 675 1948 violento
699 1887 850 1949 violenter.
895 1888 965 1947 item
988 1887 1044 1947 boe
1067 1905 1235 1956 monemus,
1259 1888 1337 1968 quod
1358 1889 1390 1948 in

92 1991 150 2052 baa
169 1990 359 2069 supradicta
383 1990 478 2050 iorma
500 1990 559 2050 sint
580 1988 675 2068 aliqua
694 1989 770 2050 xvii
792 1990 926 2057 nomina,
950 2007 1026 2068 quae
1048 2007 1082 2048 ex
1107 2007 1197 2068 snpra
1219 1990 1297 2050 dicto
1320 2008 1389 2051 casu
1405 2010 1430 2051 rs

92 2111 185 2172 snpra
207 2092 316 2153 dictam
337 2091 465 2152 litteram
486 2098 516 2152 et
529 2087 543 2174 11
559 2093 588 2150 in
612 2094 621 2150 i
646 2098 819 2151 convertant
844 2098 873 2151 et
891 2097 938 2151 tus
965 2089 1105 2170 syllabam
1129 2092 1274 2170 accipiant
1300 2093 1390 2152 etsie

92 2193 235 2257 adverbia
258 2193 377 2262 iaciant,
401 2200 433 2253 ut
455 2199 524 2271 puta
546 2191 614 2252 huic
630 2192 726 2252 divino
746 2193 890 2253 divinitus.
924 2194 975 2254 sed
991 2193 1064 2253 baec
1085 2211 1161 2273 quae
1180 2194 1239 2254 sint
1259 2195 1389 2262 nomina,

91 2314 172 2376 qnae
193 2314 231 2356 ex
255 2296 388 2375 utrisque
415 2295 519 2354 formis
547 2295 588 2354 sic
610 2294 746 2354 adverbia
773 2295 894 2363 iaciant,
925 2295 1058 2355 insonis
1087 2302 1280 2373 conpetenter
1303 2295 1390 2356 doee-

91 2398 205 2459 bimus.

181 2498 225 2560 lic
247 2500 266 2559 i.
309 2515 514 2578 quaecumque
535 2499 654 2558 nomina
686 2498 798 2559 scilicet
819 2497 992 2577 appellativa
1018 2498 1133 2578 positivi
1162 2498 1273 2575 gradus
1294 2498 1390 2559 dativo
1404 2519 1431 2562 ao

91 2619 166 2663 casu
186 2603 196 2663 i
218 2600 316 2662 littera
337 2601 532 2660 terminantur
554 2607 583 2660 et
604 2599 741 2660 adverbia
771 2619 806 2660 ex
828 2620 860 2661 se
883 2599 981 2662 iacere
1004 2608 1143 2677 possunt,
1172 2600 1262 2669 haec,
1289 2601 1314 2660 si
1337 2617 1391 2659 no·

91 2706 236 2765 minativo
257 2721 328 2764 casu
351 2705 466 2763 numeri
488 2700 601 2762 scilicet
622 2700 779 2779 singularis
805 2720 864 2762 non
888 2702 933 2762 bis
955 2701 1050 2761 tribus
1074 2702 1192 2770 formis,
1219 2701 1248 2761 id
1271 2708 1315 2762 est
1340 2719 1393 2761 ans

91 2823 150 2868 ens
168 2824 233 2875 ers,
264 2803 316 2864 secl
345 2803 408 2865 aliis
431 2802 612 2883 quibuslibet
641 2804 836 2873 deliniuntur,
868 2806 898 2863 in
924 2803 1027 2864 eodem
1057 2804 1152 2864 ‹lativo
1175 2821 1246 2864 casn
1277 2805 1392 2864 numeri

90 2906 210 2968 scilicet
230 2904 390 2984 singularis
407 2912 453 2966 ter
467 2904 608 2985 syllabam
629 2907 777 2982 accipiunt
796 2915 826 2966 et
847 2905 985 2966 adverbia
1008 2924 1059 2966 sua
1081 2905 1249 2972 ostendunt,
1273 2910 1393 2982 utputa

94 3011 167 3071 bnis
201 3007 304 3089 gracili
341 3007 499 3086 graciliter.
551 3009 594 3066 sie
627 3014 656 3067 et
687 3006 742 3067 alia
774 3007 893 3066 nomina
930 3006 1042 3068 seilicet
1065 3008 1245 3087 appellativa
1278 3006 1391 3084 positivi
1405 3026 1430 3068 aa

92 3110 221 3189 gmdus,
251 3127 328 3190 qnae
349 3110 447 3171 dativo
471 3127 541 3169 casu
564 3109 574 3167 i
596 3106 694 3169 littera
717 3111 913 3170 terminantur
934 3118 963 3170 et
986 3111 1165 3170 nominativo
1185 3126 1256 3169 casu
1277 3109 1392 3168 numeri

93 3210 210 3274 seilicet
236 3210 395 3290 singularis
423 3227 482 3270 non
512 3210 604 3272 isdem
633 3227 722 3290 supra
752 3213 870 3290 scriptis
900 3211 995 3273 tribus
1023 3211 1126 3272 formis
1153 3211 1334 3272 deliniuntur
1364 3219 1393 3272 et

92 3313 234 3376 adverbia
254 3314 353 3374 iacere
374 3319 512 3391 possunt,
542 3311 609 3372 talia
637 3311 774 3373 adverbia
804 3332 838 3373 er
864 3332 896 3373 se
917 3314 1015 3374 iacere
1037 3314 1275 3392 pronuntiantur.
1321 3330 1391 3373 sane

93 3417 154 3476 boc
170 3431 343 3484 monemus,
369 3414 448 3494 quod
472 3415 500 3473 in
519 3413 575 3474 bac
595 3432 685 3492 supra
707 3415 815 3491 scripta
835 3416 929 3475 iornva
957 3417 1015 3475 sint
1036 3413 1131 3490 aliqua
1154 3415 1287 3484 nomina,
1316 3432 1391 3494 quae

93 3535 133 3579 ex
153 3534 246 3596 supra
268 3516 348 3576 dicto
375 3533 444 3577 casu
474 3533 563 3593 supra
587 3516 696 3576 dictam
725 3513 853 3577 litteram
881 3524 911 3578 et
933 3519 961 3577 in
985 3536 1000 3577 e
1024 3523 1197 3576 convertant
1222 3517 1315 3576 etsie
1340 3516 1430 3577 acl-ao

94 3617 199 3680 rerbia
225 3617 348 3686 iaciant,
376 3626 409 3678 ut
435 3624 505 3695 puta
535 3617 605 3701 buin
632 3617 708 3677 iacili
737 3616 839 3698 sacillo.
885 3618 936 3679 sed
966 3617 1039 3679 baec
1069 3635 1145 3697 quae
1174 3620 1233 3676 sint
1260 3618 1390 3685 nomina,

93 3738 174 3802 qnae
196 3737 231 3781 ex
254 3725 380 3798 utraque
403 3719 498 3779 iorma
521 3721 564 3780 sie
586 3719 723 3780 adverbia
750 3719 873 3787 iaciant,
900 3720 929 3779 in
953 3721 1033 3779 sonis
1056 3727 1250 3798 conpetenter
1273 3717 1392 3780 docebi-

93 3840 173 3884 mus.
216 3830 342 3882 atvero
376 3838 580 3900 quaecumque
613 3823 729 3881 nomina
764 3820 876 3882 scilieet
905 3820 1077 3900 appellativa
1110 3822 1288 3881 nominativo
1323 3838 1392 3881 casn

94 3924 215 3986 numeri
243 3920 540 4014 scilicet·sinyularis
565 3923 612 3983 bis
638 3923 733 3984 tribus
761 3941 850 4002 supra
876 3925 994 4002 seriptis
1016 3925 1118 3985 iormis
1143 3923 1337 3992 definiuntur,
1365 3922 1392 3982 id
1506 3946 1509 3953 ·

93 4035 142 4089 ost
162 4043 217 4087 ans
238 4041 293 4085 ens
314 4041 372 4093 ers,
395 4030 425 4085 et
446 4023 584 4086 adverbia
610 4026 707 4085 iacere
731 4032 863 4103 possunt,
888 4025 962 4086 baeo
984 4026 1079 4086 dativo
1103 4043 1172 4085 casn
1196 4025 1310 4086 numeri
1333 4025 1392 4083 sin·
1406 4040 1432 4082 as

93 4126 209 4207 gularis
228 4125 364 4188 ultimam
383 4125 523 4207 syllabam
542 4129 679 4187 amittunt
699 4135 729 4188 et
742 4135 788 4188 ter
808 4125 948 4205 syllabam
970 4128 1118 4204 accipiunt
1139 4137 1168 4187 et
1183 4124 1319 4187 adverbia
1341 4143 1393 4186 sna
1490 4194 1492 4198 ¹

93 4228 266 4297 osmndunt,
288 4232 406 4304 utputa
429 4246 531 4289 amans
553 4231 663 4289 amanti
685 4235 828 4298 amanter,
852 4230 970 4307 sapiens
988 4230 1113 4306 sapienti
1136 4228 1293 4306 sapienter,
1314 4227 1394 4286 iners

93 4330 183 4392 inerti
201 4331 324 4389 inerter.
354 4331 397 4391 sie
418 4336 449 4390 et
470 4329 525 4390 alia
546 4333 665 4392 nomina
688 4330 800 4391 scilicet
820 4329 1002 4409 appellativa,
1026 4348 1101 4408 quae
1124 4331 1304 4389 nominativo
1323 4345 1392 4388 casu

93 4447 189 4509 snpra
210 4429 330 4508 scripu's
354 4428 452 4492 tribus
480 4431 585 4492 iormis
607 4431 787 4493 definiuntur
813 4439 842 4492 et
871 4430 1007 4492 adverbia
1033 4431 1130 4492 iacere
1157 4437 1296 4509 possunt,
1326 4428 1393 4488 talia

96 4528 242 4593 adverbia
270 4549 305 4591 ex
333 4550 365 4592 se
394 4532 492 4593 iacere
520 4535 759 4612 pronuntiantur.
803 4550 1007 4613 quaecumque
1038 4539 1136 4593 antem
1164 4533 1283 4592 nomina
1311 4541 1432 4590 com-⁴0

171 4774 206 4826 ll
226 4774 349 4840 accipiant
368 4777 390 4826 li
412 4777 534 4843 recipiant
551 4778 576 4829 B
592 4779 598 4789 ¹
644 4827 647 4833 ,
665 4780 828 4844 laquie-
847 4780 876 4830 15
896 4778 967 4829 XVil
983 4779 1086 4829 nomina
1104 4793 1148 4829 om.
1168 4779 1200 4842 u,
1218 4776 1278 4828 ovid.
1298 4775 1323 4824 B

93 4848 130 4901 16
150 4844 284 4909 accipiant
300 4845 322 4896 a
339 4846 474 4896 admittant
492 4846 518 4897 B
