3346 5506
559 392 565 406 ⁴
662 403 779 467 comit.
801 404 840 467 ΙΝ
861 404 1039 469 DONh'l'Vhl
1432 413 1493 477 427

1193 515 1210 555 i.
1224 514 1269 557 170.
1279 515 1321 556 'ld'
1334 515 1382 557 eud.
1396 514 1443 555 Pur.

211 589 272 650 dne
291 589 424 651 ascendit
446 592 594 672 accentus)
619 593 704 653 tertia
727 610 743 652 a
765 592 823 653 line
846 592 955 672 syllaba
978 601 1096 655 acutum
1112 612 1230 674 semper
1252 594 1370 655 babebit
1392 612 1493 655 acceu-

211 698 283 753 tum.
327 709 488 772 numquam
511 695 590 754 euim
613 692 649 753 ad
672 695 765 772 ipsam
788 696 995 757 circumflexus
1017 695 1157 757 ascendit.
1196 705 1265 757 ωηο
1288 704 1383 758 autem
1406 716 1492 777 supra

210 793 321 857 dictum
350 794 470 856 babebit
496 803 665 866 accentum,
694 815 760 858 cum
784 796 956 858 secunda-a
985 799 1043 858 bne
1072 796 1160 858 luerit
1189 797 1358 858 naturaliter
1390 798 1492 870 brevis,

208 903 243 957 nt
263 896 419 959 Romulus:
448 914 516 957 narn
544 897 610 958 ideo
638 898 682 959 llo
711 899 801 960 babet
828 910 995 970 accentum,
1024 901 1092 980 quia
1119 918 1169 960 mu
1192 898 1300 978 syllaba
1323 900 1419 962 brevis
1441 909 1492 962 est.

208 1001 346 1079 quotiens
368 1007 465 1060 autem
487 998 667 1079 paenultima
690 998 756 1061 loco
778 999 866 1079 longa
889 1008 944 1072 est,
968 1003 1031 1080 ipsa
1055 999 1176 1062 babebit
1203 1009 1371 1071 accentum;
1408 1022 1519 1083 quems

208 1109 306 1162 autem
330 1101 451 1171 babeat,
475 1101 511 1161 de
533 1100 744 1180 disyllaborum
768 1104 883 1163 ratione
906 1104 1121 1181 cognoscimus.
1159 1111 1296 1183 quattuor
1317 1113 1385 1165 sunt
1406 1107 1495 1185 parti·

208 1202 308 1274 culae,
337 1223 412 1283 quae
442 1211 637 1284 corrumpunt
664 1206 695 1265 in
723 1204 940 1285 pronuntiando
968 1204 1086 1284 regulas
1114 1212 1287 1267 accentuum
1311 1206 1379 1276 bae,
1403 1226 1436 1267 ve
1458 1225 1495 1267 ne

209 1323 267 1385 que
289 1323 333 1366 ce.
370 1323 438 1366 nam
461 1307 724 1388 quotienscumque
746 1309 819 1367 istae
842 1306 1004 1387 particulae
1026 1314 1204 1387 sequuntur,
1229 1308 1339 1369 iaciunt
1360 1315 1495 1370 accentus

208 1409 240 1468 in
262 1405 372 1468 ultimis
394 1406 512 1486 syllabis
533 1410 720 1489 superiorum
743 1425 808 1470 esse
830 1427 1016 1478 sermonum,
1038 1416 1071 1469 ut
1092 1409 1231 1488 Musaque
1247 1409 1367 1471 Musaue
1382 1411 1495 1471 blusave

207 1506 323 1570 illiusce
345 1508 476 1570 huiusce.
523 1511 634 1571 Graeca
661 1509 749 1571 verba
778 1519 848 1571 ωηο
871 1512 992 1573 Graecis
1021 1509 1191 1571 accentibus
1213 1511 1405 1590 proterimus,
1429 1531 1493 1573 cum
1509 1531 1533 1571 ro

209 1611 322 1672 Graeca
343 1611 435 1673 tuerit
457 1609 625 1672 declinatio.
656 1613 711 1674 bos
733 1612 862 1674 Arcades
884 1615 1023 1691 quoniam
1039 1613 1141 1673 Latina
1165 1610 1321 1672 declinatio
1344 1620 1399 1681 est,
1415 1616 1496 1692 prior

209 1710 320 1792 syllaba
342 1711 463 1775 habebit
478 1720 649 1784 accentum,
673 1714 702 1775 id
725 1723 770 1775 est
791 1715 878 1776 tertia
900 1733 917 1775 a
940 1716 1015 1782 fine:
1038 1713 1156 1794 quaudo
1179 1722 1276 1775 autem
1300 1713 1422 1776 dicimus
1443 1715 1496 1776 bos

208 1814 352 1886 Arcadas,
383 1815 495 1886 media,
525 1818 664 1897 quoniam
693 1815 850 1877 declinatio
876 1817 987 1878 Graeca
1015 1823 1068 1876 est.
1114 1817 1246 1894 ‘itaque’
1268 1833 1339 1894 pars
1360 1817 1498 1878 orationis

209 1918 363 1997 quaeritur
383 1925 483 1978 utrum
513 1925 650 1996 correpta
677 1918 775 1978 media
798 1936 834 1979 an
857 1917 999 1997 producta
1023 1917 1080 1978 dici
1102 1915 1217 1977 debeat.
1261 1919 1337 1979 scire
1360 1917 1498 1980 debemus

161 2086 167 2099 ,
210 2015 379 2099 lquoniam
403 2025 474 2080 tnnc
495 2021 656 2100 corripitur
678 2020 790 2090 media,
814 2020 858 2101 [id
881 2017 939 2100 est]
963 2038 1030 2080 cum
1053 2036 1111 2079 una
1132 2036 1201 2098 pars
1222 2019 1314 2080 luerit
1342 2022 1495 2088 orationis;
1511 2041 1534 2081 rs

210 2127 279 2182 tuuc
301 2139 373 2182 vero
394 2120 581 2199 producitur,
605 2140 671 2183 cum
695 2122 779 2182 duae.
824 2121 881 2183 boc
908 2119 1081 2200 intellegere
1104 2140 1140 2181 ex
1162 2119 1375 2182 elocutionibus
1396 2141 1497 2201 possu-

211 2241 282 2284 mus
328 2241 396 2283 uam
419 2224 496 2304 siqui
518 2223 595 2285 dicat
618 2227 734 2302 ‘itaque
757 2222 854 2293 lccit’,
878 2224 993 2303 ‘itaque
1022 2222 1123 2293 dixit’,
1152 2241 1207 2303 pro
1230 2221 1343 2284 duabus
1363 2231 1420 2293 est,
1444 2242 1498 2285 nec

210 2325 239 2387 in
266 2322 365 2405 aliqua
392 2323 559 2386 elocutione
587 2332 683 2405 potest
710 2344 774 2386 esse
801 2343 857 2403 pro
885 2322 1013 2396 duabus,
1038 2326 1093 2384 nisi
1114 2325 1144 2384 in
1167 2342 1202 2384 ea
1224 2323 1275 2385 ubi
1297 2341 1351 2403 pro
1373 2324 1496 2405 simplici

211 2428 338 2506 ponitur.

291 2528 562 2609 Quotienscumque
590 2530 774 2609 quaerimus,
802 2546 878 2609 quac
905 2536 1103 2590 consonantes
1129 2529 1160 2589 in
1188 2527 1347 2589 scribendo
1370 2528 1426 2590 sibi
1448 2549 1495 2590 co·
1508 2554 1533 2592 uo

133 2691 138 2706 ,
211 2629 349 2693 haereant
377 2628 423 2691 rel
449 2632 496 2690 cui
518 2630 647 2710 syllabae
668 2632 856 2710 inputentur,
878 2638 977 2693 utrum
1000 2632 1094 2710 priori
1116 2650 1153 2692 au
1168 2632 1317 2709 sequenti,
1340 2630 1497 2692 similitudo

211 2730 332 2794 οἰίοοωη
355 2733 508 2794 nominum
531 2733 610 2794 bunc
632 2732 717 2794 solvit
739 2751 883 2795 errorem.
928 2740 1052 2813 utputa
1074 2733 1099 2792 si
1121 2731 1253 2793 dicamus
1275 2734 1373 2812 aspice
1394 2743 1424 2794 et
1445 2733 1497 2795 du·

211 2831 349 2905 hitemus,
373 2842 473 2896 utrum
494 2853 509 2894 s
532 2847 602 2914 etp
625 2834 797 2897 dividendae
819 2838 879 2896 sint
900 2841 1098 2897 consonantes
1120 2840 1150 2893 et
1170 2852 1185 2893 s
1208 2833 1303 2893 danda
1325 2835 1417 2911 priori
1439 2833 1495 2914 syl·

211 2929 305 3008 labae,
329 2955 349 3015 p
371 2937 520 3016 sequenti,
543 2936 742 3016 intellegimus
764 2938 821 2999 boc
842 2939 907 2998 fieri
929 2955 989 2999 non
1012 2953 1112 3016 posse,
1136 2936 1188 2995 sed
1209 2933 1310 2995 ambas
1332 2954 1495 2996 consonari·

211 3044 251 3101 tes
271 3041 410 3118 sequenti
432 3046 544 3100 tanturn
568 3039 656 3100 modo
679 3040 750 3100 dare
772 3057 827 3101 nos
849 3039 972 3109 debere,
996 3056 1032 3097 eo
1054 3037 1133 3116 quod
1155 3037 1303 3097 invenitur
1325 3054 1423 3098 sermo
1445 3039 1495 3116 qui
1509 3014 1549 3101 η’

208 3154 223 3198 a
243 3139 360 3202 duabus
381 3141 445 3201 istis
467 3140 698 3202 consonantibus
720 3141 891 3210 inchoetur,
920 3149 953 3201 ut
974 3141 1064 3219 spica.
1109 3137 1245 3200 similiter
1267 3139 1379 3199 amnis:
1408 3138 1496 3201 debe·

205 3255 271 3306 mus
292 3262 323 3305 m
347 3248 377 3302 et
398 3260 418 3302 n
440 3244 576 3322 sequenti
596 3241 723 3322 syllabae
746 3244 817 3304 dare
839 3240 1057 3311 inscribendo,
1081 3242 1219 3321 quoniam
1235 3241 1382 3301 invenitur
1397 3258 1496 3301 sermo

201 3346 254 3422 qui
278 3343 316 3407 ah
339 3344 385 3405 bis
406 3344 636 3405 consonantibus
658 3344 827 3412 inchoetur,
850 3353 883 3405 ut
904 3342 1080 3404 Mnestheus.
1126 3340 1235 3402 attulit:
1259 3360 1317 3402 uon
1341 3360 1497 3420 possumus

199 3441 262 3510 duo
285 3455 299 3508 t
320 3447 457 3526 sequenti
483 3445 611 3525 syllabae
639 3446 725 3516 dare,
754 3448 822 3526 quia
845 3444 942 3507 nullus
964 3462 1062 3506 sermo
1084 3445 1247 3512 invenitur,
1270 3445 1321 3522 qui
1343 3462 1360 3504 a
1382 3442 1496 3504 duabus

194 3549 209 3604 t
233 3546 470 3611 consonantibus
490 3547 656 3609 inchoetur.
702 3555 731 3608 et
752 3548 809 3608 boc
831 3549 862 3609 in
884 3549 991 3608 ceteris
1012 3544 1242 3606 consonantibus
1262 3536 1534 3610 observabimusao

190 3649 292 3722 blanc
319 3653 398 3712 aethe
425 3650 576 3721 debemus,
604 3651 782 3710 conexiones
809 3650 888 3730 quod
916 3648 982 3709 dico
1013 3648 1238 3708 consonantium
1265 3664 1325 3707 non
1348 3665 1398 3707 eas
1421 3666 1496 3726 qnae

188 3742 317 3817 Latinis
343 3749 462 3831 syllabis
489 3759 671 3831 congruunt,
699 3750 751 3811 sed
779 3753 867 3812 etiam
896 3768 971 3830 quac
999 3750 1134 3819 Graecis,
1169 3755 1291 3828 excepta
1318 3747 1430 3811 scilicet
1462 3768 1496 3810 ea

188 3854 317 3935 syllaba
340 3871 416 3934 quae
438 3861 553 3914 constat
574 3853 610 3914 de
633 3852 652 3913 b
675 3861 705 3913 et
726 3852 759 3925 d,
781 3871 857 3933 quae
879 3854 909 3913 iu
924 3853 1060 3914 hunum
1082 3869 1249 3912 sermonem
1273 3868 1432 3932 numquam
1455 3854 1493 3913 ita

188 3956 331 4025 transit,
353 3963 386 4016 nt
407 3953 579 4025 cohaereat,
603 3963 636 4017 ut
657 3963 702 4016 est
723 3950 856 4034 βδέλλα.
887 3954 1005 4035 maudo
1021 3955 1098 4015 enim
1114 3951 1271 4013 scribimus
1293 3951 1419 4022 abditur,
1436 3973 1495 4015 non

185 4065 363 4130 possumus
385 4075 402 4116 a
424 4058 455 4116 in
479 4075 537 4117 una
558 4056 667 4137 syllaba
690 4075 817 4137 ponere,
841 4064 870 4117 et
891 4056 910 4116 b
933 4065 963 4117 et
985 4056 1003 4117 d
1025 4058 1056 4117 in
1079 4057 1222 4135 seq'uenti.
1507 4084 1533 4123 35

707 4243 756 4306 nu
777 4193 982 4306 nostrvms.

287 4380 364 4442 Tres
391 4387 461 4440 sunt
487 4379 637 4457 positurae
659 4377 703 4438 rel
732 4378 933 4441 distinctiones
955 4396 1027 4458 quas
1047 4373 1160 4450 θέσεις
1181 4379 1286 4439 Graeci
1308 4387 1426 4445 vocant,
1449 4378 1492 4439 di-

197 4483 339 4552 stinctio,
367 4479 587 4551 subdistinctio,
616 4480 721 4543 media.
767 4482 914 4543 distinctio
942 4489 1001 4550 est,
1030 4481 1080 4541 ubi
1101 4481 1200 4541 finitur
1223 4478 1309 4559 plena
1331 4481 1492 4543 sententia:

200 4579 291 4648 huius
314 4591 455 4662 punctum
479 4583 516 4644 ad
538 4602 683 4644 summam
705 4582 833 4646 litteram
861 4584 1009 4664 ponimus.
1046 4582 1250 4645 subdistinctio
1274 4591 1334 4655 est,
1358 4581 1409 4644 ubi
1431 4600 1492 4644 non

272 4769 392 4837 liquem]
410 4786 474 4834 quae
487 4772 513 4821 Ρ
581 4773 743 4822 Ἱηοοοηωιη
759 4772 785 4820 P
856 4772 887 4824 ld
905 4772 1014 4822 mediam
1030 4773 1056 4820 P
1123 4771 1155 4822 l'l
1167 4780 1206 4821 est
1222 4770 1307 4821 omP
1385 4769 1417 4821 21
1436 4766 1489 4838 uni]

208 4844 275 4893 cuius
294 4844 321 4895 P
404 4843 438 4890 22
456 4838 610 4907 dubitemne]
633 4842 675 4890 ubi
691 4851 792 4906 tempus
811 4843 836 4892 P
917 4841 952 4893 ’29
969 4858 984 4891 a
1003 4842 1102 4893 duobus
1121 4844 1145 4892 P
1228 4839 1258 4891 tl
1286 4839 1353 4891 scire
1369 4838 1493 4892 deheim

209 4925 250 4969 οι.
268 4912 295 4964 Ρ
364 4910 397 4962 37
416 4927 480 4974 quaa
494 4910 575 4960 thesis
590 4911 659 4976 greci
674 4909 700 4958 P
