3314 5506
420 394 540 457 sunvu
564 394 612 455 uu
635 393 786 456 cuurvn
808 395 946 456 uernis
970 393 981 454 t
1005 375 1033 460 '1.
1300 399 1361 460 457

164 502 222 546 err.
237 504 261 545 re
276 503 297 543 u.
1147 515 1168 554 p.
1183 500 1271 543 osam
1285 501 1311 543 c.

161 583 244 644 ,icet
265 581 420 654 audacter,
444 601 504 643 non
526 593 624 644 tamen
647 581 844 661 ineleganter,
868 582 947 644 huuc
969 580 1099 642 libellum
1121 584 1173 662 qui
1193 580 1271 643 volet
1291 599 1361 642 ceu·

161 699 225 746 'um
255 684 426 746 nominabit.
469 693 514 746 tot
539 686 618 745 enim
646 693 808 746 metrorum
837 685 943 763 digessi
971 691 1078 764 quanta
1106 685 1189 763 potui
1211 682 1360 752 brevitate,

161 804 220 848 rem
248 789 400 857 omittens,
429 805 487 867 quo
515 786 645 867 quidque
673 793 809 848 nascatur
838 805 873 847 ex
896 784 901 868 Ι
927 780 1056 865 genere,
1090 805 1146 866 qus
1175 787 1360 846 scansionum

161 889 245 950 ritate
267 889 419 959 caedatur,
443 907 517 969 quae
545 906 594 950 res
615 888 682 968 plus
703 887 884 949 confusionis
906 907 992 968 quam
1015 886 1146 948 utilitatis
1168 886 1265 952 habet.
1309 887 1360 947 sed

161 1005 190 1050 'o
217 991 291 1051 haec
318 992 381 1052 iere
410 990 587 1070 generaliter
614 989 732 1052 scienda
754 999 836 1051 suut:
872 989 989 1052 dualem
1011 988 1151 1069 syllabam
1173 991 1204 1050 in
1226 987 1387 1049 omnibuss

161 1110 178 1150 s
200 1092 404 1153 indifferenter
419 1094 526 1172 accipi,
551 1087 675 1164 παντὸς
694 1087 759 1172 γὰρ
780 1087 904 1172 μέτρου
925 1085 963 1153 τὸ
982 1087 1076 1164 τέλος
1089 1084 1293 1171 ἆδιάφορονε
1316 1109 1362 1151 so·

161 1210 218 1256 rem
239 1213 317 1264 esse,
341 1214 407 1255 curn
429 1195 592 1276 prolonga
614 1192 723 1273 syllaba
746 1193 820 1255 duae
841 1194 946 1254 breves
968 1203 1130 1274 ponuntur:
1165 1192 1227 1253 loca
1249 1193 1362 1272 inparia

164 1298 290 1375 primum
319 1299 438 1357 tertium
468 1298 601 1377 quintum
631 1305 661 1357 et
688 1295 808 1366 deinde,
838 1297 918 1376 paria
947 1314 1016 1356 vero
1043 1296 1203 1357 secundum
1226 1303 1362 1376 quartum

161 1416 191 1459 tm
214 1407 243 1460 ct
265 1399 385 1460 deinde:
414 1399 669 1478 penthemimeren
693 1416 771 1467 esse,
801 1415 867 1458 cum
890 1398 964 1459 duos
986 1397 1077 1479 pedes
1098 1399 1231 1478 sequitur
1252 1395 1362 1476 syllaba

182 1509 294 1581 partem
324 1502 461 1562 terminat
489 1502 647 1570 orationis;
677 1499 953 1580 bephtbemimeren
982 1519 1064 1569 rero,
1093 1519 1160 1560 cunr
1190 1507 1250 1560 tres
1273 1498 1363 1578 pedes
1377 1515 1401 1557 ro

161 1602 212 1664 iter
234 1603 367 1683 sequitur
390 1601 498 1682 syllaba
516 1603 631 1684 [tritum
647 1604 835 1670 trochaeum,
859 1620 924 1663 cum
940 1610 1007 1682 post
1022 1602 1096 1664 duos
1110 1601 1200 1682 pedes
1214 1601 1363 1681 perlectos

182 1713 266 1786 parte
288 1706 429 1764 orationis
451 1706 607 1766 trochaeus
629 1713 776 1773 remanet;
800 1710 938 1765 tetartnm
961 1703 1145 1775 trochaeum,
1170 1723 1235 1765 cum
1259 1703 1362 1764 defini·

188 1806 291 1867 eadem
320 1815 456 1886 quartum
485 1815 565 1868 tenet
592 1807 688 1869 locum
718 1807 903 1889 trochaeus]:
926 1806 1128 1869 catalecticum
1156 1824 1271 1869 versum
1294 1804 1361 1874 dici,

161 1907 251 1988 yllaba
268 1925 326 1968 una
342 1907 439 1978 deest;
463 1909 763 1989 brachycatalectum,
786 1911 834 1971 cui
849 1910 923 1971 duae
939 1910 1061 1977 desuut;
1084 1907 1361 1988 hypercatalectum,

178 2029 236 2071 una
258 2018 408 2089 superest;
439 2010 644 2082 acatalectum,
681 2011 747 2092 [ubi
775 2011 848 2074 nihil
875 2010 942 2092 plus
968 2012 1100 2071 minusve
1128 2019 1173 2070 est
1200 2011 1230 2069 in
1259 2007 1359 2090 versu]
1374 2023 1399 2066 rs

161 2112 286 2191 legitimo
315 2113 374 2171 bne
402 2111 601 2173 concluditur:
634 2121 851 2175 monometrum
875 2110 919 2172 vel
947 2111 1104 2172 dimetrum
1128 2110 1171 2171 vel
1194 2112 1360 2173 trimetrum

161 2233 193 2274 uu
217 2215 245 2275 in
269 2212 402 2274 iambicis
425 2215 581 2275 trochaicis
609 2215 800 2295 anapaesticis
822 2215 925 2274 metris
949 2230 1003 2293 per
1025 2213 1116 2294 pedes
1138 2213 1269 2293 duplices
1291 2231 1362 2274 con·

161 2316 190 2385 i,
214 2317 245 2376 in
268 2316 375 2374 ceteris
395 2334 450 2394 per
471 2315 636 2396 simplices:
665 2323 757 2390 metra
781 2314 825 2375 rel
841 2333 856 2375 a
871 2314 997 2395 pedibus
1019 2334 1128 2376 nomen
1150 2317 1293 2395 accipere,
1317 2314 1363 2376 rel

161 2416 209 2478 bus
237 2435 312 2497 quae
341 2416 563 2487 describuntur,
591 2417 635 2477 rel
664 2417 700 2478 ab
728 2416 947 2487 inventoribus,
976 2417 1021 2477 rel
1044 2436 1059 2477 a
1082 2416 1361 2498 frequentatoribus,

168 2536 290 2579 numero
313 2516 507 2595 syllabarum:
532 2538 624 2598 eaque
646 2538 710 2580 esse
733 2527 799 2579 octo
822 2518 1010 2599 principalia,
1033 2518 1208 2587 iambicum,
1232 2520 1358 2580 trochei·
1373 2535 1399 2575 ao

161 2619 374 2700 ·dactylicum,
403 2623 637 2700 anapaesticum,
661 2620 911 2692 choriambicum,
933 2623 1169 2702 antispasticum,
1192 2623 1321 2682 ionicum
1345 2640 1361 2682 a

161 2739 201 2792 re,
228 2722 359 2783 ionicum
388 2740 404 2780 a
433 2724 562 2792 minore,
591 2722 627 2783 de
654 2722 762 2803 quibus
784 2726 909 2804 carptim
931 2722 1138 2795 tractabimus,
1162 2721 1304 2801 eligentes
1327 2741 1361 2784 ea

172 2822 207 2883 ad
229 2820 357 2903 palmam
379 2821 459 2902 lyrae
482 2824 617 2904 perducit
639 2825 779 2906 voluptas.

599 3010 647 3071 DE
670 3012 842 3074 {thurcis

161 3145 251 3205 lletra
273 3144 398 3206 iambica
422 3145 493 3206 locis
515 3148 667 3226 inparibus
689 3149 818 3228 quinque
832 3146 846 3228 Η
862 3149 995 3228 recipere
1017 3156 1140 3228 possunt
1160 3147 1265 3226 pedes,
1287 3148 1360 3208 iam·
1373 3167 1399 3206 as

178 3367 245 3416 uolet
262 3367 287 3416 P
304 3375 329 3416 et
347 3368 429 3415 codem
446 3368 658 3418 Dnmrtadiensr's
676 3369 763 3419 uolunt
783 3367 802 3416 S
821 3367 928 3418 uoluerit
945 3384 961 3426 ς
1047 3372 1062 3417 2
1084 3369 1223 3418 nominauit
1242 3369 1267 3416 P
1280 3369 1361 3418 uomi-

161 3438 176 3487 S
241 3446 377 3486 metrorum
398 3452 489 3500 gener-:r
508 3437 603 3502 digessi
622 3452 639 3494 ς
658 3447 792 3489 metrorum
812 3440 895 3504 spetla
911 3438 1007 3504 digessi
1028 3439 1186 3488 Bodlelnnus
1205 3438 1360 3501 Gaissordit':

174 3516 233 3568 port
248 3508 372 3556 brevitate
389 3506 450 3561 odd.
469 3509 699 3558 Damnstadienais:
717 3519 848 3573 practerea
867 3517 926 3557 suut
941 3518 1022 3558 metra
1038 3509 1089 3557 alis
1106 3507 1234 3575 perplura,
1252 3522 1316 3572 quse
1334 3509 1359 3556 iu

176 3579 378 3627 centimetrorum
407 3577 566 3642 simplicibus
590 3587 728 3627 monstrate
755 3580 880 3643 exemplis
898 3580 1006 3641 quisque
1023 3579 1093 3643 eupit
1115 3579 1223 3644 reperiet
1239 3578 1315 3628 Beda
1329 3578 1362 3627 de

164 3660 190 3707 p.
209 3646 279 3697 2380
348 3645 364 3694 3
392 3647 459 3707 qtrod
483 3647 594 3708 quidque
614 3649 650 3696 Pr
668 3664 717 3711 quo
740 3656 846 3697 metrum
870 3657 988 3698 noscatur
1006 3647 1152 3699 Prrtccbr‘trs:
1175 3663 1225 3710 quo
1245 3661 1361 3711 quaeque

161 3724 210 3766 rtur
228 3744 262 3752 —
280 3715 418 3765 caedentur
437 3718 571 3767 Santem‘uc
640 3715 700 3783 qua]
726 3727 750 3767 et
774 3719 798 3766 P
864 3716 1025 3784 lutilitatis]
1052 3718 1167 3768 ueritatis
1184 3718 1206 3768 S
1274 3715 1361 3780 bsyl-

178 3784 265 3840 om,S
332 3785 468 3836 (lusuros
488 3801 530 3835 rur
548 3802 646 3837 uereor
670 3805 701 3837 ru
727 3804 806 3837 reaoc
824 3798 954 3852 trnraporo
974 3789 1009 3850 P,
1028 3803 1073 3838 orn
1097 3789 1138 3844 S5
1209 3786 1360 3836 solutionem

172 3871 226 3905 cum
245 3858 266 3906 S
335 3855 416 3920 'lpro
435 3872 483 3904 uua
502 3856 576 3921 longa
597 3870 613 3911 ς
683 3857 700 3907 il
724 3858 919 3923 pentinrenrereu
939 3874 996 3906 esse
1014 3856 1035 3906 S
1052 3858 1263 3922 penthemimeres
1282 3864 1320 3906 est
1337 3855 1363 3903 P

162 3924 376 3992 deprimemeren
394 3927 414 3976 S
432 3927 609 3990 eptemimeres
626 3927 652 3975 N
667 3927 848 3978 cithimimeres
868 3929 893 3976 P
962 3928 992 3979 ll
1012 3928 1097 3978 tritum
1116 3926 1261 3989 trochaeum
1276 3954 1309 3962 —
1328 3925 1361 3977 13

161 4011 208 4045 reus
224 4012 270 4049 om,
289 3993 366 4056 NPS,
385 3996 446 4048 add.
467 4010 484 4051 5
502 4005 527 4044 et
544 3998 627 4047 codex
645 3999 858 4049 Dametndiensis
941 3998 972 4047 te
990 4013 1045 4048 cum
1064 4008 1180 4062 quartum
1198 3997 1362 4047 definiciones

161 4064 263 4129 r(corr.
288 4064 436 4115 difinitionis
453 4066 581 4127 eiusdem)
606 4074 672 4115 tenet
691 4066 773 4118 locum
795 4068 1012 4119 Dnrmstadt'ensr‘a
1117 4068 1149 4118 14
1176 4068 1216 4117 cui
1234 4081 1251 4122 ς
1267 4065 1364 4116 cni'S

168 4135 193 4184 P
261 4134 506 4201 brachycatalectum
524 4137 551 4185 N
569 4135 836 4200 brachycatalecticum
859 4137 903 4187 PS
972 4137 1173 4195 desertores,
1191 4136 1251 4186 add.
1272 4139 1297 4186 P

161 4205 309 4255 stelecticum
331 4205 353 4255 S
373 4205 600 4271 ypercatolecticon
618 4206 656 4255 P:
683 4205 938 4271 hypercatalecticum
964 4207 1006 4256 ubl
1033 4223 1107 4274 supra
1133 4206 1260 4271 legitimos
1284 4205 1363 4271 pedes

161 4276 279 4325 acrescit
296 4275 432 4326 Putschr'us
537 4277 567 4326 15
588 4275 752 4341 acatalectnm
777 4277 801 4325 N
824 4276 1014 4327 acatalecticum
1035 4280 1059 4327 P
1079 4278 1269 4327 scatslecdcum
1295 4276 1361 4327 enim

161 4344 216 4393 add.
235 4342 301 4405 elS
369 4345 412 4394 ubi
433 4343 494 4393 nibil
514 4345 571 4409 plus
590 4347 705 4395 minusue
725 4348 749 4395 in
769 4361 841 4396 uersu
869 4355 907 4397 est
925 4362 972 4399 om.
993 4347 1071 4406 NPS,
1089 4347 1186 4402 adds·
1257 4346 1289 4396 lb
1309 4360 1362 4394 nro-1

161 4429 214 4463 mm
233 4415 368 4464 dimetrum
387 4416 526 4463 trimetrum
546 4415 586 4464 uel
605 4423 776 4466 tetrametrum
796 4416 847 4466 dici
865 4432 880 4466 a
898 4431 1001 4466 numero
1015 4420 1116 4482 pedum.
1137 4419 1161 4466 in
1181 4416 1297 4466 iambicis
1312 4423 1362 4464 tro·

161 4499 172 4534 s
188 4486 360 4549 anapaesticis
380 4486 466 4534 metris
484 4500 573 4533 uersus
597 4501 643 4551 per
660 4485 739 4548 pedes
757 4485 873 4551 duplices
891 4489 1033 4550 computari
1052 4501 1068 4543 ς
1139 4486 1172 4538 18
1192 4495 1270 4534 metra
1288 4483 1328 4534 uel
1347 4499 1363 4533 a

161 4568 182 4602 rs
197 4554 240 4604 uel
257 4570 273 4605 a
290 4554 367 4604 rebus
386 4568 477 4603 nomen
495 4555 610 4621 accipere
628 4555 669 4604 uel
693 4572 707 4602 a
726 4555 956 4617 frequentatoribus
974 4555 996 4606 S
1099 4557 1133 4609 le
1151 4555 1328 4606 describuntur
1344 4567 1362 4610 5

161 4630 260 4674 ruuntur
278 4624 304 4672 P
374 4622 408 4674 20
426 4624 456 4672 ab
476 4624 587 4673 numeris
604 4625 629 4673 P
699 4640 777 4687 eoque
797 4634 853 4674 octo
876 4639 933 4676 esse
951 4626 1104 4691 principalis
1121 4627 1147 4676 id
1171 4633 1209 4672 est
1226 4623 1362 4672 iambicum

163 4694 196 4744 22
218 4695 326 4760 carptim
351 4694 515 4742 tractauimus
540 4693 566 4741 P
587 4695 674 4743 curtim
699 4693 876 4755 thr-olrimnsS
944 4695 1073 4761 clegemcs
1091 4696 1136 4748 PS
1202 4694 1235 4744 ‘23
1255 4692 1288 4742 ed
1306 4691 1362 4758 pal-

160 4761 262 4828 lyrae5
280 4763 313 4812 ad
332 4763 442 4827 palmam
461 4763 506 4812 lire
524 4763 608 4812 codex
628 4765 842 4815 Darrmtndr'enst'e
860 4765 893 4815 ed
910 4764 1022 4830 palmare
1043 4765 1067 4815 P
1083 4767 1114 4816 ad
1132 4765 1243 4831 palmam
1264 4762 1364 4830 lineeS

162 4832 261 4883 roducit
274 4832 299 4881 P
367 4834 485 4883 uoluntas
504 4833 588 4885 codex
606 4834 820 4885 Darmstndr'encis
888 4836 921 4883 24
939 4834 975 4884 De
992 4836 1107 4886 iambicis
1127 4833 1213 4885 metris
1231 4834 1261 4895 S,
1278 4847 1324 4885 om.
1338 4832 1364 4882 P

161 4901 306 4953 biambum
323 4904 464 4967 spondeum
483 4901 612 4953 trocheum
627 4904 748 4954 dactilum
767 4913 917 4971 anapestum
936 4907 957 4955 S
