3314 5506
193 390 277 438 xnvr
734 374 943 437 PRAEFATIO

193 561 284 626 sinus
298 562 418 641 codex,
440 560 473 624 in
489 581 554 646 quo
568 558 620 623 hie
637 559 733 640 liber,
756 560 841 624 sicut
861 580 961 645 supra
975 581 1007 645 p.
1024 558 1105 623 XLI
1120 557 1299 623 indicatum
1314 568 1379 639 est,
1402 558 1480 644 legi·

193 672 247 728 tur
260 663 285 727 f.
302 671 443 742 31-35,
466 683 508 725 cx
531 660 616 725 bono
638 661 768 747 quidem
791 669 824 725 et
846 661 972 745 integro
987 660 1077 725 fonte
1092 659 1275 740 derivatus,
1298 661 1355 725 sed
1369 660 1481 727 multis

172 765 317 829 librarii
346 763 509 828 erroribus
536 771 708 847 corruptus
737 773 797 829 est.
840 784 914 827 nam
943 784 1007 828 non
1029 760 1133 826 solum
1154 761 1188 826 in
1210 760 1349 847 singulis
1370 762 1481 828 verbis

191 866 294 930 multa
320 865 531 951 neglegenter
558 864 681 950 scripta
707 863 761 929 vel
788 865 908 930 omissa
934 873 1023 943 sunt,
1057 863 1115 928 sed
1143 865 1241 928 etiam
1268 863 1377 949 aliqua
1407 886 1481 951 pars

191 967 267 1031 libri
288 975 360 1047 465,
383 973 422 1038 25
446 973 484 1030 tle
503 973 602 1031 miuro
623 1004 666 1014 —
688 973 759 1047 467,
781 977 801 1037 5
823 972 963 1045 coaaroit
983 965 1195 1046 membranis,
1224 975 1261 1030 ut
1281 965 1426 1046 videtur,
1448 968 1483 1030 in

191 1069 366 1156 archetypo
381 1068 579 1156 perturbatis
593 1078 668 1154 post
682 1075 755 1149 464,
780 1075 818 1136 19
840 1075 977 1134 trimetro
997 1073 1180 1132 catalectico
1202 1067 1399 1152 transposita
1421 1077 1482 1132 est.

192 1170 409 1236 Santenianus
423 1171 538 1250 codex,
553 1169 672 1258 dequo
688 1170 875 1235 dictumest
889 1193 921 1256 p.
929 1167 1080 1249 XXXII,
1095 1169 1215 1233 omissa
1230 1177 1375 1234 extrema
1388 1179 1483 1255 parte

191 1272 282 1353 libri,
320 1294 404 1358 quae
432 1281 483 1336 est
515 1272 557 1336 de
590 1272 744 1358 dispersis
771 1272 896 1351 metris,
935 1293 975 1336 ea
1006 1293 1089 1357 quae
1120 1270 1317 1336 antecedunt
1347 1270 1483 1337 exhibet

190 1396 223 1461 p.
247 1381 424 1444 tta-231.
469 1384 572 1439 metra
601 1374 708 1438 ionica
735 1395 756 1438 a
776 1374 900 1438 minore
927 1381 1036 1438 autem
1058 1380 1135 1454 464,
1159 1380 1283 1441 12-26
1311 1381 1344 1436 et
1364 1372 1400 1436 in
1420 1372 1481 1438 boc

191 1477 279 1540 etin
301 1474 451 1541 Parisino
480 1484 513 1540 ot
539 1476 574 1539 in
600 1475 734 1563 reliquis
756 1475 905 1541 omnibus
927 1473 1110 1555 codicibus,
1138 1495 1219 1561 quos
1243 1474 1326 1555 vidi,
1351 1484 1483 1560 praeter

189 1599 290 1642 unum
304 1576 554 1665 Neapolitanum
577 1587 652 1642 ante
673 1577 780 1641 ionica
802 1600 822 1641 a
842 1577 964 1642 maiore
979 1584 1055 1657 464,
1080 1586 1181 1645 1—11
1205 1575 1373 1641 conlocata
1394 1587 1481 1643 sunt.

190 1679 338 1767 sequitur
358 1701 496 1764 magnus
518 1701 670 1744 numerus
692 1679 840 1745 codicum
861 1687 937 1766 post
957 1701 1077 1760 nonum
1098 1678 1262 1744 saeculum
1277 1679 1481 1764 scriptorum,

189 1781 365 1868 inquibus
387 1791 481 1846 vetus
502 1780 705 1847 libriforma
726 1805 800 1847 cum
828 1780 1034 1866 neglegentia
1060 1779 1266 1845 librariorum
1293 1791 1363 1845 tum
1384 1780 1482 1846 licen·

189 1882 238 1946 tia
258 1884 542 1968 grammaticorum
569 1884 673 1968 usagio
695 1894 848 1969 corrupta
869 1893 928 1947 est.
973 1883 1029 1970 qui
1057 1883 1185 1957 codices
1215 1904 1410 1969 quamquam
1437 1884 1481 1949 ad

189 1984 331 2071 priscam
346 1985 542 2071 scripturam
556 1985 815 2069 cognoscendam
828 1984 952 2049 nullam
966 1984 1193 2049 auctoritatem
1208 1985 1344 2066 habent,
1360 1995 1479 2067 tamen,

189 2109 254 2174 quo
275 2088 395 2153 certius
418 2087 458 2152 de
480 2087 573 2152 varia
593 2085 669 2150 libri
689 2086 913 2174 inscriptione,
941 2109 1007 2173 qua
1028 2086 1106 2151 olim
1132 2086 1314 2166 ferebatur,
1342 2095 1479 2168 constet,

189 2188 331 2276 exempli
352 2211 452 2254 causa
473 2188 631 2275 quosdam
653 2210 695 2253 ex
722 2187 828 2253 biset
855 2187 1094 2275 antiquissimos
1122 2188 1329 2253 enumerabo.
1373 2187 1480 2254 codex

188 2290 465 2356 Darmstadiensis
489 2298 585 2370 1283,
609 2289 686 2354 olim
709 2288 910 2356 Coloniensis
933 2298 984 2372 83,
1007 2312 1091 2356 nono
1120 2289 1249 2354 saeculo
1271 2290 1325 2355 vel
1346 2290 1479 2356 ineunte

190 2394 315 2459 decimo
338 2392 478 2478 scriptus
488 2399 525 2482 ,in
548 2399 667 2456 nomiae
688 2397 740 2457 dei
758 2400 865 2457 summ
885 2399 992 2474 incepit
1012 2415 1065 2459 ars
1089 2399 1192 2457 mauri
1211 2399 1307 2457 serait
1323 2400 1418 2471 aram
1441 2399 1480 2457 tle

188 2501 366 2559 ceatmetris.
412 2485 586 2558 Clarissimo
608 2499 711 2559 albino
735 2501 853 2559 saraias
877 2502 1097 2574 prammaticas
1117 2502 1243 2560 salutem
1264 2532 1307 2542 —-
1327 2502 1478 2561 emanat.

187 2604 289 2663 mouri
319 2603 487 2676 aromatici
518 2603 614 2662 scruti
638 2603 888 2677 explanationum
916 2603 954 2660 tle
981 2603 1172 2661 centametris
1198 2602 1316 2661 libellos
1342 2600 1480 2674 feliciter

187 2706 315 2780 explicit
336 2719 423 2763 amca
446 2703 502 2763 deo
522 2705 653 2777 pretias.
684 2699 789 2764 codex
810 2697 1058 2765 Valentinianus
1081 2698 1122 2764 N.
1145 2710 1176 2769 5.
1201 2709 1215 2767 1
1240 2720 1325 2762 nono
1348 2697 1478 2764 saeculo

188 2801 345 2888 scriptus,
373 2806 481 2881 incipit
502 2822 554 2865 ors
575 2807 668 2865 marii
692 2807 788 2866 serisii
811 2807 1008 2881 arommotici
1027 2808 1066 2865 tle
1086 2813 1204 2865 centum
1226 2807 1382 2866 meirisin
1404 2808 1480 2866 almi

187 2908 297 2985 troops
317 2908 445 2967 nomiae.
491 2907 652 2968 Carissimo
674 2909 776 2968 albino
797 2941 840 2950 -
860 2909 1032 2968 exsoluam.
1076 2909 1179 2967 mouri
1203 2909 1299 2967 seraii
1322 2924 1477 2982 aramma·

187 3011 243 3072 tici
263 3012 301 3069 tle
321 3015 440 3070 centnm
462 3011 565 3069 metris
585 3011 767 3086 explanatio
790 3009 926 3082 feliciter
947 3002 1045 3069 omeri.
1090 3005 1194 3070 codex
1216 3004 1391 3069 Berneosis
1414 3013 1476 3074 207

187 3130 273 3174 saec.
289 3107 336 3189 X,
359 3106 435 3172 olim
450 3106 636 3190 Bongarsii,
659 3114 766 3189 incipit
779 3115 887 3172 martis
901 3114 983 3172 mali
992 3113 1197 3186 prammatici.
1227 3112 1313 3172 Licet
1328 3112 1479 3172 audacter

187 3220 258 3292 457,
284 3221 298 3278 1
326 3248 363 3258 -
387 3215 611 3274 dulcisonorom
635 3217 706 3289 467,
730 3218 784 3278 17:
813 3209 909 3274 huius
936 3209 1131 3296 scripturam
1152 3208 1301 3274 exhibuit
1323 3210 1476 3276 Streube·

186 3335 242 3378 rus
264 3312 381 3378 Philol.
404 3311 469 3377 vol.
493 3311 547 3376 ΙΙΙ
569 3335 601 3398 p.
624 3321 683 3382 371
708 3334 779 3398 sqq.
811 3312 915 3376 codex
936 3311 1105 3376 Parisinus
1128 3320 1210 3381 7730
1233 3333 1316 3376 saec.
1341 3310 1389 3392 X,
1411 3333 1474 3376 ser·

186 3422 254 3480 mos
280 3421 448 3479 honoratas
475 3419 577 3478 olbiae
603 3434 659 3479 saa
684 3420 808 3478 saliatem
830 3451 872 3461 -
899 3420 1048 3479 exsoluat.
1097 3419 1191 3477 marii
1214 3420 1310 3477 serait
1332 3418 1479 3479 boamati

183 3523 381 3597 arammotici
399 3522 607 3580 centimetrum
629 3523 764 3597 explicit.
799 3515 904 3581 codex
925 3515 1092 3580 Parisinus
1115 3522 1195 3586 7491
1220 3537 1306 3580 saec.
1329 3514 1377 3596 X,
1401 3523 1476 3581 inci·

180 3627 230 3701 pit
251 3626 345 3684 marii
363 3625 459 3685 seroii
474 3625 673 3697 prammatici
691 3624 730 3683 tle
750 3629 869 3684 centum
889 3625 992 3683 metris
1007 3623 1181 3682 Clarissimo
1203 3623 1305 3682 albino
1320 3655 1362 3664 -
1376 3625 1476 3683 exsci-

185 3734 249 3787 aot.
298 3728 392 3785 marii
416 3726 511 3784 seraii
533 3728 731 3799 prommotici
755 3727 882 3800 explicit
909 3725 948 3784 dc
973 3726 1156 3784 centimetris
1180 3723 1325 3796 feliciter.
1370 3719 1477 3784 codex

185 3823 354 3888 Leidensis
376 3821 457 3886 bibl.
480 3822 570 3907 publ.
596 3831 655 3891 135
679 3844 763 3885 saec.
788 3821 821 3885 X
848 3827 955 3901 incipit
976 3827 1054 3885 liber
1074 3828 1188 3885 maorii
1207 3828 1303 3887 serait
1321 3843 1475 3900 aramma·

184 3931 239 3988 tici
258 3930 296 3988 ele
316 3935 434 3988 certam
456 3935 617 3987 memorum
637 3929 808 4001 asseribus.
840 3927 1013 3986 Clarissimo
1035 3929 1137 3987 albino
1150 3961 1194 3972 —
1208 3930 1357 3988 exsolrmt.
1387 3931 1476 4004 expli

183 4031 303 4091 libellas
325 4031 363 4089 tle
383 4031 557 4089 centimetro
580 4029 623 4087 acl
643 4029 775 4088 olm'aam
796 4030 893 4089 serati
910 4031 1112 4102 prommatiei.

270 4128 405 4193 Veteres
428 4125 602 4207 editiones,
631 4148 705 4190 cum
726 4146 791 4190 non
812 4125 917 4191 solum
939 4148 981 4189 cx
1002 4125 1205 4214 interpolatis
1228 4127 1396 4194 codicibus
1418 4150 1475 4194 ex·

183 4229 414 4318 primerentur,
446 4230 504 4294 sed
533 4229 633 4292 etiam
652 4229 728 4293 usui
749 4226 931 4293 scholarum
955 4228 1208 4311 destinarentur,
1237 4230 1355 4295 librum
1378 4231 1474 4296 vehe-

183 4341 309 4398 menter
338 4338 498 4397 mutatum
526 4338 559 4393 ct
585 4330 627 4394 ab
657 4352 696 4394 ea
722 4330 843 4411 forma,
877 4353 942 4418 qua
973 4332 1007 4394 in
1040 4333 1272 4418 antiquissimis
1305 4332 1474 4399 codicibus

183 4437 324 4522 scriptus
347 4443 410 4515 est,
439 4431 601 4497 deflexum
624 4430 852 4498 exhibuerunt.
896 4432 1004 4497 editus
1030 4443 1138 4498 autem
1160 4445 1210 4499 est
1230 4457 1304 4498 cum
1326 4434 1409 4498 libro
1432 4434 1473 4500 de

182 4535 335 4603 finalibus
361 4536 502 4622 primum
523 4532 701 4599 Mediolani
728 4557 758 4599 a.
783 4543 880 4616 1473,
909 4533 1026 4599 deinde
1055 4535 1151 4599 Callii
1178 4558 1208 4601 a.
1232 4544 1331 4614 1476,
1359 4545 1474 4622 postea

183 4660 280 4725 saepe
303 4659 368 4703 una
389 4659 462 4702 cum
483 4634 576 4701 libris
597 4637 735 4702 adoetis
758 4639 827 4701 eius
849 4638 965 4700 aetatis
987 4637 1171 4703 hominibus
1194 4638 1235 4703 de
1257 4636 1354 4701 simili
1377 4659 1472 4724 argu·

181 4751 290 4807 mento
305 4740 449 4826 scriptis,
471 4739 505 4803 in
521 4738 619 4803 Italia
632 4762 706 4803 cum
722 4737 848 4803 Nicolai
864 4739 987 4803 Perotti
1002 4739 1042 4804 de
1057 4739 1230 4824 generibus
1246 4749 1424 4804 metrorum
1439 4750 1472 4806 et

181 4864 255 4909 cum
276 4842 466 4908 Maturantii
489 4841 529 4905 de
550 4839 770 4927 conponendis
792 4841 990 4906 carminibus
1011 4838 1108 4922 libro,
1138 4843 1173 4904 in
1195 4840 1373 4907 Germania
1395 4865 1470 4911 cum
