3346 5506
237 383 298 446 412
817 372 938 435 SERVII

1297 492 1320 534 p.
1334 480 1437 524 urar-ar
1448 479 1474 526 r.

235 565 306 637 fert,
335 565 366 627 id
394 573 439 627 est
467 564 576 645 legere.
621 563 714 624 ceteri
742 580 812 624 vero
841 558 923 622 modi
954 562 984 622 in
1011 561 1148 642 personis
1179 559 1375 625 differentiam
1402 560 1525 635 tadum,

235 667 314 750 quod
341 667 485 749 probatur
512 668 568 728 hac
601 664 779 736 elocutione,
809 662 926 744 ‘legere
959 660 1040 737 volo,
1073 661 1192 750 lellgere
1218 664 1277 735 via,
1305 658 1407 745 legero
1432 662 1524 727 vult’

235 789 303 832 nam
330 766 469 852 quoniam
509 768 575 830 volo
603 769 645 828 vis
672 766 733 829 vult
758 767 932 829 indicativus
958 774 1003 828 est
1031 765 1150 839 modus,
1179 765 1345 829 differente
1369 765 1448 829 iacta
1480 773 1528 830 cst

202 898 206 909 ·
234 891 444 954 personarum
467 873 605 953 quoniam
628 889 697 932 vero
718 868 818 950 legere
840 869 971 931 inlinitur
992 877 1051 942 eat,
1074 886 1178 932 omncs
1199 887 1258 930 nnc
1279 868 1368 931 modo
1388 866 1527 951 prolatae

208 985 311 1037 esunt.
355 976 388 1036 hi
414 982 483 1036 aunt
509 972 663 1054 generales
690 971 779 1034 modi.
824 970 868 1033 illi
895 990 967 1034 vero
993 979 1069 1044 tres,
1098 971 1135 1034 de
1161 969 1526 1052 quindecinorum

234 1077 399 1158 explicandi
426 1083 503 1139 sunt.
548 1077 599 1157 qni
620 1083 729 1155 negant
750 1075 955 1155 promissivum
976 1073 1096 1137 modum
1119 1091 1200 1146 esso,
1222 1074 1280 1137 hoc
1300 1080 1453 1147 asserunt,
1475 1092 1526 1137 an·

213 1180 346 1262 'perllue
367 1179 447 1242 hunc
470 1178 590 1241 modum
613 1179 724 1259 putari,
748 1178 886 1257 quoniam
907 1175 1057 1241 indicativi
1077 1176 1161 1240 modi
1180 1178 1219 1239 ait
1239 1185 1356 1257 tempus
1377 1176 1524 1250 loturum,

232 1283 263 1345 id
290 1291 335 1345 est
362 1282 458 1362 legam
485 1280 622 1343 scribam.
666 1281 716 1361 qui
745 1286 843 1341 autem
870 1278 972 1341 dicunt
992 1280 1145 1361 proprium
1167 1278 1287 1342 modurn
1309 1297 1389 1350 esse,
1411 1288 1527 1361 negant

233 1385 419 1446 indicativum
448 1384 567 1445 modum
594 1391 710 1463 tempus
737 1381 868 1444 futurum
901 1399 955 1462 per
985 1399 1088 1459 rernm
1118 1388 1252 1444 naturam
1284 1380 1397 1445 habere
1422 1400 1523 1464 possa.

195 1504 220 1545 ro
233 1506 301 1549 narn
323 1489 349 1549 si
369 1487 544 1549 indicativus
564 1485 632 1547 ideo
655 1484 751 1546 dictus
773 1490 830 1556 est,
858 1483 937 1564 quod
958 1502 1013 1565 per
1033 1486 1130 1564 ipsum
1150 1483 1330 1557 indicamus,
1359 1502 1448 1547 nano
1470 1503 1525 1549 an·

234 1598 293 1651 tarn
316 1588 427 1651 iudicat
447 1589 505 1650 uisi
526 1607 602 1670 quae
623 1587 719 1656 novit,
743 1585 873 1648 laturum
895 1604 954 1648 uon
977 1593 1074 1667 potest
1095 1585 1220 1658 hahere,
1244 1587 1311 1667 quia
1333 1605 1421 1649 nemo
1443 1587 1524 1651 indl-

232 1700 280 1753 cat
301 1708 335 1752 ea
358 1708 434 1771 quae
456 1693 559 1753 nescit.
604 1688 640 1751 dc
662 1687 843 1770 inpersonnli
865 1697 961 1750 autem
984 1688 1071 1751 modo
1093 1688 1150 1750 hoc
1172 1687 1342 1770 loquuntur.
1384 1688 1523 1773 plerique

232 1794 311 1855 hunc
333 1792 454 1854 modum
477 1792 592 1863 dicunt,
623 1793 691 1873 qnia
713 1792 756 1852 sic
778 1789 815 1852 de
833 1790 923 1853 verbo
945 1792 1089 1863 nascitur,
1113 1809 1201 1870 quem
1225 1791 1261 1854 ad
1283 1793 1404 1855 modum
1427 1795 1524 1856 ceteri

231 1894 324 1967 ruodi,
347 1903 381 1957 ut
401 1894 467 1974 lego
488 1894 554 1975 lage
576 1894 675 1973 legito.
708 1892 761 1954 sed
782 1900 881 1955 tamen
903 1884 963 1954 non
984 1892 1127 1974 probatur
1150 1895 1254 1957 modus
1276 1912 1355 1965 esse,
1378 1894 1432 1956 sed
1455 1914 1521 1957 rer·

194 2014 219 2057 ιι
232 1997 312 2060 burn.
359 2015 427 2059 narn
450 2015 518 2058 cum
541 2013 617 2058 unua
639 1997 761 2077 quisque
783 1995 887 2058 modus
915 2014 975 2057 non
996 1998 1089 2077 possit
1110 2015 1232 2059 currere
1253 2014 1307 2078 per
1328 1995 1449 2066 modos,
1473 2016 1522 2060 re·

230 2098 374 2180 linquitur
400 2107 433 2161 ut
460 2099 509 2160 hic
536 2115 597 2159 non
623 2098 662 2160 sit
689 2098 793 2160 modus
821 2099 872 2179 qui
894 2100 986 2161 currit
1006 2117 1061 2179 per
1083 2098 1195 2161 modos.
1239 2117 1306 2161 uam
1329 2096 1421 2163 habet
1442 2100 1522 2163 indi·

231 2202 356 2263 caticum
385 2200 507 2281 legitur,
536 2201 740 2282 imperativum
767 2200 898 2280 legatur,
929 2203 1145 2269 coniunctivum
1177 2219 1244 2263 cum
1279 2201 1403 2281 legatur.
1447 2204 1521 2265 item

231 2303 357 2382 gerundi
380 2322 468 2383 quern
492 2303 593 2365 dicunt
614 2302 749 2374 modum,
772 2302 906 2386 plerique
928 2311 1038 2384 negant
1059 2322 1126 2365 eum
1148 2302 1267 2366 modum
1289 2322 1369 2375 esse,
1398 2303 1453 2366 sed
1475 2304 1520 2365 di·

230 2413 302 2466 cunt
328 2407 552 2485 participiorum
581 2425 598 2467 a
624 2406 739 2486 passivo
762 2405 853 2468 futuri
875 2415 905 2468 et
924 2407 1077 2487 praeteriti
1098 2424 1163 2469 esse
1185 2404 1421 2469 declinationem.
1466 2406 1520 2469 aad

191 2524 217 2568 ao
230 2515 275 2569 est
295 2506 415 2577 modus,
444 2509 512 2588 quia
539 2508 570 2569 in
591 2526 611 2568 u
633 2508 741 2569 desiuit
761 2508 865 2570 ultimo
886 2515 1019 2588 tempore
1041 2528 1110 2582 suo,
1138 2510 1169 2569 in
1191 2526 1279 2590 quam
1301 2506 1430 2570 litteram
1453 2507 1520 2571 nul·

228 2608 289 2671 lum
318 2608 426 2672 desinit
453 2610 657 2691 participium,
686 2616 716 2671 et
742 2611 984 2691 significationem
1013 2610 1102 2673 habet
1128 2618 1199 2673 tam·
1217 2610 1332 2690 agentis
1354 2628 1445 2692 quarn
1465 2630 1519 2693 pa·

228 2712 344 2783 tientis,
374 2710 454 2792 quod
481 2713 583 2792 utiquo
609 2730 668 2773 non
691 2711 828 2784 haberet,
851 2713 876 2774 si
896 2715 1081 2794 participium
1104 2714 1251 2794 passivum
1273 2719 1361 2775 esset.
1406 2716 1520 2779 stenlrn

228 2833 297 2876 oum
320 2813 445 2876 dicimus
467 2806 628 2883 cantando,
652 2817 816 2893 erogantis
839 2824 869 2877 et
888 2817 1025 2896 patientis
1046 2814 1136 2877 habet
1157 2815 1415 2896 significationem,
1438 2818 1520 2900 quod

228 2916 372 2996 probatur
399 2924 474 2979 teste
500 2915 636 2994 Virgilio:
667 2922 735 2978 nam
764 2917 815 2979 ubi
843 2917 914 2978 dicit
941 2916 1141 2979 ‘cantando
1168 2925 1206 2980 tu
1234 2916 1368 2992 illum',
1402 2921 1520 3000 agentis

190 3019 473 3098 assignificationem
495 3019 637 3088 ostendit;
667 3018 720 3081 ubi
747 3020 817 3081 dicit
839 3017 1044 3081 ‘cantando
1072 3021 1260 3100 rumpitur
1283 3023 1443 3102 anguis’,
1466 3037 1519 3100 pa·

226 3122 334 3183 tientis.

311 3223 438 3284 Formae
459 3230 528 3283 sunt
549 3230 701 3302 quattuor,
730 3242 784 3306 per
806 3241 878 3304 quas
899 3241 958 3285 non
981 3223 1150 3297 declinatio,
1180 3226 1231 3288 sed
1254 3225 1428 3303 significatio
1451 3245 1517 3288 vor-

226 3326 333 3387 borum
361 3324 540 3406 explicatur:
570 3343 645 3404 quae
675 3327 740 3387 ideo
768 3333 906 3407 quattuor
933 3336 1016 3398 sunt,
1045 3331 1183 3409 quoniam
1215 3326 1303 3410 [non]
1326 3345 1414 3389 omne
1437 3329 1518 3411 quod

227 3429 341 3508 agimus
368 3434 506 3508 quattuor
530 3435 695 3508 temporum
723 3428 819 3489 ollicio
847 3426 1024 3492 continetur.
1071 3450 1137 3493 nam
1160 3438 1210 3494 ant
1231 3431 1393 3509 cogitamus
1415 3438 1518 3495 utrum

189 3552 215 3594 ao
228 3530 374 3610 agendum
402 3530 453 3600 sit,
482 3537 533 3590 aut
559 3530 636 3609 quod
664 3528 774 3610 placuit
800 3531 987 3605 inchoamus,
1017 3543 1067 3597 aut
1097 3533 1231 3594 inchoata
1254 3531 1444 3613 conplemus;
1467 3544 1519 3599 aut

228 3632 364 3713 conpleta
394 3633 545 3692 iteramus.
588 3632 699 3693 idcireo
729 3634 817 3694 etiam
845 3635 927 3716 ipsae
954 3635 1083 3718 iorllmae
1113 3634 1186 3695 haec
1213 3635 1332 3696 nomina
1355 3637 1516 3716 accipirmt.

226 3753 285 3796 uua
308 3736 384 3795 euim
408 3733 590 3805 meditativa,
614 3753 688 3814 quae
711 3754 771 3796 non
793 3755 882 3816 agere
905 3757 958 3799 nos
980 3735 1103 3816 aliquid,
1131 3736 1183 3797 sed
1212 3736 1308 3798 adhuc
1329 3734 1404 3799 velle
1426 3756 1517 3820 agere

227 3834 368 3906 ostendit,
397 3841 429 3896 ut
451 3842 496 3896 est
517 3835 656 3898 lecturio:
694 3838 838 3916 significat
865 3842 941 3902 euim
963 3855 1023 3900 non
1045 3837 1125 3917 lego,
1153 3839 1205 3900 sed
1227 3837 1328 3918 legere
1348 3837 1425 3901 volo.
1470 3859 1517 3903 so·

227 3936 323 3998 cunda
352 3944 396 3995 est
424 3937 605 4010 inchoativa,
634 3958 707 4019 quae
735 3959 789 4002 nos
816 3939 924 4020 aliquid
950 3941 1067 4002 initiare
1094 3941 1233 4011 ostendit,
1261 3947 1295 4002 nt
1323 3948 1369 4002 est
1390 3940 1516 4015 calesco

187 4062 213 4104 ³5
226 4037 306 4119 quod
333 4036 477 4115 significat
503 4038 600 4102 calere
627 4043 745 4122 incipio.
790 4043 874 4102 tertia
909 4050 953 4104 est
972 4044 1118 4125 perlecta,
1142 4051 1173 4105 ut
1194 4042 1273 4122 lego,
1295 4060 1372 4123 quiae
1393 4042 1516 4125 plenum

226 4137 356 4200 ostendit
385 4144 491 4200 actura.
537 4152 640 4222 quarta
667 4153 712 4205 est
737 4143 964 4224 frequentativa,
993 4165 1069 4226 quae
1096 4163 1151 4207 nos
1178 4144 1287 4226 aliquid
1314 4162 1405 4227 saepe
1419 4160 1516 4229 'agere

304 4394 465 4460 donperllno
480 4395 519 4446 P:
539 4411 595 4446 esse
610 4399 765 4464 superllnnm
786 4398 854 4451 huuc
871 4403 954 4467 putori
973 4401 1076 4452 modum
1094 4416 1112 4459 ς
1198 4402 1231 4455 13
1249 4402 1519 4465 quemammodum?

306 4465 339 4516 14
358 4474 384 4511 ut
404 4463 461 4530 lego
481 4464 537 4531 lege
562 4467 655 4534 legitur
679 4484 696 4526 ς
720 4480 747 4520 ut
766 4469 824 4537 lego
851 4470 900 4538 legi
920 4472 1013 4538 legitur
1030 4471 1162 4523 Putaedius
1248 4472 1283 4523 20
1300 4473 1326 4522 in
1343 4470 1373 4541 n]
1394 4475 1422 4525 in
1442 4489 1458 4525 ο
1478 4475 1516 4528 P.-

224 4551 283 4585 nam
301 4535 323 4584 si
341 4535 476 4599 participia
499 4545 574 4600 sunt,
600 4538 662 4601 qnid
680 4540 802 4589 lucianum
820 4541 852 4591 de
868 4558 897 4592 eo
914 4543 981 4606 quod
999 4537 1038 4593 'eat
1057 4543 1139 4593 lectu?
1158 4557 1216 4592 uam
1235 4542 1332 4593 nullum
1351 4546 1515 4614 participium

224 4621 271 4672 per
292 4618 376 4655 rerum
402 4612 517 4656 naturam
538 4622 554 4655 ιι
578 4606 660 4658 littera
678 4612 826 4662 terminatur
841 4611 951 4662 ablativo
966 4628 1027 4664 caen
1045 4615 1152 4679 Serpiua
1162 4629 1191 4677 p.
1204 4613 1257 4668 510
1271 4613 1313 4663 ed.
1330 4613 1408 4669 Lind.
1480 4614 1516 4669 24

225 4675 349 4727 cantando
369 4672 407 4742 tn]
433 4678 513 4742 Verp.
533 4677 611 4730 bucol.
631 4678 657 4743 11,
678 4681 711 4731 25
800 4682 834 4733 21)
851 4685 974 4735 cantando
992 4682 1128 4752 rumpitur]
1154 4685 1232 4750 Verp.
1248 4684 1331 4735 bacol.
1349 4684 1377 4745 8,
1395 4684 1430 4739 71

224 4747 258 4798 28
273 4746 393 4809 qnoniam
412 4761 463 4796 non
481 4761 555 4798 omne
574 4749 613 4799 P:
629 4765 679 4800 non
697 4766 745 4801 om.
762 4767 787 4808 ς,
805 4753 918 4816 sonasse
935 4757 1053 4816 quoniam
1065 4755 1162 4805 ratione
1183 4768 1257 4805 omne
1318 4754 1355 4806 22
1371 4756 1516 4809 contineant

224 4820 420 4873 §continentur
435 4818 461 4867 P
528 4818 562 4870 30
580 4820 710 4872 luccamus
728 4823 884 4872 nutincoctn
900 4823 926 4874 P
989 4825 1023 4879 31
1043 4833 1229 4892 acceperunt:
1299 4823 1515 4879 MlncontlruP

223 4889 325 4952 itemque
337 4895 428 4951 postea
496 4904 561 4953 qnae
579 4889 677 4955 aliquid
696 4906 743 4944 nos
759 4892 874 4942 nuntiare
892 4905 909 4950 ς
