3314 5506
590 338 785 402 ts'str'tt‘rl
810 339 951 404 subivit
973 342 1077 406 8-24
1437 348 1479 410 49

250 455 354 496 ,vasae
367 454 394 495 s.
1283 490 1289 502 .
1344 493 1349 502 .
1400 461 1428 505 v.

183 467 323 603 singulari
346 522 521 587 declinanda
540 534 617 588 sunt.
656 527 750 605 figura
774 525 887 590 litterae
909 536 953 590 est
977 549 1033 609 qua
1056 538 1174 591 notatur
1197 539 1225 592 et
1247 460 1477 613 qbaaeicdbtmr.

184 637 313 704 potestas
335 625 452 688 litterae
480 635 525 688 est
548 646 605 707 qna
629 626 719 697 valet,
747 628 805 689 boc
829 637 874 690 est
902 648 959 708 qua
982 639 1076 692 sonat.
1121 651 1199 694 nunc
1227 652 1332 694 omnes
1358 634 1478 696 Latinae

184 725 297 789 litterae
320 727 473 788 dumtaxat
493 736 563 789 sunt
583 747 708 790 numero
727 729 829 790 XXill.
861 731 917 792 hac
938 736 1128 795 nominantur
1149 734 1265 797 vocales
1288 735 1478 797 semivocales

184 836 210 888 et
232 838 345 890 mutae.
389 829 441 890 sed
463 830 654 892 semivocales
677 839 706 893 ct
729 839 827 892 mutae
850 832 1034 910 appellantur
1057 844 1262 897 consonantes.
1295 855 1366 898 sane
1389 856 1478 915 qvine-

184 931 268 997 ritur,
291 949 350 1010 qna
374 931 410 992 de
433 949 521 992 causa
543 931 734 993 semivocales
755 941 785 993 et
806 941 904 995 mutae
925 945 1121 996 consonantes
1142 937 1336 1016 appellantur.
1367 937 1423 998 bac
1441 939 1478 999 de
1504 963 1517 1001 s

186 1049 288 1099 mum,
313 1033 454 1112 quoniam
476 1035 640 1094 coniunctis
662 1033 719 1094 illis
746 1034 895 1097 vocalibus
916 1039 959 1096 sic
983 1039 1100 1097 nomina
1123 1038 1283 1100 earundem
1306 1049 1477 1100 consonant.

186 1133 233 1192 sed
258 1151 329 1193 cum
359 1134 395 1194 ad
422 1135 502 1213 ipsas
523 1133 636 1196 litteras
659 1138 896 1213 pervenerimus,
924 1136 1091 1218 illicqnem
1114 1139 1289 1201 admodum
1316 1142 1480 1222 coniunctis

188 1233 239 1294 ilis
262 1234 413 1297 vocalibus
434 1238 553 1298 nomina
573 1238 735 1299 earundem
757 1246 920 1299 consonent
940 1250 1133 1319 conpetenter
1152 1241 1355 1304 tractabimus.

719 1437 754 1478 DE
776 1436 946 1479 vocatibus.

268 1539 392 1602 vocales
417 1539 531 1602 litterae
553 1549 623 1603 sunt
644 1560 769 1603 numero
792 1545 932 1624 quinque.
976 1543 1031 1605 hae
1053 1564 1109 1624 per
1131 1563 1163 1607 se
1185 1545 1394 1624 proteruntur,
1424 1546 1481 1607 hoc
1495 1570 1519 1611 vo

190 1643 278 1703 estad
301 1642 442 1704 vocabula
465 1661 517 1703 sua
540 1643 648 1704 nullius
671 1646 896 1706 consonantium
916 1653 1004 1723 egent
1025 1649 1173 1716 societate,
1197 1654 1312 1726 utputa
1329 1667 1345 1709 a
1361 1668 1378 1709 e
1394 1648 1402 1707 i
1418 1666 1436 1707 o
1451 1667 1480 1716 u,

189 1752 211 1803 et
232 1763 289 1824 per
308 1763 342 1805 se
363 1744 504 1824 syllabam
528 1744 627 1806 iacere
651 1754 782 1824 possunt,
805 1745 862 1807 hoc
884 1755 929 1808 est
950 1756 982 1808 ut
1003 1749 1083 1827 ipsae
1103 1750 1180 1809 inter
1202 1767 1234 1808 se
1257 1755 1367 1810 tautum
1392 1749 1480 1811 ruodo

188 1849 367 1908 misceantur
389 1854 419 1908 et
438 1845 569 1926 syllabae
591 1864 683 1906 sonus
704 1848 857 1917 efficiatur,
881 1859 913 1909 ut
932 1857 1004 1928 puta
1025 1869 1063 1910 ua
1084 1868 1122 1910 ue
1136 1869 1172 1910 oc
1187 1868 1225 1910 au
1241 1851 1270 1909 ui
1285 1850 1311 1910 ia
1334 1860 1364 1910 et
1382 1858 1480 1911 cetera

186 1947 260 2009 talia.
307 1947 430 2015 irarum,
453 1947 482 2008 id
507 1955 552 2008 est
573 1947 732 2018 vocalium,
756 1948 813 2010 hae
832 1950 923 2020 duae,
946 1953 957 2011 i
978 1959 1007 2012 et
1027 1969 1061 2020 u,
1086 1958 1241 2011 transeunt
1262 1953 1293 2010 in
1315 1968 1480 2012 consonan-

186 2051 254 2110 tium
274 2056 452 2127 potestatem
475 2055 561 2118 tunc,
584 2067 652 2110 cum
674 2058 726 2110 aut
746 2031 829 2130 ipsae
852 2054 929 2112 inter
950 2070 981 2112 se
1002 2053 1204 2130 geminantur,
1235 2059 1269 2111 ut
1290 2052 1363 2112 luno
1386 2055 1481 2112 viator
1496 2074 1519 2115 rs

183 2149 290 2219 vultus,
315 2149 361 2211 rel
381 2150 501 2230 qnando
522 2168 590 2211 curn
614 2150 678 2212 aliis
701 2151 849 2213 vocalibus
873 2155 1049 2229 iunguntur,
1074 2162 1103 2214 nt
1126 2164 1205 2216 vates
1227 2171 1329 2215 vecors
1350 2155 1407 2213 iam
1430 2171 1480 2214 vos

181 2254 324 2314 maiestas
353 2255 447 2313 maior
471 2259 501 2313 et
522 2259 622 2314 cetera
648 2251 725 2314 talia.
770 2271 851 2315 nunc
878 2255 1045 2332 quaeritur,
1076 2255 1194 2334 quando
1216 2253 1291 2315 ivel
1316 2274 1336 2316 n
1364 2253 1480 2316 litterae

179 2349 248 2415 loro
283 2355 475 2415 consonantis
505 2354 564 2415 sint
595 2356 724 2432 positae,
762 2355 806 2416 vel
834 2356 953 2435 quando
980 2357 1058 2417 inter
1085 2356 1200 2418 vocales
1233 2358 1329 2436 accipi
1360 2356 1480 2421 debent.
1539 2433 1542 2439 Ι

177 2473 276 2535 qnare
298 2455 357 2515 boc
378 2472 543 2525 monemus,
567 2463 600 2516 nt
620 2463 691 2517 tunc
711 2459 721 2518 ι
743 2455 825 2517 vein
847 2456 913 2518 loco
936 2461 1126 2519 consonantis
1148 2460 1338 2537 accipiantur,
1360 2457 1479 2537 quaudo

176 2557 370 2636 praepositae
392 2556 543 2618 vocalibus
564 2558 594 2617 in
617 2557 726 2637 syllaba
748 2557 859 2619 scilicet
880 2577 934 2620 sua
956 2561 1161 2629 inveniuntnr;
1180 2559 1299 2639 quando
1322 2579 1390 2620 vero
1409 2557 1479 2619 sub·
1492 2580 1519 2622 ao

178 2658 293 2727 iselae,
316 2666 347 2719 et
363 2660 444 2737 ipsae
466 2658 581 2720 vocales
603 2660 787 2720 iudicentur:
819 2668 851 2722 ut
871 2669 942 2740 puta
962 2661 1006 2731 iu,
1029 2661 1131 2740 utiquo
1152 2663 1163 2721 i
1185 2679 1263 2722 nunc
1287 2661 1351 2722 loco
1374 2680 1480 2722 conso·

180 2761 281 2820 nantis
303 2767 334 2819 ct
355 2778 374 2821 u
397 2759 464 2821 ioco
484 2761 593 2822 vocalis
614 2762 772 2838 accipitur:
796 2764 867 2824 item
889 2764 926 2832 ui,
950 2764 1049 2843 ntique
1067 2782 1086 2823 u
1106 2781 1186 2823 nunc
1207 2762 1272 2824 loco
1294 2765 1481 2824 consonantis

179 2871 211 2919 et
229 2864 242 2920 i
258 2864 325 2922 loco
339 2857 354 2943 ΙΙ
369 2862 477 2923 vocalis
495 2863 710 2925 consideratur.
749 2865 791 2924 sic
806 2858 842 2925 'et
863 2866 942 2925 iuxta
962 2867 967 2940 Ι
988 2863 1102 2925 vocales
1126 2864 1207 2933 alias,
1229 2867 1254 2924 si
1272 2865 1280 2923 i
1303 2863 1346 2924 vel
1370 2862 1479 2924 ulitte·

185 2979 236 3022 rac
256 2964 286 3022 in
304 2961 416 3042 syllaba
439 2982 491 3024 sua
511 2972 752 3042 praeponuntur,
779 2967 836 3025 vim
858 2967 1082 3026 consonantium
1108 2964 1219 3027 babere
1247 2965 1430 3034 iudicantur;
1455 2966 1481 3025 si

188 3082 255 3124 vero
277 3063 474 3134 subiciuntur,
498 3065 643 3125 vocalium
665 3064 732 3127 loco
754 3068 926 3145 iunguntur.
1491 3084 1517 3124 ta

688 3264 723 3304 DE
737 3264 977 3307 sublivocaLtttvs.

269 3367 469 3430 Semivocalcs
489 3372 715 3431 consonantium
738 3368 852 3431 litterae
881 3380 950 3431 suut
978 3389 1102 3432 numero
1125 3379 1248 3451 septem.
1294 3368 1349 3430 bae
1372 3387 1479 3429 secun·

191 3470 253 3532 dum
275 3472 419 3531 musicam
447 3473 593 3533 rationem
618 3488 726 3549 perse
750 3474 960 3552 proteruntur,
991 3471 1049 3532 boc
1071 3480 1116 3533 est
1143 3482 1174 3532 ut
1202 3472 1238 3533 ad
1263 3469 1403 3531 vocabula
1426 3488 1479 3530 sua

191 3573 293 3634 nullius
316 3572 461 3634 vocalium
488 3580 594 3650 egeant
619 3575 774 3641 societate,
805 3582 837 3634 ut
859 3573 898 3633 il
923 3591 950 3633 m
974 3591 993 3634 n
1016 3592 1114 3634 rsx.
1159 3583 1189 3633 at
1216 3591 1285 3633 vero
1313 3571 1478 3632 secundum

191 3682 278 3735 metra
307 3674 409 3735 latina
439 3682 468 3735 ct
496 3681 713 3735 structurarum
747 3677 892 3737 rationem
919 3675 1071 3737 subiectae
1101 3673 1248 3735 vocalibus
1278 3675 1396 3734 nomina
1426 3689 1518 3734 suaso

191 3775 325 3842 cilicinnt.
350 3784 383 3835 ut
404 3776 436 3837 ei
453 3774 479 3836 el
495 3794 542 3838 em
558 3794 595 3837 en
610 3795 642 3838 er
658 3796 690 3837 es
704 3796 749 3838 ex.
776 3777 827 3838 sed
845 3795 899 3856 per
922 3796 953 3839 se
977 3775 1120 3856 syllabam
1142 3775 1239 3837 lacere
1262 3792 1320 3835 non
1345 3781 1478 3852 possunt,

190 3876 297 3937 seilicet
318 3879 458 3956 quoniam
474 3877 665 3939 semivocales
684 3877 808 3946 litterae,
832 3880 856 3938 si
871 3880 949 3939 inter
964 3897 997 3938 se
1014 3880 1201 3950 misceantur,
1223 3895 1328 3938 sonum
1351 3875 1479 3956 syllabae

191 3976 282 4039 lacere
307 3996 366 4038 non
387 3980 591 4058 reperiuntur,
613 3987 645 4039 nt
667 3988 737 4059 puta
758 3978 778 4039 ll
801 3997 846 4049 ms
867 3997 899 4038 rx
924 3996 972 4047 ns;
996 3988 1026 4041 et
1048 3980 1130 4049 ideo,
1154 3988 1186 4040 ut
1206 3979 1347 4047 diximus,
1371 3996 1425 4056 per
1447 3996 1480 4039 se

190 4078 376 4142 semivocales
397 4079 538 4159 syllabam
564 4081 661 4142 iacere
684 4097 745 4141 non
767 4087 900 4160 possunt.
947 4100 981 4141 ex
1007 4080 1052 4141 bis
1079 4088 1192 4150 autem,
1220 4080 1247 4140 id
1269 4087 1368 4140 estex
1390 4081 1478 4139 semi·

191 4181 351 4250 vocalibus,
381 4199 398 4241 x
425 4179 523 4242 littera
552 4181 660 4261 duplex
687 4183 716 4243 in
743 4183 845 4243 metris
874 4183 933 4244 sive
961 4184 1118 4244 structuris
1144 4182 1304 4250 iudicatur,
1334 4180 1517 4260 siqnidemxv

189 4285 401 4360 nominatarum
423 4284 529 4345 buum
550 4285 774 4345 consonantium
794 4303 868 4345 sono
891 4282 1039 4361 iungatur,
1063 4283 1091 4343 id
1114 4291 1159 4344 est
1181 4302 1215 4360 gs
1237 4291 1288 4344 ant
1309 4300 1350 4350 cs,
1374 4288 1406 4342 ut
1425 4299 1478 4341 rex

190 4393 215 4444 et
232 4404 310 4464 regs,
332 4387 381 4464 pix
405 4388 528 4466 etpics.
573 4388 759 4447 nuncetiam
786 4386 844 4446 boc
870 4385 1032 4445 secundum
1062 4384 1176 4464 aliquos
1200 4382 1477 4463 reprehendendum

189 4496 244 4555 est,
271 4487 353 4567 quod
381 4486 452 4547 huic
473 4486 584 4567 duplici
603 4486 733 4556 litterae,
757 4488 785 4548 id
807 4495 852 4548 est
872 4506 905 4555 x,
931 4487 968 4547 ad
992 4481 1160 4565 exemplum
1186 4487 1352 4563 genetivum
1377 4502 1477 4544 casum
1584 4484 1587 4489 ’

254 4655 287 4707 ld
303 4672 392 4708 vecors
407 4673 423 4707 v
440 4671 544 4706 naecors
561 4655 586 4706 R
655 4655 871 4707 advocabimus
890 4655 1064 4706 uocabulisii
1122 4657 1157 4706 22
1174 4654 1337 4706 consonantis
1354 4663 1379 4702 et
1396 4655 1404 4701 i
1423 4652 1478 4702 loeo

185 4738 229 4775 on.
245 4725 284 4776 tt·
369 4727 405 4779 23
430 4727 502 4776 iuxta
525 4726 625 4776 vocales
649 4727 713 4777 alias
733 4727 905 4778 coxendice
924 4724 1130 4778 Promotum
1160 4726 1233 4775 iuxta
1256 4733 1353 4774 ceteras
1377 4722 1479 4772 uvrcales

186 4794 249 4844 alias
266 4795 291 4845 R
361 4795 396 4848 37
416 4797 557 4846 secundum
576 4796 599 4846 R
619 4799 689 4846 iuxta
707 4812 737 4847 νυ

202 4883 209 4898 ’
236 4901 398 4944 amnas.
415 4902 491 4943 nar.
506 4901 569 4944 1111.
1256 4884 1273 4940 l
