3346 5506
807 1225 849 1276 11.

553 1378 713 1472 llllllll
745 1376 1102 1471 ttobtbtbttb

738 1666 916 1676 ----

274 1873 298 1929 ln
309 1874 403 1931 codice
416 1871 517 1930 saeculi
526 1872 580 1928 Vlll
594 1881 672 1930 antea
687 1874 758 1949 apud
770 1871 928 1933 llrobnium,
944 1887 1015 1927 nuuc
1024 1870 1146 1943 Lugduni
1159 1871 1318 1926 batavorum
1335 1873 1361 1926 in
1377 1870 1474 1927 biblio·

212 1955 267 2013 tbcca
280 1958 384 2031 publica
400 1956 486 2012 xvltt.
501 1956 560 2012 g7p
576 1956 790 2029 (catal.Geeliani
807 1977 832 2032 p.
847 1959 896 2010 lob
910 1973 936 2011 n.
948 1952 1007 2028 abo)
1023 1963 1087 2029 post
1102 1954 1265 2027 glossarium
1280 1955 1403 2012 Latinum
1419 1973 1473 2011 non

211 2041 318 2112 optimum
329 2042 431 2117 legitur
446 2041 464 2096 f.
479 2043 654 2098 taen-149
669 2043 719 2099 suh
736 2043 817 2100 titulo
834 2039 989 2112 ‘incipiunt
1002 2041 1079 2111 ploce
1094 2040 1174 2096 iure'
1191 2037 1340 2095 laterculus
1357 2041 1378 2095 is
1394 2057 1473 2114 qrreru

211 2124 261 2181 iulra
274 2127 538 2202 repraesentavimus.
568 2127 736 2184 Exlribentur
761 2128 788 2182 in
804 2144 836 2182 eo
857 2142 912 2180 uon
934 2125 1041 2199 quidem
1063 2132 1144 2180 notae
1166 2123 1228 2180 illae
1248 2123 1343 2180 doctae
1365 2133 1474 2180 etcum

210 2207 270 2279 plena
289 2211 352 2267 iuris
367 2211 480 2268 Romani
495 2210 607 2267 scientia
622 2212 716 2267 intimo
731 2211 906 2272 coniunctae,
928 2227 996 2284 quas
1012 2209 1173 2265 ollendimus
1194 2216 1250 2265 tam
1270 2209 1340 2282 apud
1357 2208 1474 2265 Probum

211 2308 271 2364 quam
283 2296 307 2351 in
323 2295 400 2352 libris
415 2295 473 2352 Gaii
489 2303 516 2351 et
531 2296 564 2351 de
579 2297 637 2351 iure
652 2296 710 2352 fisci
727 2296 883 2369 laciniisque
899 2294 1004 2368 Ulpiani
1017 2292 1280 2355 vindobonensibus,
1297 2294 1343 2349 sod
1360 2292 1475 2350 labentis

210 2378 359 2447 prudentiae,
383 2379 472 2454 qualis
487 2379 606 2436 obtinuit
621 2380 736 2436 saeculis
752 2382 808 2437 lere
825 2382 919 2453 quinto
942 2388 970 2433 ot
985 2387 1061 2435 sexto
1077 2394 1178 2453 eaeque
1201 2378 1288 2451 ipsae.
1312 2378 1412 2452 quilurs
1434 2380 1475 2433 usi

211 2470 258 2517 sont
269 2466 388 2539 eorporis
404 2464 480 2526 iuris,
496 2464 574 2520 cuius
590 2463 720 2539 reliquiae
736 2465 787 2521 sub
802 2464 910 2520 nominc
926 2464 1141 2536 fragmentorum
1159 2463 1345 2519 vaticanorum
1362 2464 1476 2519 circurn-

212 2543 326 2612 lemntur,
346 2549 473 2606 conditor
487 2548 647 2623 Ulpianique
662 2548 818 2621 regularum
834 2551 1007 2623 epitomator.
1037 2546 1107 2603 Sane
1123 2549 1168 2621 qui
1184 2555 1310 2604 notarum
1326 2546 1475 2609 elenchum.

212 2643 272 2699 quem
284 2650 313 2689 ex
327 2633 456 2690 Vaticano
470 2631 541 2691 libro
557 2635 678 2708 excerpsi
695 2634 732 2708 (p.
748 2637 892 2689 385-388
906 2633 947 2688 ed.
965 2630 1053 2703 mai).
1075 2649 1137 2688 eum
1152 2631 1327 2705 lugdunensi
1343 2632 1475 2688 laterculo

213 2726 337 2788 componet,
353 2717 473 2793 reperiet
487 2715 642 2775 simillimos
657 2735 734 2781 esse,
750 2720 801 2774 uisi
817 2718 889 2791 quod
905 2717 1045 2792 eopiosior
1061 2717 1103 2773 hle
1118 2723 1161 2773 est
1176 2724 1272 2791 utpote
1287 2726 1430 2790 excerptus
1445 2732 1476 2772 ex

214 2810 303 2870 torpore
316 2802 455 2877 ampliore.
489 2801 617 2858 Versatur
639 2805 704 2859 item
720 2805 746 2858 in
762 2803 821 2859 iure
837 2803 922 2874 magis
938 2819 1018 2874 qnam
1042 2801 1067 2856 in
1084 2798 1202 2875 legibus;
1226 2810 1306 2857 notas
1321 2803 1391 2857 crrirn
1407 2818 1475 2874 quac

215 2884 340 2948 berbncant
354 2886 387 2942 ad
403 2886 614 2944 constitutiones
629 2904 683 2943 non
699 2890 789 2962 reperi
804 2889 856 2942 uisi
873 2888 993 2960 quinque
1009 2887 1072 2941 has:
1099 2887 1228 2942 inlustria
1243 2888 1401 2941 auctoritas
1415 2880 1504 2953 toas

215 2972 415 3035 amoneretur,
429 2973 567 3042 pravitas,
583 2971 743 3041 karissime,
758 2972 1026 3043 postconsulatum.
1050 2970 1201 3026 Christiana
1216 2978 1306 3025 autem
1322 2978 1349 3025 ct
1366 2969 1475 3024 omnino

215 3041 300 3117 bellna
314 3054 393 3129 plane
414 3054 513 3112 absunt
527 3072 542 3111 a
557 3055 732 3129 Lugdunensi
756 3072 844 3130 neque
859 3055 933 3111 ullus
953 3072 985 3111 ex
1000 3054 1068 3111 ioris
1084 3063 1211 3110 notarunt
1231 3053 1369 3110 laterculis
1384 3053 1476 3128 alpba·

215 3123 281 3191 butico
294 3139 384 3197 ordine
398 3141 512 3213 digestis
526 3141 599 3197 laune
614 3141 695 3196 vincit
715 3141 843 3215 puritate.
867 3139 1075 3214 Repraesentavi
1091 3138 1251 3213 simpliciter
1271 3147 1354 3213 prout
1374 3138 1476 3211 legitur

214 3208 321 3280 ltendite
340 3225 453 3282 adiectis
475 3223 503 3281 ln
523 3227 645 3299 margine
671 3224 712 3281 vel
733 3226 804 3282 intra
826 3242 912 3281 uncos
938 3223 1085 3298 quadratos
1107 3221 1341 3280 emendationibus
1366 3225 1389 3278 sl
1406 3239 1475 3296 (puae

213 3307 352 3365 ”marniae
365 3325 427 3367 esse
441 3309 608 3368 videbantur.

601 3643 790 3707 INClPlVNT
813 3642 934 3707 GLOSE
957 3642 1055 3705 lVRE.

179 3766 222 3853 Λ
248 3787 303 3881 ἦ·
437 3813 516 3892 apud
859 3798 967 3871 bffitt
988 3829 1084 3873 annua
1107 3811 1186 3873 bima
1209 3813 1295 3872 trima

208 3894 221 3942 ²
247 3899 336 3984 Ακᾶ·
439 3923 594 3992 argentum
844 3922 877 3972 10
901 3900 951 3974 ἦ·
992 3917 1151 3977 auctoritas
1172 3921 1220 3974 tua

204 3990 218 4042 ³
245 3990 304 4069 Ht-
318 4002 367 4076 st·
382 4006 419 4073 Ᾰ·
438 4023 536 4078 autem

201 4094 215 4141 ⁴
243 4091 295 4173 Ᾱῖ
394 4096 404 4121 ⁸
439 4137 490 4180 aes
511 4117 639 4180 alienum
863 4125 874 4175 t
904 4103 954 4220 cff-
991 4119 1087 4180 bonae
1107 4118 1174 4179 utet

402 4238 408 4247 ·
440 4221 602 4281 serrarium
622 4222 740 4283 Saturni
861 4230 877 4278 2
905 4229 955 4299 uf·
992 4220 1167 4282 beneficium

439 4321 494 4382 alia
517 4319 681 4383 sententia¹
860 4329 877 4381 3
904 4307 959 4379 u‘tt·
993 4322 1139 4383 boninum

439 4421 617 4502 appellatum
861 4433 877 4481 4
905 4410 959 4503 ἰῷ·
995 4424 1141 4485 bonorum
1164 4424 1311 4502 possessio

437 4526 515 4586 actio
860 4534 877 4584 5
905 4519 934 4582 b‘
991 4525 1047 4588 bus

264 4702 275 4752 l
294 4709 346 4761 Iuro
364 4710 436 4760 Aelia
452 4709 553 4773 Sentia3
573 4713 631 4765 aide
646 4714 716 4776 infra
735 4716 757 4765 L
775 4718 792 4769 6
815 4723 841 4766 et
858 4716 980 4767 Gaiuunm
1000 4713 1052 4764 ind.
1071 4716 1128 4778 aigi.
1149 4730 1170 4766 a.
1187 4728 1209 4762 a.
1315 4711 1331 4758 2
1356 4710 1408 4757 1²¹⁸>
1430 4700 1461 4754 W
1469 4748 1478 4776 ,

131 4813 134 4823 “
202 4792 299 4867 “hira
315 4807 343 4862 Ο
364 4813 485 4864 turasius
502 4818 656 4882 campilia
674 4795 728 4868 (ἦ
