3314 5506
555 382 752 445 tusTtTt'Ts
772 381 912 444 ARTIVM
933 381 1100 445 sat-547
1410 383 1471 446 tau

235 512 257 552 p.
270 499 349 542 mitt
364 498 399 540 ll.'
1255 512 1278 553 p.
1293 500 1381 543 sta-u
1394 499 1421 538 V.

265 572 434 644 Quaeritur,
457 570 494 631 ab
516 590 552 631 eo
574 569 654 650 quorl
676 569 902 648 ‹lixitl'ergilius
925 569 1156 632 ‘velleribus
1177 572 1315 633 niveis’
1338 574 1471 633 nomina·

186 676 240 734 tiro
263 691 333 735 casu
365 675 481 733 numeri
507 665 663 749 singularis
695 671 786 733 sellus
814 690 851 732 arr
876 668 988 733 'vellunt‘
1018 673 1140 734 (licetur.
1185 673 1237 735 sed
1268 691 1472 752 quaecumque

185 777 299 835 nomina
323 775 442 852 generis
465 774 559 834 neutri
584 774 681 834 dativo
701 772 744 833 rel
768 772 891 834 ablativo
914 792 983 834 casu
1000 777 1121 835 numeri
1142 774 1265 852 pluralis
1286 774 1342 837 bus
1363 774 1472 854 syllaba

184 879 388 944 terminantur,
407 876 482 937 baec
500 894 659 956 numquam
683 877 860 936 nominativo
875 894 945 936 casu
966 878 1082 937 numeri
1096 872 1109 959 ΙΙ
1126 876 1282 954 singularis
1300 878 1304 956 Ι
1324 895 1374 937 um
1395 875 1471 938 litte·

184 976 223 1039 ris
244 978 443 1045 deliniuntur:
471 985 499 1036 et
522 977 588 1037 ideo
616 976 673 1036 boc
696 976 801 1045 vellus,
830 995 890 1037 nou
915 977 973 1038 boc
994 977 1101 1038 vellum
1129 978 1227 1039 lacere
1254 980 1471 1056 pronuntiatur.
1498 1006 1511 1044 5

185 1082 250 1140 item
273 1087 303 1141 et
323 1078 380 1141 alia
403 1078 553 1158 probatio,
581 1098 637 1158 qua
662 1079 699 1140 (le
725 1097 814 1140 causa
840 1079 897 1140 boc
919 1078 1010 1140 vellus
1036 1086 1065 1140 et
1087 1098 1146 1140 non
1167 1079 1225 1139 boc
1243 1077 1348 1140 vellum
1376 1079 1473 1140 lacere

184 1182 407 1259 pronuntiatur:
429 1181 566 1260 quoniam
589 1198 792 1259 quaecumque
814 1183 932 1242 nomina
955 1183 1073 1258 generis
1090 1183 1188 1243 neutri
1208 1182 1388 1242 nominativo
1404 1199 1472 1241 casu

184 1284 297 1344 numeri
328 1281 488 1361 singularis
513 1300 562 1343 um
588 1281 694 1343 litteris
721 1280 915 1353 deliniuntur,
945 1284 1018 1345 haec
1047 1301 1206 1362 numquam
1237 1284 1267 1343 in
1295 1284 1473 1344 nominativo

184 1403 249 1446 cassa
281 1385 401 1446 numeri
432 1383 556 1464 pluralis
587 1383 624 1444 ab
652 1385 756 1445 eodem
782 1386 962 1446 nominativo
990 1403 1060 1447 casu
1091 1387 1207 1446 numeri
1235 1384 1392 1464 singularis
1420 1402 1474 1462 per

183 1486 322 1565 syllabam
343 1493 489 1548 crescunt.
535 1503 614 1547 nunc
636 1505 703 1547 cum
728 1487 803 1547 dieat
824 1486 972 1565 Vergilius
1000 1487 1157 1549 ‘vellera
1179 1488 1327 1556 siccat’,
1356 1494 1386 1548 et
1405 1486 1472 1548 ideo
1487 1510 1512 1551 ro

183 1606 237 1649 non
258 1589 319 1650 boo
340 1587 458 1656 sellum,
481 1587 533 1649 sed
556 1586 614 1648 hoc
636 1587 728 1649 vellus
751 1589 849 1650 lacere
869 1590 1085 1667 pronuntiatur.

263 1689 434 1762 Quaeritur,
458 1690 565 1750 borum
589 1690 769 1751 Samuelium
792 1707 828 1752 an
851 1690 958 1752 borum
981 1691 1150 1753 Samuelem
1171 1690 1306 1752 dicatur..
1340 1689 1392 1753 sed
1415 1690 1473 1750 boc

182 1811 351 1859 memus,
384 1791 462 1871 quod
490 1810 693 1871 quaecumque
725 1777 845 1854 nomina
872 1795 990 1872 generis
1016 1792 1170 1854 masculini
1197 1793 1374 1853 nominativo
1402 1810 1473 1853 casu

182 1896 296 1956 uumebi
322 1892 480 1973 singularis
508 1892 534 1954 el
560 1892 664 1955 litteris
692 1894 887 1963 deliniuntur,
920 1896 995 1957 baec
1022 1913 1179 1958 numerum
1205 1880 1348 1973 pluralem
1376 1893 1474 1955 tacere
1513 1950 1523 1975 ‚

182 1996 387 2074 probibentur.
1489 2020 1512 2061 n

262 2098 442 2171 Quaeritur,
472 2096 508 2157 ab
531 2116 567 2159 eo
587 2096 667 2176 quod
694 2097 767 2158 dixit
792 2097 946 2159 Sallustius
974 2098 1111 2160 ‘annua
1145 2099 1318 2177 imperia'
1351 2115 1408 2176 qua
1438 2096 1474 2157 de

181 2218 265 2262 causa
293 2200 494 2260 nominativus
519 2200 702 2260 accusativus
730 2208 760 2261 et
787 2191 936 2262 vocativus
965 2218 1050 2262 casus
1078 2203 1193 2262 numeri
1220 2199 1376 2277 singularis
1405 2206 1473 2260 erite

180 2302 312 2365 ultimam
350 2308 561 2362 consonantem
598 2317 652 2378 per
685 2302 757 2363 duas
789 2321 809 2363 u
843 2301 953 2364 litteras
990 2303 1168 2364 scribantur.
1213 2302 1269 2362 bac
1304 2301 1341 2362 de
1376 2318 1472 2367 causa,
1556 2381 1559 2387 Ι

180 2407 318 2484 qmuiam
340 2420 545 2482 quaecumque
568 2405 687 2463 nomina
715 2406 833 2482 generis
854 2407 950 2465 neutri
977 2406 1154 2466 nominativo
1176 2422 1246 2464 casu
1269 2403 1386 2464 numeri
1407 2401 1473 2483 plu·

179 2508 247 2570 ralis
268 2526 308 2568 ua
331 2505 439 2566 litteris
460 2505 594 2566 discretis
613 2504 807 2576 deliniuntur,
831 2506 913 2578 baec,
936 2508 960 2568 si
981 2514 1080 2586 aptota
1104 2525 1168 2567 esse
1191 2523 1251 2565 nou
1272 2507 1471 2585 reperiuntur,
1486 2526 1511 2567 ao

179 2610 359 2671 nominativo
380 2609 547 2667 accusativo
568 2614 598 2667 et
615 2609 745 2668 vocativo
765 2626 835 2669 casu
859 2610 974 2670 numeri
990 2608 1147 2685 singularis
1167 2626 1221 2686 per
1237 2607 1310 2668 duas
1326 2627 1346 2668 u
1362 2607 1473 2669 litteras

179 2719 243 2772 ante
259 2709 397 2770 ultimam
415 2718 626 2770 consonantem
640 2708 819 2778 scribuntur,
843 2717 876 2771 ut
890 2718 961 2788 puta
976 2711 1071 2771 ‘latua
1086 2711 1249 2787 mancipia'
1269 2710 1345 2770 ‘boc
1360 2709 1471 2772 fatuum

178 2814 389 2891 mancipium'.
433 2813 475 2872 sio
503 2813 604 2890 utique
633 2819 663 2873 et
684 2815 797 2872 ‘annua
827 2814 968 2892 imperia’
995 2815 1144 2873 ‘annuum
1171 2813 1345 2891 imperium’
1374 2810 1472 2871 lacere

179 2916 398 2994 pronuntiatur.
492 2900 495 2906 ¹

258 3017 431 3089 Quaeritur,
455 3014 491 3075 ab
514 3033 549 3075 eo
572 3015 650 3095 quod
674 3015 742 3076 dixit
763 3015 908 3093 Vergilius
929 3015 1141 3094 ‘tapetibus
1162 3015 1268 3077 altis’
1291 3016 1509 3077 nominativae

180 3137 245 3180 casu
265 3119 389 3181 numeri
413 3117 569 3195 singularis
598 3116 655 3177 boc
672 3124 804 3195 tapetum
831 3136 869 3178 au
890 3117 948 3178 boc
968 3125 1085 3196 tapetas
1113 3135 1150 3178 an
1169 3117 1227 3179 boc
1250 3125 1346 3194 tapete
1373 3116 1472 3178 lacere

180 3221 398 3298 pronuntietur.
432 3219 482 3279 sed
504 3235 708 3298 quaecumque
730 3220 847 3279 nomina
870 3219 995 3280 ablativo
1025 3238 1094 3279 casu
1123 3222 1239 3280 ntrmeri
1267 3217 1389 3298 pluralis
1416 3218 1471 3280 bus

180 3322 286 3402 syllaba
311 3322 517 3389 terminantur,
542 3320 615 3381 baec
638 3339 797 3400 numquam
819 3323 995 3381 nominativo
1017 3339 1085 3382 casu
1108 3322 1224 3381 numeri
1242 3319 1399 3398 singularis
1420 3339 1469 3381 um

181 3423 282 3486 litteris
305 3423 496 3485 deliniuntur.
532 3441 623 3502 quare
646 3422 683 3483 ab
704 3423 751 3483 bis
771 3423 918 3503 tapetibus
937 3423 994 3484 boc
1016 3430 1146 3502 tapetum
1168 3421 1265 3483 lacere
1285 3422 1468 3501 prohibetur.

182 3528 245 3588 ten
270 3543 479 3606 mecumque
500 3526 617 3585 nomina
644 3524 739 3585 (latim
762 3524 806 3586 vel
824 3523 948 3586 abtauvo
967 3543 1037 3585 casu
1063 3526 1178 3585 numeri
1198 3523 1319 3602 pluralis
1338 3523 1394 3586 bus
1411 3525 1467 3605 spl-
1481 3543 1508 3584 ao

183 3625 243 3689 laba
267 3627 468 3707 terminantur
496 3634 525 3686 et
546 3644 562 3685 a
586 3628 763 3687 nominativo
786 3645 855 3688 casu
883 3627 998 3688 numeri
1024 3624 1181 3703 singularis
1210 3628 1238 3687 in
1261 3626 1354 3687 isdem
1380 3645 1468 3706 supra

185 3728 263 3790 botis
284 3728 405 3791 msibm
430 3745 488 3815 rina
507 3725 617 3807 syllaba
641 3746 776 3790 crescere
799 3729 1004 3806 reperiuntur,
1032 3729 1104 3790 baec
1128 3747 1287 3807 numquam
1311 3730 1341 3789 in
1364 3728 1468 3790 eodem

188 3833 358 3893 nominativo
379 3833 452 3892 cassi
472 3831 587 3891 numeri
610 3829 767 3907 singularis
789 3848 823 3891 us
845 3831 949 3893 litteris
972 3831 1166 3901 deliniuntur,
1191 3839 1221 3893 et
1240 3831 1308 3892 irleo
1330 3849 1390 3892 non
1411 3831 1469 3892 boc

191 3939 303 4009 tapetas,
324 3933 377 3993 sed
401 3932 458 3992 boc
480 3939 575 4010 tapete
597 3931 695 3992 lacere
716 3935 940 4010 pronuntiatur:
970 3932 1082 3993 scilicet
1104 3935 1242 4012 quoniam
1263 3951 1469 4014 quaecumque

195 4037 297 4097 mutua
313 4035 434 4115 generis
455 4035 554 4094 neutri
574 4033 668 4093 dativo
685 4033 728 4093 vel
750 4033 874 4094 ablativo
888 4053 957 4095 casu
979 4036 1094 4096 numeri
1118 4035 1238 4114 pluralis
1254 4054 1270 4096 a
1287 4037 1466 4097 nominativo
1479 4051 1505 4092 aa

200 4149 253 4196 aaa
277 4138 392 4198 numeri
419 4135 576 4214 singularis
603 4153 660 4196 una
687 4134 796 4214 syllaba
825 4144 977 4205 crescunt,
1008 4138 1081 4198 baec
1105 4138 1133 4196 in
1156 4137 1259 4198 eodem
1281 4135 1467 4221 nomilnatiro

205 4249 256 4297 mu
274 4239 388 4301 numeri
409 4237 568 4315 singularis
589 4258 606 4299 e
628 4236 728 4299 littera'
747 4239 941 4299 terminantur
969 4246 999 4299 et
1023 4239 1058 4299 arl
1084 4239 1251 4318 elemplum
1277 4238 1393 4300 monilis
1414 4257 1467 4318 per

209 4348 287 4399 tunes
302 4358 388 4402 casus
407 4338 601 4401 declinantur.

271 4440 431 4512 Quaeritur,
454 4440 492 4502 ab
516 4459 552 4503 eo
573 4440 650 4521 quod
672 4441 743 4502 uixit
764 4441 892 4503 Lucilius

266 4638 425 4714 llergilins]
444 4646 510 4707 Aen.
530 4646 644 4697 1111459
732 4645 764 4697 10
780 4645 921 4712 Vergillus]
940 4645 1020 4698 bucol.
1039 4645 1119 4710 3,·115
1199 4648 1278 4696 siccat
1296 4664 1311 4696 r
1328 4646 1464 4698 omnin

207 4713 311 4763 »ΜΒ
375 4717 408 4768 16
426 4708 575 4779 Sallustius]
595 4716 700 4767 cauto
754 4718 785 4769 17
805 4727 862 4782 post
879 4719 994 4768 ultirnem
1011 4718 1048 4769 llo
1117 4717 1151 4766 22
1169 4725 1226 4781 post
1243 4717 1356 4767 ultimam
1374 4717 1412 4767 Ito

220 4768 244 4817 Ἀ
255 4774 370 4856 ltrqilius]
389 4784 612 4837 Aen.v1tttt·25
715 4786 749 4837 :ts
767 4788 867 4837 lucilius
887 4786 909 4836 ll
927 4788 1051 4852 pergilius
1066 4787 1104 4836 B:
1124 4789 1184 4853 item
1201 4787 1270 4851 apud
1290 4788 1378 4838 linium
1394 4797 1465 4836 eraut

221 4836 298 4898 illum
312 4856 339 4904 ab
352 4857 395 4906 bis
411 4855 542 4920 tapetibus
561 4863 587 4904 et
603 4871 724 4918 equorum
740 4859 854 4906 inaurata
873 4865 957 4921 tapeta
974 4858 1057 4907 codex
1079 4857 1233 4907 [incontinua

258 4946 392 5004 tumn,
408 4961 484 5003 aar.
501 4961 562 5002 nn.
1242 4942 1263 5004 9
