3314 5506
210 341 290 419 nv·
372 445 374 448 Α
750 359 959 422 susurrum

211 544 306 608 tionis
329 542 502 607 tribuenda
523 553 579 607 est
626 542 658 606 iu
681 564 744 629 quo
766 565 885 628 genere
906 565 980 609 cum
1002 564 1080 608 suae
1103 544 1217 608 aetatis
1239 566 1334 609 usum
1356 546 1390 608 in
1411 554 1519 628 uete-¹

210 665 262 708 res
285 645 458 731 scriptores
486 643 713 724 transferrent,
742 654 810 709 tum
836 647 932 710 iniis
956 645 1063 726 libris,
1091 647 1125 709 in
1151 646 1269 730 quibus
1291 646 1345 711 vel
1366 655 1499 733 propter

210 747 421 810 recentiorem
441 747 544 832 ipsius
567 746 707 811 auctoris
729 754 869 810 aetatem
893 745 943 812 vel
970 757 1103 833 propter
1129 747 1288 813 vilitatem
1316 749 1498 833 argumenti

210 849 315 912 minor
336 857 406 912 erat
427 848 599 913 vetustatis
621 848 817 929 reverentia,
838 837 912 933 plus
935 849 998 915 sibi
1021 851 1196 936 sumpsisse
1218 850 1380 914 videntur.
1411 872 1498 915 nunc

210 952 363 1035 quoniam
384 951 465 1015 baec
488 949 692 1014 librariorum
714 948 936 1036 neglegentia,
960 960 996 1013 ut
1017 950 1140 1014 nullam
1162 952 1229 1015 vim
1251 951 1350 1017 habet
1371 951 1415 1016 ad
1434 953 1497 1038 pri-

210 1052 330 1117 stinam
357 1052 550 1137 scripturam
576 1050 851 1133 constituendam,
879 1054 927 1144 ita¹
954 1052 997 1116 ad
1019 1053 1278 1137 cognoscendum
1300 1075 1421 1119 morem
1443 1076 1497 1116 ex-

209 1164 332 1219 tremae
360 1152 475 1218 aetatis
503 1174 567 1217 non
594 1151 717 1217 inutilis
745 1162 809 1234 est,
837 1175 876 1217 ea
903 1175 987 1239 quae
1014 1156 1154 1219 maxime
1180 1156 1404 1220 memorabilia
1425 1156 1498 1219 visa

211 1265 287 1320 sunt
307 1254 368 1320 hoc
391 1253 461 1320 loco
483 1276 664 1341 conponere
679 1255 810 1341 placuit,
833 1257 1023 1340 praesertim
1043 1279 1116 1320 cum
1138 1257 1172 1321 in
1194 1278 1260 1321 non
1280 1254 1377 1322 nullis
1401 1255 1496 1322 libra-

208 1359 330 1422 riorum
356 1356 499 1443 peooatis
528 1357 640 1422 eadem
669 1351 824 1421 seimonis
846 1359 1008 1442 pravitas,
1036 1380 1133 1444 quam
1155 1360 1385 1444 grammaticus
1407 1367 1496 1422 nota-

209 1460 273 1539 vit,
295 1457 462 1544 adpareat.
506 1457 646 1543 plurima
668 1469 776 1522 autem
798 1459 867 1523 eius
889 1460 1017 1542 generis
1041 1460 1192 1547 exempla
1212 1462 1246 1525 in
1268 1461 1423 1525 Bobiensi
1445 1481 1495 1524 co-

210 1562 281 1625 dice
303 1562 528 1640 inveniuntur3
551 1562 706 1645 pauciora
727 1561 824 1624 etiam
846 1561 1025 1625 Vaticanus
1047 1563 1208 1648 praebuit.

294 1663 409 1749 Itaque
436 1672 568 1748 propter
594 1662 836 1727 similitudinem
864 1664 934 1727 soni
961 1685 1057 1749 saepe
1085 1687 1103 1729 o
1124 1663 1232 1730 littera
1253 1686 1311 1751 pro
1333 1686 1354 1728 u
1375 1664 1497 1749 scripta

209 1766 313 1830 estin
335 1763 378 1845 B,
400 1785 553 1841 nonnus,
577 1786 676 1829 somus
696 1787 755 1850 pro
777 1787 885 1846 sumus,
907 1773 1066 1844 constant,
1091 1779 1238 1831 commoto
1258 1787 1316 1853 pro
1338 1776 1494 1843 commuto,

209 1873 354 1944 torcular,
378 1873 504 1944 osculor,
529 1872 724 1944 annuorum,
750 1873 937 1947 copulativa,
961 1875 1108 1946 custodio,
1130 1873 1270 1947 perondi,
1293 1889 1402 1932 conor
1426 1875 1495 1943 150,

180 1990 188 2013 r
210 1977 264 2050 37,
280 1975 412 2033 nutritor
427 1977 498 2050 176,
516 1978 543 2048 1,
567 1974 679 2033 duobus
702 1975 772 2048 122,
788 1976 846 2050 253
867 1978 980 2032 contra
994 1992 1014 2034 a
1028 1991 1087 2055 pro
1103 1991 1130 2048 o,
1148 1975 1348 2034 dinuscuntur
1368 1990 1493 2048 coonus-

208 2078 289 2136 citur
311 2081 343 2136 ct
365 2071 492 2148 similia,
517 2092 625 2135 numen
639 2091 698 2156 pro
714 2090 829 2147 nornen,
846 2077 1057 2148 nominativus,
1074 2077 1196 2149 locutio,
1214 2052 1353 2149 insulari,
1375 2074 1493 2148 furna

208 2185 308 2239 custus
330 2182 380 2255 92,
403 2181 455 2252 20,
475 2179 636 2253 praeturio
659 2180 735 2252 120,
758 2179 797 2241 32
821 2195 908 2259 sqq.;
935 2194 1025 2237 sonus
1051 2195 1110 2258 pro
1132 2194 1221 2238 sonos
1243 2195 1341 2259 saepe
1363 2171 1497 2238 exhibet

208 2276 247 2357 R,
269 2298 345 2341 sonu
364 2297 423 2362 pro
445 2296 518 2340 sono
540 2282 596 2355 72,
620 2281 675 2355 18,
702 2295 850 2354 cumparo
873 2282 948 2356 150,
972 2281 1001 2344 8.
1031 2277 1073 2339 ad
1095 2276 1231 2341 eandem
1251 2297 1383 2340 causam
1405 2296 1496 2339 revo-

208 2379 348 2444 candum
371 2386 434 2458 est,
462 2377 549 2464 quod
577 2383 683 2457 ceti
707 2376 834 2442 litterae
862 2378 1051 2463 saepissime
1072 2378 1106 2441 in
1127 2376 1157 2440 B
1179 2386 1379 2463 permutatae
1402 2385 1493 2441 suut:

207 2503 303 2568 cpro
325 2488 338 2544 i
363 2482 482 2567 posita,
517 2485 637 2559 accepit
663 2485 783 2543 accedit
813 2500 956 2559 recepere
983 2502 1041 2566 pro
1068 2486 1181 2559 accipit
1209 2485 1321 2544 accidit
1337 2485 1493 2558 ,recupera

209 2589 375 2661 Cerccnscs,
400 2588 519 2659 Cccero,
545 2586 631 2645 Certe
652 2600 709 2667 pro
733 2587 834 2645 Cirtae
857 2591 927 2660 155,
945 2589 993 2662 16,
1015 2588 1158 2659 tricenta,
1182 2589 1403 2661 quadraqcnta,
1423 2601 1495 2659 pcr-

208 2698 318 2764 tencrc,
342 2696 488 2762 rutenae,
513 2689 708 2761 indecutious,
727 2689 869 2760 inderent
884 2690 934 2763 78,
950 2691 987 2766 33
1011 2691 1061 2763 20,
1084 2689 1190 2762 redepi
1202 2705 1260 2770 pro
1274 2688 1376 2761 radici
1389 2689 1460 2761 181,
1476 2690 1494 2748 7

207 2794 325 2852 creuere
348 2796 418 2858 145,
442 2791 492 2863 19,
512 2789 641 2863 seducta
664 2794 734 2866 145,
756 2792 807 2866 22,
830 2797 1007 2863 termenare,
1030 2807 1134 2849 menta
1158 2793 1231 2866 161,
1250 2794 1301 2864 40,
1324 2788 1497 2871 nomeniius

209 2897 259 2970 72,
282 2895 333 2965 39,
356 2900 526 2952 meaturarn
549 2895 620 2967 137,
645 2895 694 2963 12,
714 2898 857 2964 uenatore
878 2893 934 2967 83,
958 2895 992 2967 6,
1015 2877 1208 2952 eatrcnsccus
1229 2894 1428 2962 intrensecus,
1451 2907 1495 2948 se·

207 2998 284 3072 napi
304 2998 354 3072 08,
371 2998 421 3066 36,
445 3001 546 3054 secent
568 2994 628 3057 129
635 3034 643 3069 ,
662 2996 711 3056 10.
735 2987 821 3071 quod
836 2989 952 3053 vitium
974 2990 1071 3054 etiam
1093 2990 1136 3053 ad
1158 2988 1404 3054 declinationem
1426 3009 1495 3071 ver-

208 3095 322 3158 borum
345 3093 500 3179 pertinuit
520 3093 555 3156 in
576 3091 642 3170 his,
661 3093 794 3166 suessam
812 3093 931 3166 suessos
952 3105 1014 3156 etc.
1037 3091 1064 3153 B
1089 3101 1158 3172 174,
1175 3099 1204 3171 8,
1226 3110 1422 3170 rapuercruus
1443 3110 1496 3152 ra

204 3202 336 3276 pueretis
356 3195 538 3275 Β172,13,
563 3198 747 3257 aoceoenint
766 3193 948 3272 Β166,10,
971 3199 1157 3273 scripseratis
1178 3194 1361 3273 R168,17.
1383 3202 1497 3256 contra

207 3304 220 3361 i
240 3319 298 3384 pro
320 3319 337 3361 e
364 3298 521 3381 scriptum
548 3295 648 3361 habet
670 3294 698 3357 B
719 3299 751 3359 in
774 3293 902 3374 talibus,
924 3301 1074 3373 crescunt,
1098 3302 1225 3372 calisco,
1245 3297 1378 3370 facisse,
1397 3299 1494 3373 pcrti-

206 3404 406 3478 misccndum,
435 3404 616 3479 possissiaa,
645 3404 799 3477 quatinus,
830 3401 1013 3460 Dioclitiune
1037 3403 1111 3477 119,
1134 3404 1190 3475 26,
1220 3401 1303 3459 dacis
1324 3417 1382 3481 pro
1406 3400 1496 3458 doces

208 3510 283 3582 164,
309 3512 364 3581 14,
392 3506 510 3566 doceris
537 3506 653 3565 decerit
680 3522 738 3586 pro
766 3506 890 3564 doceres
911 3505 1032 3563 doceret
1055 3508 1130 3580 165,
1155 3504 1188 3579 9,
1213 3501 1492 3576 suisas170,11,

206 3609 373 3680 beneficiati
399 3603 429 3666 R
453 3610 529 3682 146,
557 3613 606 3670 11.
644 3602 743 3665 simili
769 3601 993 3685 neglegentiae
1021 3600 1151 3665 videtur
1178 3598 1385 3664 tribuendum
1413 3620 1493 3678 esse,

206 3705 293 3791 quod
314 3707 348 3768 in
370 3705 467 3769 tertia
487 3705 713 3787 coniugatione
736 3704 895 3788 producta
916 3711 944 3766 ic
964 3725 1023 3788 pro
1046 3710 1058 3767 i
1083 3702 1181 3786 longa
1208 3703 1337 3787 saepius
1359 3700 1496 3785 praebet

206 3806 250 3887 B,
278 3815 314 3869 ut
340 3812 504 3871 nturicrem
530 3811 680 3869 nutricres
703 3813 779 3883 175,
803 3811 858 3884 22,
886 3826 958 3869 raro
983 3805 1025 3880 R,
1057 3808 1260 3867 nutriedimini
1284 3808 1496 3866 nutriebantur·

206 3930 264 3993 pro
292 3911 481 3971 nmatimini
506 3911 700 3971 nuntiantur
730 3913 803 3984 176,
827 3913 877 3972 24.
916 3928 972 3969 uus
998 3927 1057 3991 pro
1080 3927 1114 3968 us
1136 3905 1234 3989 longa
1254 3906 1288 3968 in
1309 3904 1495 3968 nominibus

206 4020 342 4097 quartae
369 4008 593 4073 declinationis
620 4010 760 4072 maxime
789 4007 824 4069 in
845 4006 963 4092 plurali
984 4028 1117 4070 numero
1141 4030 1171 4070 v.
1194 4027 1285 4070 casus
1306 4007 1495 4092 saepissime

207 4112 341 4178 exhibet
367 4111 411 4191 R,
440 4119 553 4174 contra
581 4131 636 4188 qus
662 4131 720 4195 pro
748 4130 824 4188 quus
851 4106 905 4172 vel
930 4109 963 4172 iu
991 4114 1019 4172 R
1047 4107 1100 4172 vel
1121 4109 1155 4172 in
1177 4108 1206 4171 B
1227 4107 1279 4172 vel
1302 4109 1335 4171 in
1357 4117 1495 4194 utroque

206 4237 304 4301 saepe
326 4214 482 4298 scriptum
504 4223 566 4293 est,
590 4220 627 4275 ut
647 4233 719 4291 equs
742 4216 812 4291 108,
828 4217 878 4278 24.
901 4210 1039 4296 denique
1059 4211 1221 4275 interdurn
1242 4208 1388 4290 vocales,
1411 4232 1495 4296 quae

206 4314 305 4402 vulgo
332 4317 398 4381 iam
424 4316 530 4379 minus
558 4313 788 4393 audiebantur,
817 4312 954 4377 omissae
982 4323 1073 4394 sunt,
1101 4323 1138 4378 ut
1165 4320 1242 4377 stinc
1269 4334 1328 4398 pro
1355 4318 1443 4375 istinc
1465 4312 1494 4374 R

207 4426 285 4499 152,
307 4425 363 4500 323
388 4426 463 4498 154,
488 4425 542 4496 21,
566 4424 656 4496 vuplo
677 4438 736 4503 pro
758 4423 868 4496 vapulo
890 4416 918 4480 B
944 4424 1018 4495 156,
1042 4423 1098 4496 37,
1126 4422 1228 4480 nwari
1247 4436 1305 4500 pro
1327 4419 1446 4477 numeri
1466 4412 1493 4474 B

207 4527 257 4600 80,
273 4528 303 4590 3.
325 4521 360 4584 in
374 4518 625 4584 consonantibus
647 4521 840 4605 permutatio
862 4519 1042 4583 litterarum
1064 4523 1082 4581 0
1097 4527 1130 4582 et
1151 4518 1216 4582 vin
1230 4525 1367 4600 utroque
1383 4513 1494 4578 codice

204 4631 273 4687 tam
294 4623 359 4686 late
381 4632 487 4707 patet,
509 4622 600 4685 utin
622 4620 733 4685 multis
748 4620 916 4685 vocabulis
931 4620 1019 4683 nullo
1043 4619 1228 4683 discrimine
1248 4616 1343 4680 modo
1367 4614 1494 4678 mollior

205 4725 302 4790 modo
330 4725 440 4789 durior·
467 4723 686 4810 pronuntiatio
716 4745 736 4786 a
764 4722 904 4786 librariis
933 4743 1088 4807 expressa
1120 4721 1176 4800 sit,
1208 4728 1245 4782 ut
1278 4723 1490 4792 declinavitar,

206 4834 403 4897 truncamus
425 4848 483 4915 pro
506 4831 712 4912 tractabimus,
735 4830 882 4905 eabioeri,
907 4831 1038 4906 (tunium,
1061 4828 1199 4902 nuvium,
1223 4825 1388 4898 immovilia,
1411 4826 1495 4902 picot
