3314 5506
235 375 297 440 rua
585 406 588 411 <
800 362 951 455 [sanun]
1064 410 1066 414 ι
1111 460 1117 473 .

1319 478 1436 528 m-nrt

232 560 279 620 lais
307 577 378 640 ergo
405 561 562 622 auctoritas
589 558 739 640 sequenda
766 567 824 630 est,
852 562 991 640 quoniam
1013 562 1112 623 delicit
1138 564 1229 633 ratio:
1256 497 1383 644 exdeptis
1396 557 1484 625 scilicel

233 661 347 724 duobus
375 662 552 733 nominibus,
582 663 614 723 in
642 661 748 742 quibus
776 681 843 725 cum
872 665 965 744 possit
987 682 1051 726 esse
1072 664 1262 744 ambiguitas,
1292 674 1384 728 tamen
1401 665 1491 725 venus

233 763 416 845 deprehensa
444 772 501 834 est,
530 764 608 845 quod
637 782 654 824 e
681 763 778 826 littera
805 766 1018 836 terminentur,
1047 774 1081 828 ut
1103 768 1184 828 canis
1206 769 1333 829 mensis:
1354 785 1413 828 nam
1428 766 1497 827 iaec

232 884 249 927 e
271 870 382 928 tantuin
406 868 616 934 terminantur.
640 878 706 927 cum
729 866 765 928 ad
788 884 876 948 supra
898 868 991 930 dictas
1013 867 1144 947 regulas,
1168 868 1199 930 id
1221 879 1267 930 est
1287 870 1323 930 ad
1345 869 1503 948 ambiguitn‘

209 976 309 1040 atem,
333 968 449 1048 alligata
472 971 539 1030 siut
578 987 646 1029 nam
669 976 699 1029 et
720 971 844 1040 mensis,
867 987 935 1030 cum
958 971 996 1032 sit
1017 970 1172 1032 masculini
1193 979 1308 1033 tantum
1329 972 1439 1051 generis,
1454 965 1509 1030 si‘
1574 1040 1576 1049 Ι

231 1069 308 1132 milis
337 1078 382 1131 est
409 1073 510 1149 generi
537 1070 689 1132 communi
718 1078 840 1150 propter
867 1087 954 1152 pares
982 1073 1193 1134 nominativum
1221 1081 1251 1134 et
1283 1075 1442 1152 genitivum,
1464 1066 1515 1128 ο*

231 1167 327 1243 canis,
351 1175 483 1253 quamvis
505 1174 543 1233 sit
565 1174 684 1251 generis
706 1175 886 1244 communis,
912 1192 972 1235 nou
995 1193 1031 1236 ex
1053 1191 1087 1236 se
1107 1174 1177 1236 lacit
1199 1193 1293 1254 genus
1314 1184 1449 1242 neutrum
1465 1167 1519 1230 ⁶¹

230 1275 297 1337 ideo
326 1274 362 1336 ad
391 1273 612 1356 ambiguitatem
640 1276 791 1354 pertinere
819 1275 996 1338 debuerunt.
1041 1277 1107 1347 sed,
1130 1284 1165 1337 ut
1186 1276 1260 1348 dixi,
1284 1278 1389 1338 veritas
1408 1276 1521 1355 aare·

230 1376 321 1439 hensa
349 1385 407 1446 est,
439 1375 518 1456 quod
551 1394 568 1436 e
599 1383 714 1438 tantum
742 1375 839 1439 littera
867 1379 1077 1449 terminentur,
1105 1375 1255 1460 abibae
1283 1395 1369 1449 cane,
1395 1377 1426 1438 ab
1446 1376 1524 1437 loc

192 1491 217 1536 to
230 1497 340 1540 mense.
384 1481 415 1539 in
438 1475 543 1558 quibus
565 1476 639 1539 adeo
660 1480 767 1541 veritas
788 1478 973 1558 deprehensa
996 1489 1055 1550 est,
1077 1488 1110 1541 ut
1131 1478 1167 1540 de
1190 1479 1236 1540 his
1258 1496 1412 1560 numquam
1430 1477 1528 1539 varie

230 1579 340 1643 lectum
362 1581 409 1641 sit.
432 1580 502 1641 item
526 1580 645 1641 uomina
668 1582 771 1642 tertiae
794 1580 1006 1652 declinationis,
1029 1599 1106 1661 quae
1129 1582 1296 1642 communis
1317 1583 1428 1661 generis
1445 1590 1528 1641 uon

228 1689 297 1743 sunt
319 1689 348 1742 et
369 1683 379 1741 i
402 1679 497 1743 littera
522 1682 718 1743 terminantur
745 1684 775 1742 in
804 1681 929 1744 ablativo
958 1691 1088 1751 tantum,
1117 1685 1315 1744 accusativum
1337 1680 1531 1760 singularem

227 1786 258 1844 in
281 1785 321 1844 im
345 1790 458 1844 tantum
481 1785 614 1854 mittunt,
638 1792 670 1845 ut
692 1784 728 1845 ab
751 1784 806 1846 hac
829 1788 856 1845 vi
878 1785 955 1847 hane
976 1787 1048 1855 vim;
1071 1786 1113 1845 sic
1135 1792 1165 1845 et
1186 1784 1223 1845 ab
1245 1784 1303 1846 boc
1317 1784 1414 1846 Tiberi
1432 1783 1533 1845 bunc

227 1884 367 1947 liberim.
412 1885 478 1946 ideo
501 1886 560 1947 dixi
583 1891 740 1957 ‘tantum’,
764 1888 832 1967 qula
853 1904 985 1968 puppem
1008 1895 1038 1948 et
1058 1888 1179 1967 puppim
1203 1886 1344 1948 dicimus:
1366 1905 1428 1947 nam
1448 1902 1531 1946 non

192 1990 374 2050 nitentum
399 1988 575 2049 terminatur
597 1986 755 2058 ablativus,
780 1989 830 2049 sed
854 1991 941 2051 etiam
965 2007 990 2049 e.
1034 1990 1107 2050 istae
1136 2006 1208 2067 ergo
1230 1988 1352 2067 regulae
1371 1988 1439 2050 duos
1456 2005 1528 2048 va·

227 2088 359 2151 cillantes
388 2108 472 2164 casus
494 2087 618 2160 habent,
648 2092 809 2151 vocativum
831 2092 861 2150 in
884 2088 1013 2151 secunda
1036 2088 1232 2152 declinatione
1255 2100 1285 2151 et
1306 2089 1451 2152 ablativum
1479 2090 1524 2150 in

226 2193 321 2253 tertia.
353 2209 420 2251 nam
436 2192 583 2252 vocativus
599 2191 746 2252 secundae
770 2191 974 2254 declinationis
996 2189 1153 2272 aliquando
1174 2194 1205 2252 in
1228 2193 1238 2253 i
1261 2193 1336 2262 exit,
1358 2191 1519 2272 aliquando

226 2296 255 2354 in
278 2312 302 2354 e.
334 2292 460 2373 denique
482 2295 512 2352 in
535 2293 593 2353 hoc
615 2311 685 2354 casu
707 2292 927 2373 ambiguitatem
944 2293 1014 2354 vidit
1029 2292 1173 2373 Vergilius
1188 2304 1217 2354 et
1240 2297 1406 2374 antiptosim
1426 2294 1509 2361 lecit,

225 2412 280 2474 pro
303 2396 432 2456 vocativo
455 2396 666 2456 nominativum
689 2397 800 2474 posuit,

187 2512 213 2554 au
377 2498 552 2574 corniger
575 2496 821 2575 Hesperidum
844 2497 983 2558 lluvius
1005 2506 1186 2575 regnator
1207 2510 1390 2579 aquarum.

111 2635 114 2640 ι
226 2606 255 2661 et
276 2598 324 2659 blc
347 2616 416 2658 usus
439 2604 569 2658 veterum
592 2598 660 2666 luit,
684 2599 804 2659 nomina
826 2599 913 2660 etiam
936 2617 996 2660 non
1019 2597 1108 2660 dubia
1130 2598 1307 2681 plerumque
1328 2603 1370 2662 sic
1388 2615 1488 2680 ponere

225 2681 487 2763 ‘Octaviusiurlex
511 2704 600 2770 est0’‚
625 2699 736 2761 ‘Titius
759 2701 846 2762 lieres
867 2706 957 2762 esto’.

309 2803 509 2880 iuterrogatus
524 2799 670 2862 Filocalus
693 2807 802 2882 ‘quare
818 2804 916 2864 dixisti
931 2802 1011 2883 quod
1033 2805 1064 2863 in
1085 2804 1178 2875 lame,
1201 2821 1278 2883 quae
1299 2803 1374 2886 apud
1392 2811 1483 2864 veteres

225 2908 251 2991 ei
274 2902 464 2985 promittebat
486 2904 661 2983 genitivum,
685 2905 786 2975 famei,
810 2923 886 2966 unus
908 2923 992 2966 casus
1014 2912 1146 2966 retentus
1169 2911 1228 2975 est,
1252 2905 1281 2966 id
1304 2914 1349 2968 est
1368 2904 1481 2967 attacus

185 3035 211 3077 25
224 3008 399 3088 productus,
428 3025 495 3066 cum
524 3013 553 3065 et
581 3008 775 3067 accusativum
799 3015 828 3067 et
850 3006 922 3068 alios
944 3024 1030 3069 casus
1050 3006 1160 3069 slmiles
1183 3006 1344 3070 babeamus
1363 3003 1480 3068 vuardes

225 3110 357 3192 (dicimus
380 3110 458 3170 enim
481 3108 557 3168 itanc
580 3106 703 3177 samem,
728 3110 803 3169 sicut
825 3117 854 3169 et
875 3108 965 3184 illili’
989 3109 1140 3190 respondit
1163 3108 1212 3170 ‘de
1234 3109 1280 3169 his
1303 3110 1410 3171 casibru
1426 3103 1479 3166 dixi.

223 3214 273 3293 qui
295 3212 405 3274 babent
431 3210 666 3279 distinctionem,
697 3211 841 3288 genitivus
863 3209 1019 3288 singularis
1042 3219 1071 3272 et
1092 3211 1205 3272 dativus
1228 3221 1257 3272 et
1279 3211 1420 3274 ablativus.
1438 3198 1481 3266 tid

222 3314 294 3376 illud
317 3334 334 3376 a
356 3333 403 3375 me
426 3329 569 3392 quaerere
592 3310 733 3381 debuisti,
757 3331 862 3392 quare,
885 3330 952 3373 eum
967 3314 999 3373 iu
1014 3313 1069 3373 bac
1091 3314 1192 3392 quinta
1216 3312 1404 3376 declinatione
1421 3324 1482 3370 scu·

222 3436 277 3497 per
304 3416 485 3497 producatur
512 3434 543 3483 e,
573 3423 604 3474 ut
632 3421 676 3473 est
698 3413 754 3474 diei
777 3415 862 3474 iaeiei
884 3416 1049 3493 progeniei,
1081 3416 1269 3477 inveniantur
1290 3415 1422 3497 quaedam
1438 3427 1484 3470 ru*

183 3521 301 3584 aomina
329 3521 356 3580 ei
384 3517 540 3578 terminata
566 3516 596 3575 in
626 3517 769 3591 genitivo,
797 3534 872 3595 quae
903 3523 1069 3597 correptam
1099 3516 1228 3579 babeant
1255 3537 1288 3588 e;
1315 3524 1380 3579 sunt
1404 3520 1485 3577 autem

222 3621 295 3682 baec
318 3623 388 3697 tria,
418 3620 461 3679 rel
492 3619 556 3698 spei
583 3616 660 3678 lidei.
704 3617 777 3678 haec
805 3618 878 3678 ratio
907 3627 951 3679 est
972 3620 1124 3679 nominum
1146 3621 1266 3698 quintae
1289 3614 1487 3680 declinatiuub²

221 3725 245 3784 si
267 3741 372 3803 puram
396 3720 524 3781 babeant
545 3721 576 3779 iu
599 3721 777 3780 nominativo
800 3737 831 3780 es
853 3718 1007 3799 syllabam,
1031 3720 1121 3782 idest
1141 3739 1202 3781 non
1224 3721 1421 3783 cohaerentem
1437 3712 1490 3774 tli‘

222 3826 269 3884 cui
303 3823 499 3903 eonsulnanti,
533 3823 563 3881 in
592 3822 719 3899 genitivo
746 3822 810 3884 sine
837 3821 926 3882 dubio
953 3821 1171 3901 producuntur;
1200 3825 1225 3884 si
1254 3832 1350 3886 autem
1377 3813 1494 3884 babeat!t

222 3935 448 3994 consonantem,
472 3923 687 4001 corripiuntur,
711 3933 743 3985 ut
765 3925 827 4003 spei
849 3926 892 3984 rei
915 3924 1010 3986 fidei'.

182 4111 208 4155 ax
713 4094 761 4155 DE
782 4094 1011 4157 PRONOlllNE.

305 4214 472 4274 Pronomen
495 4214 603 4274 dictum
627 4221 672 4272 est
693 4214 777 4293 quasi
798 4231 853 4291 pro
876 4216 1010 4284 nomine,
1034 4232 1069 4275 eo
1092 4213 1170 4294 quod
1193 4215 1326 4295 iungitur
1340 4214 1492 4276 officior&

308 4366 421 4417 ldellcit
441 4367 484 4418 FS
501 4367 594 4417 deiecit
614 4367 653 4417 Le
724 4369 814 4416 deum
832 4382 877 4419 om.
900 4369 933 4427 L,
955 4367 1015 4418 add.
1035 4367 1091 4418 Fae
1161 4368 1353 4435 ambiguitatem
1369 4359 1487 4417 Senum·

219 4439 329 4502 guitstes
347 4437 397 4486 LF
464 4437 496 4486 10
519 4446 547 4487 ut
568 4439 599 4487 de
617 4438 657 4486 bis
675 4451 811 4499 rrumqrram
830 4438 901 4486 uarie
921 4437 1011 4486 lectum
1031 4439 1063 4487 sit
1080 4439 1115 4489 Fe
1138 4447 1165 4487 ut
1186 4439 1217 4488 de
1233 4438 1275 4490 bis
1293 4441 1361 4490 uarie
1377 4431 1484 4496 nunqu*m

220 4508 310 4557 lectum
330 4519 368 4558 est
387 4507 408 4557 S
426 4515 515 4554 utnon
535 4508 567 4556 de
587 4508 625 4557 iris
645 4508 773 4556 uariemus
788 4507 854 4571 quod
869 4507 959 4557 lectum
978 4509 1011 4556 sit
1029 4506 1054 4556 L
1126 4508 1158 4559 18
1180 4510 1327 4574 antiptosim
1346 4509 1400 4560 lecit
1412 4504 1481 4554 8⁸¹*

219 4578 298 4643 tiptoy
315 4577 375 4627 lecit
394 4577 417 4625 L
437 4576 567 4624 antilrasnr
589 4578 647 4626 lecit
662 4580 695 4636 F,
714 4593 793 4627 crue
879 4577 913 4626 ⁴20
937 4574 1066 4644 corniger]
1090 4579 1169 4643 Verg.
1191 4580 1258 4634 Aen.
1279 4580 1383 4629 Vlllli
1467 4638 1473 4648 ς

219 4646 404 4697 octuuiusFSe
422 4647 613 4696 octuuiunusb
683 4648 753 4697 titius
772 4648 883 4699 Setinis
902 4649 1058 4698 li'totiush
1146 4646 1180 4699 ¹23
1198 4636 1474 4715 iuterrogatusttognit’
1553 4694 1556 4699 .

218 4732 297 4780 quare
310 4718 398 4767 dixisti
414 4717 435 4767 S
450 4717 620 4780 interrogatus
640 4732 717 4781 quare
737 4717 821 4779 (quasi
840 4718 874 4781 F)
891 4718 980 4768 dixisti
999 4719 1063 4768 cue
1133 4719 1167 4769 25
1186 4734 1244 4769 cum
1260 4729 1285 4770 et
1303 4720 1345 4770 FS
1360 4727 1381 4766 et
1395 4725 1438 4763 eun
1452 4701 1471 4746 ¹³
1564 4746 1571 4752 .

218 4803 275 4836 eum
292 4804 337 4841 om.
355 4788 393 4837 Le
445 4786 479 4836 tu
498 4787 563 4835 sicut
578 4797 602 4836 et
620 4787 656 4836 ilii
673 4786 728 4849 (ilio
743 4790 773 4851 S)
794 4788 925 4851 respoudit
944 4790 990 4841 LS
1006 4790 1071 4839 sicut
1085 4797 1109 4836 et
1127 4788 1164 4837 ilii
1182 4789 1380 4855 reapondiFet
1394 4784 1467 4847 (amer
1563 4812 1576 4844 ,·

216 4861 312 4923 scripto
330 4857 406 4917 sieut)
427 4857 585 4922 respondite
681 4858 714 4906 27
736 4859 795 4919 quie
814 4857 906 4907 hebent
927 4858 951 4906 F
1035 4856 1070 4909 36
1090 4860 1164 4919 quasi
1188 4875 1235 4926 pro
1259 4851 1465 4913 nomineris&
1575 4910 1576 4916 ,
