3314 5506
529 389 725 452 lNSTlTl'Td
746 389 884 450 ,tttttt'lt
908 391 1075 452 lidi-ulti
1384 393 1443 455 139

230 520 246 559 p.
257 505 334 547 824⁸
349 506 375 546 ll.
1227 522 1248 560 p.
1262 508 1351 548 dot-td
1365 508 1392 549 l'.

195 576 347 653 ptumus
370 578 546 646 verborunr;
569 576 679 638 scilicet
700 580 839 658 quoniam
854 586 1005 639 octosunt
1020 579 1173 657 qualitates
1195 578 1239 639 rel
1254 596 1362 655 genera
1378 599 1442 640 ver·

193 677 282 745 iorum
300 681 329 740 id
349 690 395 742 cst
416 679 552 740 neutrale·
570 682 695 741 activum
715 682 860 759 passivum
887 680 1037 758 deponens
1064 700 1220 741 commuue
1246 681 1441 742 inclroatinrm

193 781 400 858 mentastrum
422 790 451 842 ct
470 781 653 842 defectivum.
671 778 684 864 ll

252 882 285 943 lic
303 890 446 962 tempore.
491 891 623 962 tempora
652 884 810 962 participiis
831 870 966 944 accidunt
993 885 1062 954 tria,
1094 902 1234 962 praesens
1252 887 1442 964 praeteritum

192 983 348 1044 dluturum.
1467 1013 1480 1050 s

251 1086 285 1148 lle
300 1090 448 1166 praesenti
470 1095 612 1165 tempure.
643 1089 806 1166 praesentis
824 1090 965 1166 temporis
988 1089 1138 1167 participia
1158 1088 1164 1171 1
1183 1090 1357 1150 nominativo
1372 1106 1442 1150 casu

192 1189 277 1247 umeri
294 1188 451 1266 singularis
473 1189 518 1249 his
542 1189 657 1249 duabus
675 1190 777 1249 innuis
797 1190 975 1251 deluduntur
995 1199 1118 1258 tautum,
1142 1192 1168 1251 id
1190 1198 1233 1251 est
1254 1209 1307 1251 aus
1329 1198 1359 1251 et
1380 1209 1441 1258 ens,

192 1295 278 1349 etmut
296 1293 415 1368 generis
443 1292 547 1351 omnis.
592 1290 664 1351 haec
687 1293 761 1350 liunt
786 1310 802 1351 a
823 1301 934 1369 septem
962 1292 1120 1369 generibus
1146 1291 1317 1360 verborum.
1350 1293 1444 1353 idest

192 1391 318 1452 ancutrdi
346 1392 437 1452 sedeo
465 1392 584 1459 sedens,
622 1392 658 1454 alr
689 1395 782 1453 activo
808 1394 905 1454 scribo
933 1394 1080 1461 scribens,
1113 1413 1129 1454 a
1159 1395 1317 1472 deponenti
1347 1393 1443 1455 luctor

192 1487 313 1561 inclausa
333 1496 485 1554 communi
510 1494 625 1554 osculor
648 1494 792 1564 oseuluus,
816 1495 853 1554 ab
874 1496 1038 1556 inchoativo
1057 1515 1159 1556 aresco
1181 1514 1328 1565 arescens,
1351 1496 1441 1557 alre·
1457 1519 1480 1559 n

174 1597 323 1667 'unnim
340 1594 461 1656 clamito
484 1595 643 1665 clamitans,
664 1597 844 1657 a·‹lelectiro
867 1598 930 1657 lero
953 1597 1060 1658 terens.
1093 1600 1135 1658 sic
1157 1606 1187 1658 et
1205 1597 1261 1659 alia
1280 1600 1443 1676 praesentis

193 1699 298 1772 coporis
318 1699 473 1777 participia
496 1700 671 1758 nominativo
687 1716 756 1758 casu
781 1700 895 1758 numeri
909 1698 1065 1775 singularis
1088 1719 1104 1759 a
1126 1718 1215 1777 supra
1235 1700 1321 1760 dictis
1345 1699 1443 1760 verbis

193 1793 297 1874 insuper
317 1799 412 1859 dictas
433 1799 543 1859 formas
569 1817 689 1860 neccsse
706 1809 753 1870 est
776 1807 808 1860 ut
829 1810 942 1861 exeant.
986 1819 1057 1861 sane
1083 1802 1139 1862 hoc
1167 1820 1334 1870 monemus,
1362 1801 1440 1880 quod

193 1902 318 1968 demnis
339 1903 482 1978 temporis
504 1903 665 1980 participia,
688 1920 764 1980 quae
787 1904 963 1964 nominativo
983 1922 1052 1964 casu
1076 1906 1191 1963 umueri
1211 1901 1368 1980 singularis
1389 1922 1442 1964 arra

193 1992 265 2059 litar‘n
287 2002 481 2072 deduiuutur,
513 2003 585 2063 haec
610 2022 625 2062 a
652 2005 746 2081 prima
776 2005 979 2082 coniugatione
1003 2005 1083 2065 verlii
1105 2014 1217 2066 tautum
1236 2005 1323 2077 modo
1343 2007 1441 2065 venire
1457 2028 1479 2065 n

194 2102 355 2175 foetuum
385 2113 507 2165 atvero
536 2124 612 2185 quae
639 2124 691 2167 ens
718 2105 824 2167 litteris
851 2105 1081 2175 concluduntur,
1113 2108 1185 2167 llaec
1208 2126 1225 2166 a
1246 2107 1375 2168 secunda
1396 2104 1441 2165 vel

193 2199 298 2265 amalus
318 2208 414 2266 tertiis
435 2207 688 2284 coniugationibus
710 2227 765 2268 uec
786 2227 844 2268 non
867 2218 895 2267 et
914 2226 931 2266 a
952 2208 1102 2269 defectivis
1122 2209 1218 2269 serbis
1237 2210 1336 2270 reulre
1357 2207 1440 2268 intol-

194 2296 303 2378 luuntur.

250 2406 284 2468 lie
300 2412 460 2488 praeterito
480 2418 624 2489 tempore.
668 2413 816 2490 praeteriti
839 2413 980 2490 temporis
1008 2414 1159 2490 participia
1187 2414 1304 2490 generis
1326 2431 1440 2473 mascu-

192 2500 402 2573 lrinntnattvo
425 2532 496 2575 casu
518 2516 633 2574 nurneri
658 2514 813 2592 singularis
842 2513 887 2573 iris
909 2513 1023 2575 duabus
1045 2516 1147 2575 turmis
1176 2515 1355 2576 deliniuntur
1376 2522 1480 2575 tan-ao

193 2610 246 2676 litt.
265 2621 305 2672 tua
331 2623 362 2674 et
391 2633 452 2675 sus.
497 2616 569 2676 haec
596 2617 670 2676 liunt
696 2635 711 2674 a
741 2621 879 2694 qtraduor
908 2615 1068 2694 generibus
1095 2615 1268 2689 verborum,
1300 2617 1328 2677 id
1359 2624 1440 2679 esta

192 2713 274 2781 pistico
292 2717 407 2778 scribor
426 2718 562 2796 scriptus.
586 2718 686 2779 rideor
708 2720 798 2784 risus;
822 2720 1001 2778 acommuni
1024 2718 1143 2779 osculor
1166 2718 1323 2789 osculatus,
1345 2721 1441 2798 patior

192 2824 276 2884 imm
299 2838 315 2879 a
336 2820 495 2898 deponenti
518 2818 614 2879 luctor
636 2820 769 2887 luctatus,
791 2821 940 2895 ingredior
962 2821 1127 2898 ingressum
1156 2840 1172 2881 a
1194 2821 1336 2901 delectivp
1361 2823 1441 2882 lcror

192 2905 250 2974 blm
284 2923 323 2980 sic
344 2930 374 2982 ct
394 2920 450 2982 alia
473 2924 623 3000 praeteriti
646 2924 787 3001 temporis
814 2924 930 2999 generis
951 2921 1104 2982 masculini
1129 2925 1279 3002 participia
1309 2925 1440 2983 nomina·

192 3011 233 3071 tiro
252 3038 309 3082 casu
332 3025 450 3083 numeri
478 3023 632 3100 singularis
657 3043 784 3103 usupra
808 3025 892 3086 dictis
920 3023 1016 3084 verbis
1044 3027 1073 3084 iu
1101 3026 1304 3104 supradictas
1331 3026 1478 3086 lormasrs

192 3127 280 3183 ”time
297 3133 339 3186 est
361 3134 394 3186 ut
417 3132 531 3186 exeant.

251 3222 284 3285 lle
303 3228 403 3288 tuturo
425 3235 567 3306 tempore.
612 3229 703 3289 luturi
726 3230 868 3306 temporis
896 3229 1047 3306 participia
1071 3231 1188 3306 gerrcris
1213 3228 1365 3290 masculini
1388 3248 1440 3289 no·

188 3317 294 3415 pirano
314 3349 383 3392 casu
407 3332 522 3391 uunreri
544 3330 701 3407 singularis
722 3331 769 3391 his
791 3330 905 3392 duabus
927 3330 1030 3390 formis
1050 3331 1245 3400 deliniuntur,
1274 3333 1302 3392 id
1325 3341 1369 3392 est
1389 3350 1441 3391 rus

193 3421 275 3487 ‘llus
312 3432 363 3492 sed
385 3432 495 3492 bacca
518 3432 643 3492 neutrali
666 3433 758 3491 activo
780 3433 937 3510 deponenti
965 3435 1118 3494 communi
1138 3442 1167 3493 et
1187 3433 1328 3494 delectivo
1351 3433 1440 3494 rerbo

193 3533 408 3612 'tmutunun
432 3543 550 3601 exeunt
574 3543 690 3613 utputa
713 3533 870 3595 aneutrali
890 3552 980 3594 curru
1002 3552 1152 3602 cursurus.
1174 3535 1210 3595 ab
1228 3538 1322 3597 actito
1339 3536 1478 3598 scribon

192 3625 326 3705 “silurus
348 3656 365 3696 a
388 3637 546 3715 deponenti
567 3635 663 3697 luctor
682 3636 858 3703 luctaturus.
882 3656 898 3697 a
921 3638 1070 3697 communi
1091 3636 1209 3698 osculor
1230 3635 1440 3720 osculatuirus:

193 3734 306 3799 ipsuis-o
331 3746 430 3800 autem
459 3747 487 3799 et
514 3741 582 3799 ilem
609 3739 758 3799 communi
785 3738 830 3799 rel
853 3739 995 3798 delectiro
1020 3740 1128 3800 indus
1156 3739 1295 3819 syllabam
1323 3747 1440 3810 exeunt,

194 3828 278 3902 “itta
302 3858 317 3899 a
343 3841 459 3919 passivo
488 3840 603 3901 scribor
629 3839 819 3906 scribendus.
849 3860 863 3900 a
887 3860 1035 3903 commum
1064 3841 1181 3903 oscedor
1209 3842 1400 3912 osculandus,
1423 3860 1440 3903 a

193 3919 297 3996 iduum
317 3942 398 4003 ieron
420 3942 567 4003 ferendus.
602 3943 643 4001 sic
661 3949 690 4001 et
711 3941 766 4002 aliu
788 3944 877 4003 luturi
900 3946 1040 4021 temporis
1063 3947 1180 4022 generis
1203 3944 1355 4006 masculini
1373 3963 1440 4022 par·

193 4023 261 4107 lit'pia
283 4045 458 4105 nominativo
486 4061 556 4105 casu
582 4046 698 4105 numeri
726 4029 885 4123 singularis
909 4064 924 4104 a
946 4063 1034 4124 supra
1060 4037 1145 4108 dictis
1171 4047 1301 4108 verbis
1295 4066 1323 4108 ru
1351 4063 1479 4126 supraas

193 4121 258 4198 trau
274 4143 380 4206 turmas
402 4164 522 4207 necesse
545 4154 638 4207 estut
659 4155 772 4207 exeant.

249 4239 281 4305 lic
300 4265 436 4309 numero.
481 4250 596 4309 numeri
624 4250 783 4327 participiis
809 4247 947 4308 accidunt
965 4245 970 4331 Ι
989 4252 1032 4310 sic
1058 4253 1101 4310 uti
1128 4251 1295 4312 nominibus
1323 4260 1353 4312 ct
1373 4252 1441 4329 pro'·

192 4341 329 4416 ltfflimbus,
353 4347 512 4427 singularis
533 4350 680 4417 scribens,
704 4349 825 4428 pluralis
845 4349 1023 4417 scribentes,
1050 4355 1213 4414 communis
1235 4354 1354 4414 ruentis.
1398 4354 1441 4413 sic

191 4437 264 4529 llper
280 4449 333 4510 alia
356 4451 580 4529 participiorum
602 4470 711 4530 gerrera
738 4452 769 4512 hi
790 4454 906 4513 numeri
934 4455 962 4512 iu
986 4452 1179 4515 declinatione
1201 4473 1323 4516 neccsse
1344 4463 1387 4516 est
1408 4464 1441 4516 ut

188 4547 246 4606 ‘ltu
263 4551 388 4614 cilicium
411 4552 585 4632 compleaut
1452 4574 1478 4616 n

230 4726 317 4780 llhaec
335 4733 398 4783 liunt
414 4749 430 4781 r
448 4732 511 4783 haee
528 4733 618 4783 liniunt
635 4735 658 4784 ll
678 4733 725 4782 irae
741 4734 861 4785 deliniunt
882 4733 906 4782 B
978 4733 1009 4783 10
1026 4749 1099 4784 arc-c
1118 4734 1219 4799 (cresco
1234 4736 1261 4795 r)
1280 4683 1439 4786 crescentii

179 4802 418 4922 mittt'oebesceusB
488 4804 518 4853 ‘21
540 4803 792 4854 lluutItlluiuutB
876 4802 1164 4856 calamantum
1251 4805 1285 4857 38
1304 4806 1440 4856 ruendaB

210 4882 257 4918 nes
1203 4880 1206 4885 “
