3314 5506
211 386 273 449 aaa
775 375 930 460 [sevon]

1290 500 1311 539 p.
1322 486 1363 530 blm.
1372 486 1391 529 u
1400 484 1417 528 l.

299 574 333 636 ln
357 568 551 634 declinatione
572 574 642 628 sunt
664 564 760 647 aliqua
782 566 973 646 pronomina,
996 583 1073 647 quae
1095 568 1247 646 geminent
1261 584 1340 629 casus
1357 584 1417 636 sona
1431 574 1455 626 ut

212 686 281 759 puta
306 678 387 757 quis:
410 671 534 735 dicimus
556 670 635 731 enirn
659 669 776 747 etquis
797 668 907 748 etqui.
952 674 982 729 et
1008 669 1040 728 in
1062 670 1190 747 genitivo
1213 668 1377 751 plerumque
1392 669 1456 748 geni·

214 785 337 848 uantur,
361 784 394 838 ut
414 776 471 837 mla
492 770 538 834 vel
560 772 634 842 mei,
657 772 694 831 tis
716 769 761 831 vol
783 771 838 833 tui:
871 769 995 831 dicimus
1017 771 1096 831 enim
1119 771 1179 832 ‘tui
1202 789 1287 834 causa
1308 779 1337 833 te
1355 772 1457 850 rogo’n

214 883 269 942 ‘tis
291 896 377 941 causa
401 888 430 938 te
452 880 554 954 rogo’,
578 872 653 935 ‘mm
674 890 761 934 causa
783 880 813 935 te
834 874 925 953 rogo’
949 882 979 934 et
999 875 1076 935 ‘mei
1091 890 1178 934 causa
1200 880 1230 935 te
1250 876 1352 953 rogo’3
1372 871 1460 934 sdan

188 991 244 1048 oet
266 983 303 1043 tis
325 1000 341 1042 a
364 976 577 1041 consuetudine
605 982 806 1044 recesserunt,
834 974 926 1036 babes
952 982 1052 1036 tamen
1075 980 1105 1037 in
1127 973 1240 1037 Plauto.
1284 976 1350 1037 itam
1370 973 1460 1037 ablativo

213 1083 357 1164 singulari
387 1082 505 1160 gemina
534 1083 616 1149 sunt,
645 1085 678 1137 ut
704 1094 721 1136 a
748 1094 806 1157 qun
833 1075 879 1138 vel
906 1096 923 1138 a
949 1078 1014 1157 qui:
1043 1076 1095 1138 sed
1123 1079 1215 1156 aqui
1235 1079 1266 1138 iu
1288 1094 1340 1139 usa
1359 1094 1408 1137 non
1423 1083 1461 1135 est

213 1188 285 1247 item
308 1184 420 1246 dativus
443 1189 473 1243 et
495 1178 638 1241 ablativus
658 1175 782 1258 pluralis
803 1179 914 1258 gemini
935 1186 1018 1248 sont,
1041 1180 1107 1260 quis
1129 1177 1174 1240 vel
1196 1198 1212 1240 a
1235 1180 1314 1260 quis,
1335 1173 1463 1259 qnibmnl

215 1307 230 1349 a
254 1286 369 1367 quibus.
400 1292 430 1345 et
444 1298 630 1361 consequeus
652 1278 748 1341 iuerat
772 1287 807 1341 ut
832 1281 982 1360 geminum
1012 1280 1124 1342 iaceret
1145 1280 1274 1343 dativum
1297 1287 1325 1342 et
1344 1278 1464 1341 ablativum

216 1387 377 1471 pluralem,
393 1386 444 1465 qui
466 1383 624 1446 ablativum
646 1380 826 1458 singularem
848 1383 907 1444 iam
930 1384 1079 1462 geminum
1101 1383 1222 1455 lecerat,
1246 1401 1335 1464 aquo
1348 1380 1465 1461 veland

180 1507 340 1555 aonecosse
361 1488 417 1550 luit
438 1487 537 1548 dicere
559 1483 596 1546 ab
618 1502 655 1545 eo
677 1483 756 1563 quod
779 1492 825 1545 est
845 1502 862 1544 a
883 1503 942 1566 quo
963 1486 1029 1565 quis
1050 1483 1096 1546 vel
1117 1504 1134 1546 a
1156 1486 1236 1566 quis,
1260 1485 1297 1546 ab
1312 1502 1346 1547 eo
1364 1482 1468 1565 quoles

216 1612 233 1654 a
255 1593 306 1672 qui
327 1589 434 1672 quibus
456 1586 502 1649 vol
523 1605 540 1649 a
562 1585 678 1667 quibus.
709 1602 782 1664 ergo
803 1587 878 1649 ratio
901 1584 1020 1648 ablativi
1034 1583 1192 1666 singularis
1205 1588 1318 1649 varlare
1332 1584 1467 1648 [autetiam

217 1692 360 1773 pluralem
384 1691 512 1752 dativum
535 1697 565 1749 et
585 1686 744 1749 ablativum
766 1689 870 1749 varios.
915 1697 946 1750 et
967 1690 1160 1750 nominativus
1182 1698 1281 1750 tamen
1303 1685 1468 1767 pluraliapu'

216 1795 294 1875 apud
318 1801 432 1855 veteres
461 1791 596 1871 geminus
623 1788 692 1859 luit,
722 1788 810 1850 bodie
837 1789 873 1851 ab
897 1809 951 1852 usu
974 1793 1109 1852 recessit:
1133 1790 1272 1851 dicebant
1293 1792 1366 1851 enim
1385 1798 1469 1849 veteres

217 1899 267 1976 qui
290 1904 319 1958 et
340 1915 422 1976 ques.
465 1891 602 1954 similitor
629 1899 658 1951 et
685 1893 867 1975 accusativus
894 1890 1030 1972 pluralis,
1059 1894 1110 1974 qui
1139 1900 1209 1954 tunc
1231 1895 1363 1971 geminus
1381 1891 1431 1957 luit,
1447 1889 1468 1946 in

179 2022 203 2062 n
218 2018 273 2060 osu
295 2017 354 2059 non
377 2005 434 2059 est:
466 2013 534 2055 nam
562 1991 701 2057 dicebant
728 2001 758 2054 ot
784 2012 857 2073 quos
884 2001 914 2053 et
935 2013 1016 2074 ques.
1052 2001 1081 2055 et
1102 2012 1224 2056 necesse
1247 2002 1310 2056 erat
1335 1995 1372 2055 ita
1390 1992 1468 2056 dicero

217 2119 299 2180 ques.
345 2118 411 2160 nam
435 2094 577 2158 ablativus
599 2092 756 2173 singularis
778 2097 788 2156 i
809 2095 908 2157 littera
931 2098 1103 2159 terminatus
1130 2098 1340 2159 nominativum
1362 2091 1468 2174 plvualen

213 2203 247 2262 in
271 2220 302 2262 os
324 2201 420 2261 mittit.
466 2199 537 2261 Cato
560 2215 677 2278 quoqne
707 2197 844 2276 Origines
876 2199 919 2259 sle
951 2199 1087 2268 incboat,
1122 2200 1172 2259 ‘si
1205 2217 1293 2279 ques
1324 2206 1400 2258 sunt
1426 2193 1468 2253 ba·

218 2303 368 2364 mines'.

302 2404 339 2465 Et
360 2401 552 2479 interrogavit
566 2399 711 2461 Filocalus
734 2405 843 2484 ‘quare
865 2401 943 2463 idem
966 2403 1045 2464 inter
1067 2403 1165 2463 minus
1186 2421 1273 2483 quam
1296 2403 1371 2461 linita
1390 2412 1468 2478 prono·

181 2507 299 2572 aomina
322 2504 459 2585 posuisti,
483 2511 513 2564 et
534 2500 640 2582 aliquis
655 2503 732 2562 inter
748 2504 829 2563 linita
852 2522 911 2565 non
934 2505 1071 2584 posuisti,
1096 2523 1162 2565 curn
1187 2513 1343 2584 utrumque
1367 2503 1400 2562 sit
1421 2515 1469 2557 ror·

220 2608 333 2688 positae
354 2605 503 2685 figurael'
525 2603 691 2684 respoudit,
716 2604 786 2665 ‘sed
809 2603 913 2685 aliquis
935 2606 975 2666 ita
997 2607 1184 2686 conpositum
1207 2615 1267 2677 est,
1291 2614 1334 2676 ut,
1356 2606 1378 2666 si
1396 2600 1468 2664 otro

221 2709 352 2770 invenias
373 2706 495 2769 alteram
518 2714 632 2787 partem
656 2707 718 2767 eius
740 2707 772 2767 in
793 2706 1035 2788 pronominibus,
1058 2708 1088 2768 id
1111 2719 1156 2770 est
1178 2709 1253 2788 quis,
1284 2708 1358 2768 idem
1373 2722 1428 2765 vero
1438 2716 1470 2758 rt·

220 2808 347 2873 solutum
371 2828 431 2870 non
453 2811 602 2878 inveniam
626 2816 656 2871 et
677 2811 897 2888 conpositiones
919 2810 1007 2880 istae,
1030 2827 1106 2890 quae
1127 2811 1167 2870 ita
1190 2819 1270 2880 sunt,
1294 2827 1348 2887 pro
1367 2800 1470 2884 simplici·

220 2912 276 2975 bus
297 2910 461 2983 habentur,
485 2912 623 2991 quoniam
646 2908 720 2972 solvi
741 2928 800 2971 nou
823 2914 977 2990 possunt'.

184 3110 209 3151 ιι
748 3097 751 3177 r
777 3096 825 3158 on
848 3097 980 3158 vanno.

306 3234 434 3296 Verbum
472 3241 517 3295 est
548 3252 617 3314 pars
650 3233 806 3302 orationis,
841 3253 915 3313 quae
944 3232 1033 3295 babet
1060 3242 1176 3314 tempus
1205 3245 1235 3295 et
1263 3252 1410 3315 personam
1431 3229 1474 3289 sive

223 3358 307 3408 casu,
330 3345 363 3398 ut
384 3338 410 3398 si
432 3335 512 3396 dicas
535 3334 600 3413 lego
631 3334 728 3395 scribo
751 3334 887 3395 meditor.
934 3336 1051 3415 quando
1079 3335 1145 3397 vlico
1174 3336 1254 3417 lego,
1279 3347 1308 3398 et
1329 3347 1429 3416 tempus
1446 3334 1474 3387 tsi

223 3448 253 3500 et
274 3456 415 3519 persona,
450 3446 480 3497 et
507 3455 592 3497 casus
622 3434 719 3497 nullus
748 3446 801 3498 est.
841 3437 892 3497 sed
916 3439 957 3498 sic
980 3446 1048 3498 sunt
1069 3440 1124 3499 ista
1148 3438 1206 3499 duo
1229 3457 1354 3509 conexa,
1376 3446 1475 3512 tempu

223 3549 253 3602 et
279 3557 437 3620 personae,
466 3548 498 3599 ut
533 3537 657 3599 alterum
690 3540 754 3601 sine
784 3538 876 3599 allero
905 3556 969 3599 esse
997 3557 1056 3600 non
1085 3541 1192 3619 possit,
1222 3542 1253 3601 in
1277 3538 1365 3602 verbo
1385 3534 1475 3600 scilicet.

186 3650 356 3703 naevorum
386 3643 410 3700 si
438 3658 564 3721 persona
586 3638 647 3701 sola
670 3643 720 3710 sit,
744 3659 907 3721 pronomen
931 3643 1077 3721 sequitur;
1101 3643 1125 3701 si
1149 3650 1265 3721 tompus
1288 3642 1393 3709 solum,
1413 3632 1476 3719 pail·

225 3745 343 3823 cipium.
373 3760 444 3820 ergo
466 3743 521 3802 ista
544 3760 629 3821 pars,
652 3741 743 3804 idest
765 3741 902 3813 verbum,
926 3742 1074 3804 individua
1096 3741 1184 3803 babet
1206 3744 1280 3804 baec
1304 3744 1359 3805 duo
1379 3738 1478 3822 qvvidenv.

225 3844 302 3924 quod
331 3843 437 3904 adiecit
464 3849 552 3903 ‘casu
580 3849 712 3913 carens',
741 3844 820 3913 ideo,
849 3844 917 3923 quia
945 3852 1015 3905 sunt
1041 3843 1154 3924 aliquae
1187 3843 1364 3915 locutiones,
1391 3853 1478 3922 quaet

224 3945 314 4005 verbo
338 3947 416 4005 nasci
440 3944 575 4033 videntur
598 3954 626 4005 et
649 3953 747 4006 tamen
770 3963 869 4006 casum
893 3944 1018 4017 babent,
1041 3955 1075 4007 ut
1095 3954 1140 4006 est
1160 3945 1233 4008 illud
1256 3948 1375 4009 Terenti
1395 3935 1479 4002 ‘iussi

226 4048 257 4106 ei
287 4045 374 4105 dare
403 4043 564 4111 bibere'.
602 4047 800 4107 etsiverum
829 4046 985 4116 adtendas.
1009 4045 1199 4109 soloecismus
1223 4056 1281 4119 est,
1306 4051 1330 4109 si
1353 4049 1423 4109 dicas
1439 4037 1480 4097 'dt

225 4316 301 4366 quam
320 4299 392 4349 vidit.
411 4300 479 4364 qnod
494 4304 635 4367 exemplum
644 4303 731 4363 poenit
747 4303 897 4354 Priscianus
907 4317 934 4364 p.
946 4300 1006 4356 960.
1024 4303 1080 4351 bino
1097 4311 1171 4352 aanor
1186 4304 1287 4355 uidetur
1304 4318 1375 4354 aanor
1388 4309 1482 4368 grew·

224 4375 268 4422 aco
287 4384 384 4421 meum
404 4369 510 4420 ramus·
530 4368 617 4434 (nea.
635 4372 729 4435 srapm.
746 4370 780 4422 aa
794 4372 834 4422 eu.
856 4370 940 4434 ricco.)
962 4373 1077 4422 verenae
1096 4374 1242 4423 ornatura.-
1259 4375 1294 4438 cs.
1316 4374 1398 4434 rona.
1414 4386 1436 4435 p.
1447 4359 1482 4413 ιιι

308 4442 324 4490 b
342 4440 367 4489 'vn
385 4440 471 4505 plauto
489 4439 531 4489 FS
548 4442 574 4489 iu
592 4441 693 4507 platone
713 4440 737 4488 L
825 4441 858 4493 10
876 4444 932 4505 quis
950 4442 992 4491 uel
1009 4444 1079 4506 (quis
1098 4443 1154 4492 sino
1173 4442 1208 4506 F)
1226 4459 1241 4493 a
1260 4446 1317 4508 quis
1331 4445 1415 4506 quibua
1430 4435 1482 4486 urle

227 4512 319 4576 quibus
336 4511 381 4562 FS
398 4510 454 4574 quis
472 4511 563 4575 quibus
579 4512 603 4561 L
674 4511 706 4560 14
721 4511 764 4575 qui
782 4519 806 4561 et
824 4513 897 4574 quiae
914 4510 1013 4574 FSqui
1028 4513 1122 4576 etquis
1139 4512 1164 4560 L
1238 4515 1269 4564 [ὃ
1288 4523 1313 4563 et
1330 4526 1391 4577 quos
1403 4522 1423 4559 et
1437 4515 1481 4569 quii

228 4583 273 4633 LS
289 4589 314 4632 et
331 4596 395 4643 qnos
414 4580 526 4643 etquiee
543 4581 567 4629 F
630 4582 714 4631 dicere
732 4583 928 4644 quesSdieere
947 4584 1004 4645 quis
1020 4582 1058 4633 Fi
1074 4583 1159 4633 dicere
1178 4582 1202 4630 L
1258 4584 1289 4635 17
1310 4594 1420 4649 origenes
1437 4571 1483 4625 MS

314 4650 415 4701 inclinat
429 4650 452 4699 ei
469 4651 541 4713 quies
558 4651 601 4703 FS
619 4652 702 4701 incoat
721 4651 743 4701 si
762 4666 825 4712 ques
839 4653 863 4701 L
948 4651 981 4703 19
996 4652 1109 4702 filocalus
1123 4654 1148 4702 L
1165 4651 1308 4718 philocalus
1324 4654 1347 4702 F
1358 4638 1484 4715 filugalmS

313 4721 347 4772 20
365 4721 397 4769 sit
414 4720 439 4768 F
452 4721 503 4769 sint
520 4722 567 4772 LS
633 4722 664 4773 21
683 4722 814 4785 respoudit
832 4724 875 4773 FS
896 4723 1016 4786 respondi
1036 4723 1060 4771 L
1129 4721 1163 4771 23
1183 4739 1248 4785 quae
1266 4724 1292 4774 id
1311 4719 1484 4778 soritarum

228 4789 395 4841 lvincsunvS
450 4791 484 4841 ιθ
504 4805 537 4841 ns
556 4805 636 4841 nanno
654 4792 680 4841 F
703 4806 847 4842 incurvos
865 4793 986 4843 ornaoS
1011 4806 1167 4843 axrcannrvo
1185 4808 1281 4844 rucrrvr
1299 4791 1406 4843 nraavL
1462 4778 1485 4832 33

228 4859 293 4910 illud
311 4859 412 4911 Terenti
431 4875 476 4912 om.
495 4860 553 4912 FS:
575 4859 675 4911 Terent.
695 4860 777 4912 Andr.
797 4862 875 4924 1112,
894 4863 911 4911 4
