3314 5506
349 383 439 431 xv111
896 370 1106 431 PRAEFATIO

347 560 538 633 sequentibus
559 559 577 616 b
598 560 645 617 ael
666 575 694 617 m
718 560 764 618 uel
782 574 806 630 p
829 565 953 617 auctore
976 559 1076 617 Plinio
1098 565 1126 616 ct
1150 559 1317 632 Papiriano
1339 564 1367 616 et
1390 558 1505 631 Probo,
1536 564 1567 615 nt
1588 558 1640 615 im·

347 661 431 720 bibo:
454 665 523 735 150,
547 663 577 724 6.
607 663 679 735 213,
705 664 743 723 12
762 660 884 719 Probas
904 663 993 719 etiam
1016 661 1095 718 alius
1117 661 1180 718 alia
1203 659 1290 717 aliud
1311 661 1389 718 inter
1403 662 1528 718 aomina
1537 661 1642 733 posuit

349 863 478 922 ostendit
500 870 529 922 et
551 865 632 922 ratio
654 865 736 938 ipsa,
761 865 800 926 de
821 880 881 937 qun
903 866 934 922 in
954 865 1133 937 pronomine
1154 864 1246 922 latias
1267 863 1473 922 tractabimus.
1513 862 1639 921 ostendit

348 970 447 1024 autem
472 965 586 1024 Probus
606 966 654 1025 bis
675 967 789 1038 uerbis,
815 966 889 1024 ‘boc
911 982 1002 1025 unum
1024 981 1129 1024 nomen
1152 971 1285 1035 tantam,
1310 965 1407 1023 idest
1429 966 1521 1036 alius,
1550 979 1638 1038 quarn

347 1068 480 1125 maxime
499 1074 628 1142 propter
648 1076 820 1128 structuras
839 1069 977 1140 aenetiao
998 1075 1027 1126 et
1056 1069 1158 1126 datico
1179 1083 1254 1125 casu
1275 1069 1394 1125 numeri
1413 1067 1578 1138 simpularis
1598 1067 1637 1123 sir

349 1171 489 1227 anomale
510 1171 720 1240 confirmatum
741 1173 780 1229 sit
802 1170 961 1240 declinari,
986 1169 1035 1228 la'c
1057 1171 1136 1228 alius
1156 1168 1245 1227 baius
1266 1170 1345 1227 alius
1366 1169 1437 1227 baio
1460 1168 1545 1226 alii.·'
1571 1171 1636 1242 105,

350 1273 401 1334 23.
446 1273 523 1345 301,
549 1276 587 1335 14
614 1271 713 1331 Probo
740 1279 840 1330 tamen
868 1278 898 1330 et
919 1272 1096 1345 quibusdam
1125 1271 1195 1328 aliis
1216 1273 1326 1328 artium
1354 1270 1552 1344 scriptoribus
1573 1275 1636 1327 eto

349 1371 478 1430 Pentbee
499 1380 528 1431 et
551 1389 568 1431 o
595 1372 695 1449 Tydea
715 1380 745 1432 et
766 1374 881 1432 Ilioneo
906 1389 993 1446 posse
1022 1373 1088 1430 (lici
1112 1373 1272 1431 secundam
1296 1372 1436 1431 Latinam
1465 1371 1635 1443 analopiom

342 1475 465 1548 placet:
497 1478 571 1548 103,
604 1480 654 1538 14.
706 1479 819 1535 contra
846 1469 925 1533 ulios
954 1470 1052 1533 Probi
1079 1469 1195 1549 libros,
1225 1471 1281 1555 qui
1310 1491 1395 1533 nunc
1423 1490 1488 1532 non
1516 1476 1634 1546 extant,

347 1572 463 1635 citavit
490 1572 541 1635 his
564 1572 656 1651 locis,
686 1593 766 1657 quos
794 1571 923 1657 quidem
952 1571 993 1635 ad
1015 1572 1185 1658 Berytium
1207 1572 1453 1655 grammaticum
1481 1571 1633 1655 pertinen

347 1673 399 1736 vel
428 1672 619 1737 coniunctus
652 1695 726 1737 cum
753 1672 852 1737 Probi
885 1673 1013 1737 nomine
1042 1671 1149 1759 Caper
1183 1671 1235 1737 vel
1267 1695 1444 1738 consensus
1472 1671 1632 1736 Diomedis

347 1774 550 1858 grammatici
573 1774 783 1839 demonstrat.
813 1796 889 1838 nam
904 1784 940 1838 ut
954 1775 1139 1839 Priscianus
1155 1773 1227 1837 aliis
1248 1775 1436 1840 auctoribus
1453 1783 1485 1837 et
1499 1775 1631 1838 maxim<

350 1875 457 1961 Capro
481 1875 599 1940 debere
622 1877 751 1941 videtur
773 1877 882 1940 omnia
903 1897 986 1962 quae
1002 1887 1131 1961 praeter
1146 1877 1203 1941 illa
1218 1898 1301 1963 quae
1317 1898 1414 1961 supra
1429 1877 1550 1960 scriptu
1565 1897 1631 1938 sun

347 1999 389 2042 ex
411 1977 520 2042 Probo
549 1977 675 2058 attulit,
704 1979 752 2042 ita
779 1977 970 2042 Diomedem
998 1980 1118 2042 veten's
1146 1979 1233 2043 illius
1262 1978 1388 2064 Berytii
1416 1978 1517 2062 copiis
1546 1999 1630 2039 usun

347 2101 418 2144 esse
440 2089 589 2144 constare
619 2089 699 2163 puto
726 2080 766 2144 iis
794 2103 881 2165 quae
904 2079 968 2144 vol.
991 2078 1007 2141 I
1029 2081 1167 2164 praefat.
1189 2103 1222 2166 p.
1245 2096 1280 2142 Ll
1304 2101 1374 2166 sqq.
1399 2078 1438 2143 de
1460 2100 1500 2142 ea
1520 2100 1555 2142 re
1578 2079 1627 2142 dis

346 2182 471 2266 putavi.
515 2183 625 2268 itaque
647 2183 749 2245 veteri
772 2184 983 2265 grammatico
1006 2181 1094 2247 haud
1116 2183 1215 2247 dubie
1237 2182 1397 2247 debentur
1418 2180 1514 2262 haec,
1538 2177 1628 2244 vol.]

268 2308 275 2328 1
347 2306 380 2368 p.
405 2291 481 2362 115,
512 2289 550 2351 18
574 2288 691 2346 Probus
713 2289 803 2346 etiam
822 2290 912 2362 ponit
932 2288 990 2347 boc
1016 2290 1176 2362 plandiam
1198 2289 1273 2348 baec
1294 2289 1459 2362 plandalo,
1492 2293 1568 2362 171,
1601 2293 1627 2349 1‹

345 2405 442 2463 supra
463 2390 613 2449 dictorum
641 2396 740 2447 tamen
769 2392 920 2449 nominum
943 2407 1012 2449 usus
1034 2397 1063 2449 cl
1090 2393 1177 2466 apud
1198 2391 1329 2466 Capram
1351 2398 1380 2449 et
1401 2391 1486 2466 apud
1507 2389 1626 2449 Probun

347 2491 385 2549 de
407 2490 506 2549 dubiis
525 2484 695 2564 nemoribus
709 2493 841 2559 inuenis,·
864 2495 935 2566 393,
959 2493 977 2556 8
1000 2494 1055 2551 sed
1074 2499 1104 2552 et
1125 2509 1227 2552 eoram
1250 2500 1279 2552 et
1299 2495 1488 2567 superiorum
1511 2494 1626 2551 omniun

348 2610 417 2651 asus
438 2601 498 2650 tam
521 2593 606 2667 apud
621 2593 753 2667 Capram
768 2610 858 2668 quam
874 2592 1003 2653 Plinium
1019 2602 1047 2652 et
1063 2595 1193 2654 Probum
1208 2596 1341 2654 inuenies
1357 2590 1480 2670 (Diam.
1497 2612 1529 2672 p.
1545 2587 1621 2671 400)

348 2699 425 2768 445,
449 2697 488 2757 23
512 2710 567 2753 mos
589 2710 705 2769 qaoque
727 2697 757 2754 in
776 2697 945 2769 praeterito
961 2694 1119 2771 perfecto,
1145 2699 1226 2771 qaod
1238 2714 1296 2771 pro
1319 2688 1583 2774 παρακειμένου,
1608 2697 1624 2753 it

347 2797 503 2869 estpaulo
525 2795 770 2872 anteperfecta,
800 2803 828 2855 et
851 2814 913 2871 pro
941 2787 1100 2875 ἀορίστου
1129 2805 1201 2857 teste
1223 2800 1324 2858 Probo
1350 2798 1493 2857 babemus
1516 2793 1623 2875 (Diam

348 2900 424 2973 336,
449 2893 520 2977 10),
550 2901 627 2975 470,
657 2902 696 2963 12
724 2914 819 2973 supra
848 2898 938 2964 dictis
961 2901 1079 2959 addunt
1101 2901 1222 2974 quidam
1244 2918 1319 2960 neco
1340 2902 1448 2959 necari
1467 2901 1513 2960 nel
1539 2915 1622 2958 necui

346 3002 423 3058 sicut
445 3006 474 3058 et
489 2999 605 3059 Pnobus
619 3008 648 3060 et
663 3001 819 3060 Charisius
834 3007 863 3059 et
878 3001 1035 3059 Diomedes
1051 2996 1173 3080 (Diam.
1191 3006 1267 3078 366,
1291 2999 1342 3080 3),
1366 3006 1441 3077 490,
1466 3006 1484 3067 8
1508 3017 1527 3059 a
1543 3002 1622 3059 deleo

346 3103 433 3161 cuius
454 3103 598 3177 simplex,
630 3103 663 3162 id
688 3110 732 3162 est
758 3106 820 3175 leo,
851 3104 882 3161 in
911 3119 966 3161 rau
992 3119 1051 3160 non
1080 3111 1137 3174 est,
1168 3105 1311 3176 deletum,
1344 3105 1487 3162 adelina
1516 3104 1621 3161 delitui

347 3205 499 3276 nascitur,
524 3205 606 3278 quod
627 3205 743 3264 Probus
764 3212 793 3263 et
816 3205 915 3278 Caper
936 3205 1126 3278 comprobant
1150 3199 1272 3285 (Diam.
1296 3209 1373 3280 375,
1397 3201 1469 3283 27),
1497 3210 1574 3278 499,
1600 3207 1614 3264 1

346 3307 433 3380 sapio
455 3312 515 3364 tam
537 3309 628 3381 sapui
654 3309 699 3366 ael
725 3308 807 3380 sapii
832 3322 922 3379 quom
948 3308 1050 3380 sapiri
1073 3309 1236 3380 protulisse
1263 3314 1402 3367 auctores
1430 3309 1620 3386 inueniuntur

348 3408 447 3467 Probo
469 3417 567 3467 tamen
589 3410 682 3482 sapui
696 3410 802 3482 placet
824 3409 901 3482 dici,
932 3410 1070 3468 Cbarisio
1091 3411 1182 3483 sapui
1203 3411 1249 3468 ael
1275 3412 1388 3484 sapivi,
1419 3409 1519 3483 Aspro
1539 3410 1619 3482 sapic

347 3516 377 3568 et
401 3511 484 3585 sapii
508 3512 668 3570 secundam
702 3511 887 3583 Varronem,
924 3513 1006 3585 quod
1033 3511 1190 3570 Diomedes
1216 3513 1305 3570 etiam
1334 3512 1485 3585 approbat
1515 3505 1618 3588 (Dion

348 3614 426 3685 369,
450 3607 521 3689 25),
550 3615 625 3687 513,
650 3618 668 3676 7
690 3613 852 3670 auriciscor
878 3614 968 3670 etiam
991 3621 1113 3672 nactum
1132 3611 1215 3684 facit
1236 3614 1347 3686 absque
1368 3632 1403 3686 n,
1436 3619 1469 3671 at
1491 3611 1617 3671 Probat

348 3713 450 3785 Capro
470 3719 499 3770 el
516 3713 647 3770 Pollioni
667 3718 696 3770 el
711 3713 811 3771 Plinio
829 3715 950 3787 placet:
974 3717 1050 3786 529,
1077 3718 1096 3777 6
1119 3731 1233 3774 occurro
1255 3717 1387 3775 occanui
1399 3749 1441 3757 -
1454 3714 1508 3772 sed
1522 3714 1617 3772 Proba

347 3815 448 3872 occini
465 3829 582 3886 quoque
595 3815 748 3872 existimat
764 3815 827 3873 dici
834 3831 938 3889 posse,
964 3832 1031 3874 cum
1049 3817 1178 3890 simplex
1192 3833 1271 3876 carro
1285 3819 1385 3876 cecini
1394 3815 1496 3888 saciat
1513 3811 1616 3894 (Dion

348 3917 424 3988 373,
448 3911 521 3993 23),
545 3917 621 3989 534,
645 3917 685 3978 26
706 3916 821 3974 lacesso
842 3917 998 3975 lacessiri:
1025 3919 1069 3975 sic
1092 3917 1225 3990 Probus,
1250 3926 1279 3977 et
1300 3920 1419 3979 ridetur
1440 3919 1515 3976 milti
1533 3918 1615 3976 melin

348 4017 464 4087 dicere,
488 4017 690 4091 participium
712 4019 790 4076 enim
810 4020 964 4092 passivum
986 4019 1160 4093 lacessitus,
1194 4020 1292 4095 Caper
1314 4026 1412 4079 tamen
1435 4021 1545 4079 lacessi
1565 4020 1615 4077 dic

348 4133 428 4183 esse;
451 4118 527 4192 535,
552 4121 592 4180 20
609 4119 701 4191 pinso
717 4120 825 4193 pinsui
841 4118 925 4192 facit
945 4122 1160 4194 praeteritam,
1185 4124 1267 4196 qaod
1280 4124 1397 4181 Probra
1412 4140 1467 4182 usu
1481 4123 1614 4196 Pompon

347 4218 514 4292 conprobat
536 4211 660 4296 (Diam.
685 4224 761 4298 373,
785 4216 835 4299 3),
865 4224 942 4297 539,
972 4221 1109 4295 21111616
1127 4221 1221 4296 field,
1252 4225 1334 4298 quod
1354 4232 1382 4284 et
1404 4224 1504 4284 Probo
1522 4225 1613 4299 place

347 4321 483 4394 anamais
504 4322 559 4379 alii
579 4322 774 4397 differentiae
794 4341 889 4384 causa
907 4323 997 4396 fralai
1012 4334 1195 4400 posuerunt,
1226 4331 1303 4401 541,
1329 4330 1366 4392 18
1390 4328 1456 4398 ait),
1480 4327 1566 4385 cuius
1588 4326 1613 4383 d

347 4408 473 4481 clinatio
500 4425 531 4481 ia
559 4441 614 4481 rau
638 4422 795 4498 frequenti
820 4443 879 4487 non
906 4434 963 4501 est,
993 4434 1124 4501 quartae
1144 4431 1366 4501 conlocationis
1387 4444 1450 4487 esse
1472 4427 1612 4486 ostendito

348 4525 387 4582 ab
408 4525 586 4598 imperativo
607 4527 638 4583 in
660 4527 674 4583 i
693 4530 870 4588 terminato:
890 4532 934 4588 sic
954 4532 1033 4587 enim
1049 4529 1165 4589 Probus
1179 4531 1217 4588 de
1232 4530 1320 4589 dubio
1340 4528 1481 4605 perfecto
1502 4536 1611 4588 tractor

349 4625 477 4684 ostendit
498 4625 643 4686 Naeuium
662 4630 824 4703 protulisse
846 4625 970 4710 (Diam.
994 4635 1071 4707 374,
1097 4628 1141 4712 1).
1186 4626 1265 4690 hacc
1288 4628 1387 4710 igitur
1409 4627 1532 4707 omnia,
1555 4649 1611 4711 qur

348 4722 446 4786 Probi
468 4725 597 4787 nomine
618 4725 775 4810 iuscripta
797 4725 884 4812 apud
900 4726 1104 4791 Priscianum
1126 4737 1256 4807 extant,
1279 4729 1380 4813 siquis
1402 4730 1485 4793 inter
1508 4751 1543 4792 se
1565 4749 1610 4792 cor

347 4827 526 4910 paraverit,
562 4825 659 4889 facile
691 4827 862 4914 adparebit
889 4828 1093 4893 Priscianum
1120 4851 1183 4892 non
1211 4829 1315 4893 solum
1344 4830 1575 4895 catholicorum
1606 4857 1610 4886 ι
