3314 5506
547 385 745 448 msrrrvrt
762 385 905 448 tnrmn
930 387 1093 449 irs-isa
1422 389 1462 449 aa
1523 348 1527 357 ’

225 515 248 556 μ
262 500 306 543 ras
315 502 343 543 se
355 500 383 543 a.
1245 515 1267 556 p.
1281 503 1371 545 aes-ar
1385 502 1412 544 v.

179 580 311 651 potenter
331 571 532 633 tractabimus,
570 590 649 633 nunc
668 573 724 633 hoc
743 591 898 634 monemus
918 573 948 633 in
969 573 1024 634 hac
1046 575 1139 635 torma
1162 575 1280 651 generis
1300 572 1462 642 masculini,

179 691 231 754 qua
249 673 379 735 diximus
405 671 532 734 ablativo
555 692 624 734 casu
648 676 762 734 numeri
784 673 940 750 singularis
968 676 1084 736 nomina
1104 693 1120 734 a
1144 672 1237 736 littera
1260 677 1412 736 terminari
1434 682 1465 736 et

179 766 355 837 nominativo
370 793 441 835 casu
464 777 579 837 numeri
597 774 754 852 singularis
768 794 800 836 es
820 774 923 835 litteris
944 774 1067 845 deliniri,
1088 777 1166 855 quiid
1184 796 1219 837 ex
1238 796 1271 838 ea
1292 776 1359 855 plus
1374 793 1462 857 quam

179 875 278 938 txvu
300 878 376 945 soni,
399 875 457 937 hoc
478 884 523 937 est
543 895 631 956 quam
652 876 753 937 xxvtt
772 877 899 944 nomina,
922 879 1116 956 nonpossint
1138 877 1278 939 exhiberi.
1311 879 1348 940 de
1369 879 1462 938 torma

178 979 293 1055 emeris
318 975 486 1046 masculini,
518 962 583 1058 qua
602 976 728 1039 ablativo
751 995 821 1039 casu
848 980 963 1040 numeri
991 977 1148 1056 singularis
1175 981 1291 1041 nomina
1319 997 1336 1039 a
1365 979 1461 1041 littera
1488 1004 1502 1041 s

178 1080 376 1141 terminantur
405 1085 434 1139 et
458 1080 637 1140 nominativo
661 1098 730 1141 casu
763 1081 878 1140 numeri
905 1078 1061 1158 singularis
1087 1098 1119 1141 es
1144 1080 1248 1141 litteris
1261 1081 1463 1150 ..deliniuntur

144 1208 148 1212 ·
178 1188 318 1259 quanmm
340 1181 417 1241 ratio
438 1179 588 1259 poscebat,
609 1181 803 1242 tractavimus.

259 1280 347 1343 Nunc
369 1282 400 1342 iu
420 1280 466 1342 liis
487 1282 656 1343 nominibus
677 1285 796 1359 generis
810 1283 929 1344 scilicet
950 1283 1111 1353 masculini,
1136 1303 1210 1361 striae
1233 1285 1359 1345 diximus
1376 1282 1466 1365 abia-l

178 1383 233 1444 tivo
255 1401 328 1444 casu
354 1385 471 1444 mnueri
492 1382 686 1461 singularisa
710 1383 803 1444 littera
827 1378 977 1445 terminari
1006 1393 1035 1446 et
1054 1387 1229 1446 nominativo
1252 1404 1322 1445 casn
1350 1387 1464 1447 numeri

178 1483 333 1563 singularis
358 1486 586 1563 suprascriptis
613 1484 714 1546 lormis
741 1485 872 1554 deliniri,
898 1488 1051 1566 quaeritur
1072 1489 1122 1567 qui
1144 1505 1229 1548 casus
1254 1505 1342 1567 quem
1364 1503 1464 1548 casum
1479 1509 1504 1551 ro

179 1587 415 1666 regerooossit,
443 1595 473 1647 et
498 1586 565 1648 ideo
592 1587 711 1648 eosdem
735 1586 911 1658 subicimus,
942 1596 974 1648 ut
994 1589 1136 1668 quemad
1158 1589 1279 1650 modum
1303 1607 1336 1650 se
1359 1605 1465 1667 regere

179 1689 290 1767 possint
311 1687 479 1751 doceamus.
960 1740 964 1746 .

261 1789 306 1852 lle
325 1791 505 1851 nominativo
527 1808 596 1851 casu
617 1792 733 1851 numeri
754 1790 918 1869 singularis,
940 1792 991 1870 qni
1010 1810 1026 1852 a
1047 1790 1143 1854 littera
1166 1798 1234 1870 post
1255 1799 1464 1854 consonantem

179 1894 361 1953 terminatum.
393 1910 596 1972 quaecumque
616 1896 735 1953 nomina
756 1895 873 1969 generis
892 1891 1046 1953 masculini
1066 1895 1244 1954 nominativo
1260 1911 1329 1954 casu
1348 1894 1464 1954 numeri

179 1991 336 2073 singularis
354 2011 372 2054 a
391 1992 486 2054 littera
507 2000 576 2073 post
596 2001 808 2060 consonantem
833 1996 1028 2056 terminantur
1049 2002 1080 2055 et
1099 2002 1197 2074 aptota
1218 2012 1282 2056 esse
1304 2012 1363 2054 tion
1385 1995 1464 2055 inre·
1480 2019 1503 2057 rs

180 2097 307 2162 ciuntur,
329 2093 405 2159 haec
426 2094 462 2156 ad
483 2113 588 2155 sonum
612 2094 751 2160 Catilinae
772 2114 827 2175 per
848 2105 964 2158 ceteros
983 2114 1069 2157 casus
1089 2096 1281 2158 declinantur.

258 2196 304 2258 lle
327 2199 493 2258 accusativo
515 2215 585 2258 casu
607 2199 723 2258 numeri
744 2197 914 2275 singularis,
941 2200 1058 2277 quiam
1080 2196 1185 2268 litteris
1206 2205 1273 2276 post
1301 2213 1465 2258 consonan-

180 2307 235 2360 tem
268 2292 420 2360 dednitur.
465 2317 669 2379 quaecumque
705 2301 825 2360 nomina
862 2301 978 2378 generis
1015 2299 1167 2362 masculini
1198 2300 1363 2360 accusativo
1396 2316 1466 2360 casu

180 2402 295 2463 numeri
317 2398 475 2479 singularis
492 2419 543 2461 am
558 2400 663 2461 litteris
684 2409 753 2480 post
767 2411 975 2462 consonantem
998 2399 1213 2463 concluduntur
1231 2409 1261 2462 et
1283 2409 1380 2480 aptota
1402 2418 1467 2463 esse

180 2519 235 2563 non
257 2501 460 2572 inveniuntur,
482 2484 556 2565 haec
577 2502 614 2564 ad
636 2521 742 2564 sonum
765 2501 903 2564 Catilinae
923 2521 977 2581 per
999 2512 1115 2564 ceteros
1136 2521 1222 2564 casus
1243 2503 1436 2565 declinantur.
1479 2524 1505 2566 ao

260 2604 306 2665 lte
326 2604 505 2664 nominativo
527 2604 572 2666 rel
594 2606 725 2665 vocatim
748 2623 818 2667 casu
846 2605 962 2666 numeri
990 2604 1125 2684 pluralis,
1152 2607 1203 2686 qui
1224 2624 1259 2666 ae
1278 2605 1382 2666 litteris
1401 2612 1468 2684 post

179 2713 390 2779 consonantem
414 2705 601 2768 deliniuntur.
645 2724 849 2786 quaecumque
870 2709 988 2768 nomina
1017 2708 1134 2783 generis
1154 2705 1307 2768 masculini
1334 2708 1467 2768 nomina·

179 2809 235 2868 tiro
251 2804 298 2869 rel
315 2808 447 2869 vocativo
468 2825 538 2869 casu
558 2809 675 2869 numeri
691 2806 867 2887 pluralisae
889 2808 992 2870 litteris
1010 2817 1076 2887 post
1092 2808 1307 2871 'consonantem
1323 2808 1468 2871 definiun-

178 2916 225 2971 tur
245 2916 276 2970 et
299 2916 399 2987 aptota
420 2901 488 2973 ess‘e
508 2927 568 2971 non
589 2911 792 2979 inveniuntur,
822 2910 896 2971 haec
924 2911 960 2971 ad
983 2929 1089 2972 sonum
1111 2910 1250 2972 Catilinae
1275 2929 1331 2990 per
1353 2918 1468 2972 eeteros

179 3028 265 3073 casm
286 3003 484 3073 declinantur.
1089 3048 1093 3055 ·
1480 3033 1506 3075 as

261 3111 308 3175 Dc
329 3114 465 3191 genetivo
485 3132 555 3175 casu
578 3115 694 3175 numeri
715 3111 844 3192 pluralis,
867 3115 918 3194 qui
938 3131 1021 3175 arum
1043 3112 1149 3176 litteris
1169 3121 1236 3194 post
1256 3121 1467 3177 consonantem

178 3214 328 3277 delinitur.
364 3232 575 3295 ‚quaecumque
604 3217 723 3295 nomina
749 3217 866 3295 generis
888 3215 1051 3302 masculini
1083 3219 1218 3294 genetivo
1251 3234 1321 3277 casu
1352 3217 1468 3277 numeri

179 3301 304 3395 ducalis
320 3334 407 3378 arum
426 3315 533 3378 litteris
554 3325 621 3395 post
642 3325 850 3379 consonantem
873 3316 1069 3387 definiuntur,
1092 3317 1167 3379 haec
1185 3318 1222 3379 ad
1243 3325 1349 3379 sonum
1371 3315 1468 3378 Catili·

179 3436 235 3481 nae
255 3436 314 3499 per
336 3435 439 3480 omnes
460 3436 546 3481 cesus
564 3417 756 3481 declinantur.
1095 3403 1097 3406 ¹
1172 3496 1178 3508 ι

263 3520 310 3583 De
331 3523 497 3582 accusativo
519 3539 588 3583 casu
613 3524 729 3582 numeri
750 3520 885 3601 pluralis,
916 3522 966 3603 qui
989 3539 1022 3582 as
1043 3520 1149 3599 litteris
1169 3529 1237 3599 post
1257 3529 1468 3582 consonantem
1481 3542 1508 3583 an

179 3623 330 3685 delinitur.
374 3641 578 3703 quaecumque
604 3625 722 3683 nomina
749 3625 867 3702 generis
888 3622 1041 3684 masculini
1068 3625 1232 3685 accusativo
1254 3641 1324 3685 casu
1353 3624 1470 3685 numeri

180 3723 304 3805 muralis
322 3742 356 3785 as
377 3724 483 3787 litteris
510 3732 577 3804 post
597 3733 807 3787 consonantem
829 3726 1009 3787 deliniuntur
1038 3733 1069 3787 et
1089 3732 1187 3804 aptota
1208 3743 1273 3786 esse
1301 3743 1360 3787 non
1385 3742 1470 3803 repe-

179 3829 309 3896 riantur,
331 3827 405 3887 haec
427 3825 463 3887 ad
480 3843 586 3887 sonum
605 3825 745 3887 Catilinae
770 3845 824 3906 per
844 3835 959 3909 eeteros
979 3845 1064 3903 casus
1082 3825 1279 3899 damnantur,

265 3928 311 3991 ile
332 3929 498 3989 accusativo
519 3947 589 3990 casu
609 3931 724 3991 numeri
745 3928 910 4006 singularis,
934 3930 984 4008 qui
1006 3947 1042 3990 an
1063 3929 1167 3991 litteris
1189 3928 1336 3990 desinitur.
1381 3946 1470 4009 quae·

180 4049 311 4112 cnmque
329 4032 336 4107 1
354 4031 473 4091 nomina
497 4031 615 4109 generis
641 4030 795 4092 masculini
820 4033 984 4114 accusativo
1012 4050 1082 4093 casu
1110 4034 1225 4092 numeri
1249 4031 1405 4109 singularis
1432 4048 1508 4092 anas

178 4133 289 4197 tutaris
307 4132 487 4194 deliniuntur
509 4140 539 4194 et
562 4139 660 4211 aptota
683 4151 748 4195 esse
766 4151 826 4194 non
848 4135 1051 4203 inveniuntur,
1075 4133 1147 4196 llaec
1168 4133 1205 4195 ad
1227 4152 1333 4195 sonum
1354 4134 1471 4195 Aeneae

179 4253 237 4316 per
258 4241 376 4297 ceteros
396 4252 483 4296 casus
503 4234 696 4297 declinantur.

267 4335 311 4398 lle
331 4337 466 4414 genetivo
488 4335 533 4397 rel
554 4337 655 4419 ,dativo
684 4355 754 4399 casu
778 4337 894 4399 numeri
917 4336 1088 4415 singularis,
1117 4338 1167 4416 qui
1182 4334 1196 4420 ll
1210 4356 1245 4399 ae
1271 4335 1375 4399 litteris
1405 4343 1473 4416 post

180 4444 395 4501 consonantem
416 4437 604 4500 deliniuntur.
649 4457 853 4519 quaecumque
877 4440 994 4501 nomina
1016 4441 1134 4516 gerreris
1156 4438 1308 4501 masculini
1336 4439 1471 4517 genetivo

180 4540 230 4603 rel
247 4541 346 4602 datiro
368 4558 439 4601 casu
462 4542 579 4601 numeri
600 4539 755 4619 singularis
777 4539 936 4602 ae·litteris
962 4548 1030 4620 post
1053 4550 1263 4602 consonantem
1291 4540 1510 4603 deliniunturto

180 4652 214 4705 et
231 4649 332 4723 aptota
355 4659 420 4703 csse
439 4660 500 4703 non
518 4643 719 4712 inveniuntur,
742 4642 815 4704 llaec
834 4642 967 4722 indigent
985 4641 1048 4703 aliis
1065 4643 1180 4704 casibus
1205 4661 1260 4722 per
1281 4661 1355 4723 quos
1382 4659 1472 4722 appa·

255 4787 732 4839 ltractabimnnrtreetauimusltB
818 4791 924 4839 dxxvii
943 4789 1001 4838 soni
1019 4789 1060 4839 rB
1076 4804 1151 4839 xxiiii
1167 4789 1266 4839 sonilt
1336 4805 1408 4839 xxvii
1427 4803 1471 4838 no·

181 4859 253 4908 mina
271 4857 296 4907 B
315 4858 405 4923 viginti
421 4865 519 4923 septem
535 4860 635 4907 uomina
653 4876 669 4907 e·
686 4874 761 4911 xxiiii
780 4859 880 4909 nornine
900 4859 922 4909 tt
992 4858 1009 4907 8
1027 4873 1090 4922 utrae
1106 4874 1122 4906 r
1139 4859 1206 4921 quod
1226 4859 1248 4910 ll
1265 4873 1314 4920 qna
1331 4859 1356 4909 B
