3346 5506
557 409 672 473 COMM.
694 409 733 472 IN
754 409 933 473 bonurvu
1329 415 1389 478 421

1089 517 1104 561 r.
1118 517 1178 562 men
1190 518 1215 559 er
1228 517 1277 560 aaa.
1291 517 1340 561 rar.

627 647 675 710 DE
696 648 868 711 LlTTERh.

188 789 315 850 Litteras
336 787 454 848 Latinas
476 793 591 848 constat
606 786 790 849 Carmentem
813 786 974 856 invenisse,
998 790 1122 846 matrem
1145 785 1283 847 Euandri.
1314 803 1389 866 quae

102 891 171 953 ideo
198 891 294 953 dictae
321 895 389 951 sunt
415 888 544 958 litterae,
573 887 652 968 quod
685 887 850 966 legentibus
877 889 935 948 iter
962 886 1142 978 praebeant,
1179 887 1223 948 vel
1253 886 1330 967 quod
1358 889 1388 949 in

104 992 231 1072 legendo
259 994 421 1063 iterentur,
450 993 533 1071 quasi
561 990 710 1069 legiterae.
754 1008 857 1051 ornnes
879 997 976 1050 autem
999 989 1113 1051 litterae
1135 989 1336 1069 principaliter
1357 991 1388 1050 in

101 1095 174 1157 duas
202 1094 371 1157 dividuntur
399 1100 513 1174 partes,
540 1093 571 1152 in
599 1093 713 1154 vocales
736 1093 817 1153 etin
839 1099 1044 1154 consonantes.
1089 1093 1158 1153 item
1181 1093 1261 1172 ipsae
1283 1109 1413 1153 conso-x

101 1206 204 1259 nantes
226 1199 257 1258 in
280 1196 353 1258 duas
375 1195 543 1257 dividuntur
564 1204 679 1273 partes,
707 1196 737 1255 in
760 1193 948 1256 semivocales
970 1201 1000 1255 et
1021 1203 1125 1256 mutas.
1172 1191 1184 1275 Η
1209 1192 1323 1255 vocales
1345 1193 1388 1254 di·

100 1309 223 1371 cuntur,
252 1300 319 1380 quia
348 1316 403 1377 per
430 1316 461 1358 se
489 1303 596 1358 sonant
623 1303 652 1373 et
678 1315 733 1377 per
761 1315 793 1357 se
820 1295 959 1376 syllabam
989 1296 1114 1367 iaciunt,
1144 1305 1173 1357 et
1195 1295 1292 1358 nullae
1315 1296 1388 1358 aliae

98 1401 214 1463 litterae
229 1402 293 1462 sine
307 1401 380 1479 ipsis
401 1405 525 1480 possunt
545 1397 685 1478 syllabam
708 1399 815 1461 iacere.
846 1406 1041 1461 consonantes
1063 1398 1215 1467 dicuntur,
1238 1399 1306 1478 quia
1328 1417 1388 1459 nou

99 1502 272 1566 naturaliter
293 1508 414 1572 sonant,
443 1500 494 1561 sed
518 1501 625 1561 mixtae
654 1519 721 1562 curn
744 1500 891 1563 vocalibus
913 1502 1119 1579 proteruntur3
1148 1520 1223 1581 quae
1245 1519 1305 1562 non
1327 1509 1386 1562 tam

99 1605 235 1667 ridentur
258 1623 348 1667 unum
371 1602 517 1683 quoddam
540 1620 662 1672 sonare,
686 1602 738 1663 sed
760 1605 842 1683 quasi
865 1603 972 1683 duplex
995 1622 1168 1665 consonare.
1198 1602 1386 1665 semivocales
1400 1621 1425 1664 m

98 1708 251 1779 dicuntur,
274 1707 341 1787 quia
364 1707 453 1766 semis
480 1704 589 1766 hahent
612 1705 648 1766 de
675 1713 819 1785 potestate
842 1705 994 1766 vocalium.
1040 1724 1107 1766 nam
1130 1725 1197 1767 cum
1220 1704 1335 1766 vocales
1357 1713 1386 1766 et

98 1828 152 1889 per
173 1828 206 1871 se
228 1815 335 1870 sonant
358 1815 386 1867 et
408 1825 462 1887 per
483 1825 515 1867 se
538 1805 677 1886 syllabam
700 1806 823 1876 iaciunt,
847 1808 919 1868 istae
942 1826 996 1886 per
1011 1826 1043 1868 se
1058 1807 1177 1887 quidem
1193 1813 1311 1877 sonant,
1333 1807 1385 1868 sed

97 1929 152 1992 per
172 1929 205 1972 se
232 1908 373 1990 syllabam
396 1927 455 1969 non
485 1908 604 1968 iaciunt.
649 1916 746 1969 mutae
777 1907 871 1969 dictae
894 1916 963 1970 sunt
985 1928 1034 1979 eo,
1059 1908 1138 1988 quod
1161 1908 1234 1969 nihil
1257 1907 1385 1970 habeant

97 2013 134 2075 de
155 2020 300 2094 potestate
321 2008 474 2072 vocalium.
519 2029 587 2070 nam
616 2029 671 2072 nec
699 2028 753 2087 per
780 2028 813 2071 se
840 2017 946 2071 sonant
974 2029 1028 2071 uec
1049 2029 1103 2089 per
1125 2030 1157 2073 se
1179 2009 1318 2091 syllabam
1341 2011 1384 2072 la·

97 2116 186 2177 ciunt.
217 2116 325 2176 etenim
347 2110 571 2175 semivocalibus
592 2114 617 2171 si
637 2111 775 2173 detrahas
798 2111 946 2173 naturales
968 2131 1077 2183 sonos,
1101 2113 1146 2174 vel
1167 2112 1317 2192 paululum
1333 2132 1381 2175 so·
1396 2130 1420 2175 m

97 2225 181 2289 nant;
204 2218 294 2279 mutis
315 2217 340 2276 si
363 2215 515 2282 detrahas,
538 2213 610 2274 nihil
633 2212 789 2275 sonabunt.
820 2213 934 2275 vocales
949 2222 1018 2276 suut
1039 2217 1178 2295 quinque,
1201 2235 1217 2276 a
1241 2235 1256 2276 e
1278 2217 1289 2275 i
1311 2235 1329 2277 o
1351 2236 1380 2278 u.

98 2337 132 2381 ex
152 2319 199 2381 his
222 2318 311 2388 duae,
339 2336 356 2378 e
384 2324 414 2378 ct
440 2337 472 2388 o,
503 2316 588 2377 aliter
615 2323 720 2377 sonant
747 2316 922 2396 productae,
951 2317 1036 2377 aliter
1063 2325 1227 2398 correptae.
1273 2335 1381 2379 namo

98 2420 270 2500 productum
284 2419 415 2500 ·quando
443 2427 500 2489 est,
530 2437 582 2480 ore
604 2417 717 2480 sublato
741 2439 796 2480 vox
817 2426 916 2489 sonat,
945 2428 977 2480 ut
998 2419 1105 2489 Roma:
1141 2421 1257 2500 quaudo
1280 2439 1381 2482 corre·

98 2530 191 2603 ptum,
215 2521 252 2583 de
274 2520 364 2583 labris
388 2539 442 2581 vox
464 2522 652 2602 exprimitur,
676 2529 709 2582 ut
729 2539 806 2583 rosa.
850 2523 922 2582 item
944 2541 961 2583 e
988 2521 1105 2601 quaudo
1128 2522 1314 2602 producitur,
1338 2525 1380 2584 ri·

97 2626 192 2687 ninum
207 2631 252 2686 est
267 2623 305 2685 ad
325 2640 430 2684 sonum
452 2625 463 2682 i
485 2621 614 2694 litterae,
638 2631 671 2685 ut
685 2631 776 2693 meta;
799 2623 916 2704 quando
931 2632 1028 2686 autem
1044 2631 1229 2705 correptum,
1252 2626 1379 2687 vicinum
1393 2642 1419 2684 ao

98 2734 138 2788 est
160 2726 197 2788 ad
219 2744 325 2789 sonum
347 2723 530 2804 diphthongi,
554 2733 586 2785 ut
608 2744 710 2805 equus.
740 2727 841 2787 ivero
866 2733 895 2787 et
916 2745 936 2787 u
959 2727 1052 2786 varias
1073 2725 1185 2789 hahent
1205 2733 1378 2804 potestates:

97 2836 161 2890 sunt
183 2830 263 2890 euim
285 2826 400 2889 vocales
422 2826 619 2888 consonantes
641 2827 754 2888 mediae
777 2827 848 2889 nihil
871 2827 1011 2907 digammi
1033 2828 1174 2907 duplices.
1206 2827 1258 2889 sed
1274 2837 1306 2889 ut
1320 2831 1380 2890 sint

97 2930 207 2993 vocales
235 2937 432 2991 consonantes
463 2937 493 2990 et
521 2929 648 3000 mediae,
676 2932 829 3011 utriusque
851 2929 965 2993 litterae
994 2938 1052 3001 est;
1081 2937 1113 2991 ut
1135 2937 1233 2991 autem
1256 2929 1329 2991 nihil
1351 2938 1380 2991 et

100 3033 261 3112 digammos
283 3033 336 3103 sit,
359 3050 378 3093 u
401 3030 516 3092 litterae
539 3038 598 3099 est:
622 3039 655 3092 ut
677 3030 785 3113 duplex
807 3034 857 3103 sit,
881 3033 917 3093 ad
939 3034 950 3093 i
972 3032 1098 3093 litteram
1121 3033 1257 3112 pertinet.
1293 3051 1379 3093 roca·

96 3133 135 3198 les
156 3144 253 3197 autem
276 3140 346 3196 snut
366 3135 377 3194 i
399 3141 428 3195 et
449 3153 482 3204 u,
506 3133 622 3214 quando
646 3133 690 3194 vel
712 3133 791 3194 solae
812 3135 924 3213 positae
947 3133 1072 3214 syllabas
1094 3133 1217 3203 iaciunt,
1248 3141 1280 3194 ut
1301 3153 1414 3196 unusne

95 3237 164 3310 itur,
197 3237 244 3298 vel
276 3235 394 3317 quando
416 3237 578 3315 iunguntur
607 3233 851 3305 consonantibus,
885 3243 918 3296 ut
949 3236 1027 3298 unda
1060 3234 1137 3296 inde.
1183 3242 1378 3297 consonantes

96 3348 188 3403 autem
209 3347 281 3401 tuno
303 3339 389 3408 liunt,
417 3338 534 3419 qnando
556 3339 637 3418 ipsae
658 3336 869 3416 praecedentes
895 3348 962 3416 post
983 3357 1015 3399 se
1038 3336 1148 3400 habent
1170 3336 1241 3399 alias
1262 3337 1377 3401 vocales

94 3442 122 3503 ln
147 3442 241 3505 isdem
271 3438 388 3521 syllabis
416 3442 602 3510 constitutas,
631 3448 663 3501 ut
684 3457 775 3500 vanus
797 3438 892 3500 lanus.
937 3442 1008 3520 quin
1036 3441 1124 3501 etiam
1152 3441 1232 3519 ipsae
1255 3438 1330 3503 duae
1352 3442 1377 3502 si

94 3543 167 3606 iuter
189 3562 222 3606 se
243 3544 420 3621 iungantur,
444 3561 518 3623 quae
541 3544 623 3621 prior
645 3551 689 3603 est
711 3542 743 3602 lit
764 3559 943 3613 consonans,
968 3551 997 3603 nt
1021 3542 1093 3603 luno
1116 3543 1182 3601 vita.
1204 3542 1292 3602 etiam
1315 3541 1375 3604 sola

95 3645 249 3727 uquaudo
279 3645 445 3722 geminatur
473 3652 502 3706 et
529 3642 670 3724 syllabam
698 3643 780 3714 lacit,
809 3662 883 3723 quae
911 3645 994 3725 prior
1016 3651 1060 3706 est
1082 3645 1114 3705 dt
1135 3662 1316 3715 consonans,
1344 3652 1414 3706 utto

94 3746 185 3810 vultus
213 3746 325 3826 vulgus.
371 3746 483 3807 mediae
511 3755 608 3809 autem
631 3755 701 3809 tuuc
724 3752 806 3816 sunt,
835 3745 954 3827 quando
980 3746 1143 3809 naturalem
1172 3765 1277 3808 sonum
1299 3748 1375 3808 reci·

93 3850 187 3928 piunt,
218 3857 250 3911 ut
276 3849 321 3909 vir
348 3849 489 3928 optimus:
512 3865 580 3909 nam
607 3847 685 3929 quod
714 3866 730 3908 e
758 3855 863 3909 contra
891 3867 1029 3911 sonamus
1057 3856 1089 3911 ut
1116 3848 1287 3919 scribimus,
1322 3849 1375 3911 sed

93 3952 197 4031 pingue
225 3952 326 4012 nescio
354 3949 424 4031 quid
451 3969 506 4030 pro
534 3950 660 4012 naturali
686 3968 760 4012 sono
787 3971 972 4033 usurpamus.
1017 3972 1036 4014 u
1064 3951 1161 4013 littera
1190 3970 1245 4013 nec
1267 3951 1375 4014 vocalis

94 4069 145 4114 nec
166 4070 333 4115 consonans
355 4058 413 4124 est,
436 4054 553 4133 quando
568 4053 692 4115 dicimus
706 4056 855 4135 quoniam.
885 4057 993 4117 etenim
1015 4072 1075 4116 non
1098 4062 1142 4116 est
1162 4053 1283 4127 vocalis,
1306 4057 1374 4136 qula

93 4172 153 4217 eam
175 4174 193 4216 o
216 4154 322 4217 vocalis
349 4156 551 4234 consequitur,
578 4164 607 4216 et
632 4158 759 4229 scimus,
788 4156 905 4239 quaudo
927 4164 994 4236 post
1015 4175 1048 4218 se
1070 4156 1158 4218 habet
1180 4156 1266 4218 aliam
1288 4177 1373 4220 roca·
1386 4177 1412 4221 es

92 4252 160 4330 lem,
191 4256 269 4338 quod
296 4257 328 4317 ut
356 4274 530 4319 consonans.
565 4275 624 4318 non
653 4265 750 4320 auteur
777 4265 873 4338 potest
901 4277 965 4321 esse
989 4256 1001 4344 ll
1025 4277 1210 4329 consonans,
1234 4262 1372 4340 quoniam

92 4375 148 4421 non
161 4362 225 4438 ipsa
240 4359 403 4438 praecedit,
427 4377 482 4420 nec
503 4366 686 4440 potestesse
708 4378 888 4431 consonans,
911 4362 967 4423 nisi
989 4360 1105 4441 quando
1127 4363 1190 4442 ipsa
1212 4363 1372 4443 praecedit.

154 4632 173 4685 8
194 4646 260 4698 quae
278 4647 328 4682 non
347 4632 494 4684 naturaliter
513 4633 536 4682 P
606 4632 636 4685 ll
665 4648 731 4699 qnae
752 4635 830 4685 semin
845 4633 871 4685 P
938 4632 972 4685 12
987 4647 1034 4701 per
1055 4648 1084 4685 ea
1101 4641 1176 4687 sonat
1195 4633 1219 4685 P
1286 4635 1321 4688 20
1337 4635 1371 4686 ad

84 4716 176 4754 anunm
195 4717 210 4752 a
228 4703 326 4753 litterae
345 4705 382 4753 P.
398 4703 432 4766 es.
451 4704 526 4770 Serg.
544 4703 600 4759 eod.
621 4701 734 4760 Levant.
748 4704 773 4771 f.
789 4703 824 4757 bb
909 4702 944 4757 td
965 4701 1037 4773 tude]
1053 4704 1123 4757 ludin
1140 4704 1166 4756 P
1247 4703 1283 4756 28
1298 4705 1335 4760 in.
1349 4705 1369 4761 i.

86 4772 167 4825 isdem
185 4772 211 4824 P
291 4771 361 4824 3011
380 4788 425 4824 om
443 4773 466 4823 P
545 4773 709 4842 bibenella
710 4772 1052 4841 musmonem
1144 4773 1371 4831 humano

85 4842 204 4896 dicuntur
223 4858 273 4909 qno
290 4844 435 4894 scribuntur
451 4841 558 4910 Sergios
577 4844 634 4896 eod.
653 4790 810 4913 ml·-
824 4844 852 4888 Ν
1332 4858 1371 4896 η.

86 4924 175 4966 namna
193 4927 225 4964 ae
293 4911 328 4966 36
345 4928 404 4965 esse
421 4926 521 4966 annm
537 4914 564 4966 P
740 4936 755 4955 ·-
