3314 5506
644 400 851 463 carnotina
871 401 884 462 Ι
904 401 1027 461 ta-tt
1436 399 1477 461 25

235 531 259 571 p.
274 518 369 561 ramos
383 518 407 559 r.
1271 528 1294 570 p.
1312 517 1389 560 omn
1404 517 1426 557 ι,

192 592 340 669 genetivo,
369 589 419 649 hic
436 608 500 650 mos
524 589 610 651 buius
635 591 739 658 moris;
767 597 902 667 correpta
924 588 1036 649 nullum
1059 588 1125 666 legi.
1170 607 1236 649 nnis
1262 606 1356 669 paene
1381 589 1477 649 omnia

191 694 336 755 mundae
357 700 428 752 sunt
444 691 646 753 declinationis
668 693 707 753 mi
724 692 857 753 facientia
880 691 1023 768 genetivo,
1046 690 1154 752 liumus
1169 690 1259 760 borni,
1279 690 1375 751 almus
1392 689 1476 760 almi;

190 803 293 857 amtro
311 813 384 855 vero
403 795 517 854 tertiae·
528 795 569 854 ris
584 794 691 855 facient
708 795 851 871 genetivo,
873 811 977 854 nemus
994 793 1132 861 nenioris,
1156 794 1317 854 secundum
1333 795 1476 854 rationem

189 905 364 959 munorum
388 914 424 957 us
445 896 682 966 terminatorum,
706 896 742 956 de
765 915 821 975 qua
848 897 1017 974 frequenter
1039 894 1203 956 docuimus.
1247 913 1338 956 unum
1361 910 1476 955 mascn-

189 999 236 1060 liui
258 999 381 1076 generis
407 998 464 1076 legi
492 999 596 1059 tertiae
623 997 825 1060 declinationis
851 1000 892 1058 ris
913 997 1023 1058 faciens
1050 999 1199 1073 genetivo,
1227 998 1274 1058 bic
1297 1014 1363 1057 mus
1390 995 1515 1060 buiusa

189 1102 289 1171 muris,
313 1108 346 1162 nt
366 1100 504 1161 Horatius

341 1203 558 1282 parturient
576 1200 738 1271 montes,
762 1208 940 1263 nascetur
963 1199 1151 1262 ridiculus
1170 1219 1262 1271 mus,

189 1314 215 1368 et
237 1324 333 1367 unum
356 1304 503 1366 secundae
526 1303 727 1364 declinationis
748 1311 778 1365 et
800 1312 922 1382 quartae
943 1321 976 1363 us
994 1304 1097 1363 liniens
1119 1304 1262 1380 genetivo,
1285 1303 1358 1364 baec
1373 1305 1477 1364 domus

188 1410 273 1470 buius
293 1410 399 1469 demes
419 1414 449 1467 et
467 1405 553 1467 buius
573 1406 665 1467 domi:
687 1393 846 1467 Terentius

340 1510 437 1570 domi
460 1509 610 1586 focique
634 1508 691 1569 fac
712 1507 880 1581 vicissim
902 1510 1133 1569 memineris.
1464 1530 1514 1571 n

189 1631 308 1674 memmi
331 1611 409 1672 dirus
430 1612 484 1679 rei,
909 1616 911 1620 ‘

245 1728 260 1752 ⁸
340 1732 408 1774 nec
430 1713 647 1774 meminisse
665 1714 746 1772 viae
769 1712 889 1773 media
911 1711 1112 1773 Palinurus
1135 1713 1170 1772 in
1197 1712 1301 1773 unda.

270 1816 332 1877 n‘as
359 1815 461 1876 Latina
494 1815 695 1876 indifferenter
722 1813 961 1884 decimabuntur,
992 1822 1042 1875 aut
1072 1816 1185 1892 primae
1219 1815 1422 1876 declinationis
1442 1834 1476 1876 ae

189 1919 322 1979 facientia
345 1919 490 1995 genetivo,
513 1923 544 1976 ut
567 1919 720 1978 Maecenas
742 1916 907 1986 blaecenae,
929 1922 979 1976 aut
1002 1919 1103 1977 tertiae
1125 1919 1161 1977 tis
1179 1918 1321 1985 facientia,
1345 1924 1378 1976 ut
1398 1916 1476 1978 lfac-

189 2022 306 2081 ecnatis.
352 2021 465 2082 Graeca
493 2020 595 2081 tertiae
622 2027 690 2080 sunt
716 2027 804 2081 acuto
828 2021 857 2078 iu
881 2019 1036 2079 norissima
1067 2017 1175 2099 syllaba
1202 2026 1303 2080 contra
1332 2021 1476 2080 rationem
1491 2041 1516 2082 rs

188 2122 308 2183 honae
338 2120 472 2199 linguae,
505 2123 556 2183 sed
580 2122 624 2182 dis
658 2121 791 2183 facientia
826 2113 1336 2200 genetivo,'bfaenasllbfnenadis,
1369 2122 1499 2182 nomen'

188 2222 335 2285 Bacchae:
368 2225 412 2283 sle
434 2224 552 2285 Persius
573 2233 603 2286 et
620 2224 767 2285 lforatins.
803 2242 856 2285 nes
877 2230 1014 2302 correpta
1036 2241 1095 2283 non
1117 2223 1189 2303 legi3
1231 2223 1374 2301 producta
1395 2241 1475 2290 vero,

188 2328 209 2386 si
240 2326 344 2386 Latina
382 2326 504 2397 fneriut,
537 2327 739 2388 indifferenter
769 2327 881 2405 primae
916 2325 960 2386 vel
993 2327 1097 2387 tertiae
1131 2325 1331 2386 declinationis
1363 2327 1477 2387 ratione

188 2427 355 2497 fleetuntur,
376 2436 409 2489 ut
429 2427 561 2490 Noranes
585 2428 719 2496 Nolaees,
744 2428 878 2489 Noranae
896 2428 940 2489 vel
963 2427 1110 2498 Nolanae,
1132 2428 1257 2489 Noranis
1280 2428 1324 2488 rel
1347 2427 1475 2489 Nolanis.

188 2532 299 2591 trecea
318 2547 389 2591 vero
410 2537 481 2591 tuuc
499 2532 611 2609 primae
626 2537 714 2591 erunt
736 2529 937 2591 declinationis
958 2530 1035 2608 apud
1055 2530 1183 2599 Latinos,
1207 2533 1232 2591 si
1254 2530 1331 2610 apud
1348 2532 1477 2593 Graecos
1489 2551 1516 2592 ao

187 2651 220 2690 oo
246 2633 374 2693 fecerint
404 2634 552 2711 genetivo,
590 2639 621 2691 nt
648 2632 793 2692 Hostanes
811 2621 954 2692 Ὁστάνου
981 2632 1068 2694 huius
1089 2633 1250 2703 Hostanes,
1280 2630 1477 2710 Δημοσθένης

190 2732 402 2811 Δημοσθένους
440 2733 527 2795 buius
560 2734 773 2798 Demosthenis.
825 2735 870 2795 nis
905 2736 1009 2796 tertiae
1040 2743 1109 2795 sunt
1141 2734 1266 2796 similem
1310 2736 1475 2812 genetivum

188 2837 364 2897 nominativo
386 2836 535 2905 facientia,
569 2845 601 2897 nt
622 2838 701 2897 canis
728 2838 837 2907 inanis,
872 2844 995 2916 excepto
1016 2855 1090 2907 nno,
1121 2838 1199 2916 qnod
1227 2840 1269 2898 ris
1291 2839 1360 2899 facit
1386 2856 1475 2916 geue·

187 2941 240 2998 tiro
264 2939 339 2999 einis
367 2940 484 3000 cineris.
522 2946 551 3000 et
582 2939 655 3000 baec
684 2939 794 3001 Latina.
839 2940 951 3000 Graeca
979 2941 1025 3000 nis
1052 2941 1206 3000 terminata
1230 2947 1281 3001 aut
1300 2942 1344 3000 nis
1367 2940 1476 3001 faciunt

186 3043 319 3118 genetivo
341 3046 392 3101 aut
416 3041 471 3110 dis,
491 3040 564 3103 baec
580 3040 707 3102 Philenis
722 3041 880 3103 Pbilenidis
899 3044 903 3120 Ι
923 3046 968 3103 nel
981 3043 1121 3113 Plotianis,
1145 3042 1287 3104 Dardanis
1302 3043 1474 3104 dardanidis
1487 3061 1513 3103 aa

186 3143 226 3203 rel
247 3142 403 3203 Dardanis.
449 3160 504 3203 nos
527 3145 630 3205 tertiae
652 3154 721 3204 sunt
740 3147 765 3204 is
787 3163 860 3224 pura
883 3145 1016 3205 facientia
1038 3145 1181 3222 genetivo,
1204 3163 1222 3204 o
1245 3147 1275 3205 in
1297 3147 1475 3206 nominativo

186 3245 339 3323 producta,
358 3245 388 3304 in
412 3247 546 3323 genetivo
568 3255 713 3325 correpta,
735 3253 767 3308 ut
787 3247 881 3307 llinos
903 3246 1015 3307 blinois.
1047 3265 1102 3308 irus
1121 3248 1219 3308 omnia
1241 3247 1387 3308 secundae
1407 3253 1477 3307 sunt

185 3346 404 3408 declinationis:
435 3365 502 3408 nam
524 3350 553 3409 ni
577 3348 687 3409 faciunt
715 3349 918 3426 ingenuino,
946 3348 1037 3409 Linus
1058 3348 1140 3419 Lini,
1170 3366 1260 3409 canus
1280 3350 1359 3418 cani,
1387 3366 1476 3409 sanus

185 3451 264 3520 sani,
288 3449 378 3510 lanus
398 3449 476 3518 lani,
503 3467 598 3510 annus
620 3453 705 3520 anni,
735 3452 910 3513 Severianus
931 3451 1095 3519 Severiani,
1125 3453 1223 3511 asinus
1246 3451 1334 3520 asini,
1364 3469 1475 3511 rannus

186 3554 280 3619 vanni,
306 3549 392 3612 aluus
413 3549 479 3620 alni,
500 3553 587 3632 pinus
609 3554 679 3632 pini,
703 3555 834 3634 exceptis
854 3552 971 3614 duobus
992 3554 1094 3614 tertiae
1114 3553 1330 3621 declinationis,
1354 3570 1414 3613 uno
1433 3553 1514 3612 risao

186 3653 310 3715 faciente
332 3654 483 3730 genetivo,
507 3654 606 3717 Venus
628 3655 762 3726 Veneris,
788 3655 880 3717 altero
903 3657 928 3716 is
948 3673 1021 3716 nora
1041 3655 1169 3725 ratione,
1195 3654 1269 3718 baec
1292 3672 1367 3717 auus
1387 3654 1476 3716 buius

186 3758 283 3817 anuis:
306 3755 463 3818 Terentius

335 3857 448 3920 huius
468 3860 576 3920 anuis
597 3879 726 3929 causa,
749 3861 898 3939 opinor,
923 3880 1016 3942 qnae
1039 3869 1118 3923 erat
1140 3867 1300 3930 mortua:

186 3966 213 4018 et
233 3959 352 4021 dnobus
372 3968 493 4039 quartae
513 3961 718 4023 declinationis
746 3980 803 4022 nus
826 3963 999 4024 facientibus
1028 3965 1177 4042 gernetivo,
1206 3963 1279 4025 baec
1301 3980 1406 4025 manus
1428 3964 1475 4024 bic

186 4062 280 4131 sinus,
302 4062 392 4123 huius
416 4080 522 4123 manus
542 4066 633 4125 siuns.
677 4083 744 4125 uam
768 4073 872 4126 neutra
898 4066 1016 4125 nomina
1044 4084 1099 4127 nus
1125 4067 1280 4126 terminata
1308 4067 1406 4127 omnia
1433 4067 1513 4128 risos

187 4161 294 4225 faciunt
316 4166 453 4242 genetivo
471 4167 633 4228 secundum
657 4168 815 4235 rationem,
839 4185 926 4247 qnam
948 4167 1184 4248 frequentissime
1207 4175 1274 4228 ante
1303 4171 1473 4230 monstravi.

186 4263 355 4328 hortamen
375 4270 452 4329 scire
475 4268 632 4338 debemus,
663 4271 742 4350 quod
764 4270 859 4331 omnis
880 4271 1077 4331 nominativus
1096 4288 1152 4330 trus
1179 4270 1353 4331 terminatus
1381 4274 1473 4332 corri-

246 4404 265 4457 6
283 4402 418 4471 flotarius]
437 4406 470 4454 de
486 4422 511 4456 a.
527 4422 556 4471 p.
578 4405 628 4459 tae
697 4409 712 4457 7
729 4407 872 4474 parturiens
889 4407 914 4456 B
984 4405 1094 4458 Plinius
1111 4406 1204 4458 domus
1222 4414 1247 4456 et
1262 4420 1308 4456 orn.
1326 4406 1360 4466 B,
1378 4407 1439 4456 odd.
1457 4421 1474 4464 ς

245 4473 396 4541 Terentius]
415 4474 528 4528 Eenurlt.
548 4478 595 4527 llll
614 4479 639 4537 f,
657 4479 691 4528 45
781 4475 813 4527 10
830 4475 871 4524 fac
888 4484 915 4525 ut
933 4477 1049 4527 uicissim
1068 4491 1084 4534 ς
1175 4478 1206 4529 te
1229 4475 1286 4542 nec]
1309 4477 1388 4541 Verp.
1409 4475 1473 4526 Aen.

185 4543 212 4592 flf
227 4547 278 4598 202
389 4545 423 4597 13
442 4544 493 4594 Nas
508 4572 543 4581 ·-
560 4547 593 4598 43
611 4562 749 4612 possumus
767 4547 892 4597 delectare
910 4546 1038 4598 Sacerdos
1053 4562 1080 4611 p.
1097 4549 1130 4598 52
1148 4564 1203 4613 sqq.
1308 4546 1339 4596 17
1358 4544 1473 4612 Persius]

182 4623 225 4666 aot.
245 4619 268 4676 l,
289 4616 351 4670 101.
375 4616 436 4667 toa.
454 4615 558 4667 Horatii
574 4620 691 4668 memorie
707 4618 844 4666 adnomen
862 4616 962 4681 Thyes,
985 4618 1052 4683 qnod
1070 4620 1095 4668 in
1113 4619 1200 4669 eodm
1216 4634 1245 4669 re
1262 4617 1416 4680 adscriptum
1436 4627 1475 4668 ert

181 4698 251 4749 upra
266 4704 296 4753 p.
319 4686 403 4748 1159,
427 4689 558 4749 pertinere
577 4689 676 4739 uidetur
755 4686 788 4738 19
809 4701 912 4736 roranes
933 4686 1013 4751 (eorr.
1037 4688 1157 4751 nerones)
1182 4689 1286 4740 uolones
1305 4686 1412 4738 nolanae
1432 4688 1473 4738 uel

181 4768 275 4810 nomme
291 4758 404 4809 neronis
425 4754 466 4804 uel
487 4757 582 4807 nefaris
599 4757 625 4807 B
692 4761 726 4809 25>
745 4757 811 4806 liaeo
826 4756 940 4806 Plrilenis
958 4757 1069 4824 philonis
1084 4760 1125 4808 trel
1144 4759 1294 4824 philonidis.
1313 4757 1439 4808 Dardanis
1456 4771 1473 4814 ς

179 4823 233 4878 brer
249 4831 336 4882 litenis
355 4825 476 4877 fifenidis
492 4826 612 4878 dardanis
631 4827 656 4878 B
743 4826 773 4878 31
801 4827 865 4876 haee
883 4828 957 4878 annis
976 4827 1050 4878 huius
1069 4831 1142 4878 anuis
1159 4829 1184 4878 B
1272 4829 1305 4879 ³2
1327 4823 1472 4895 Terentius]

177 4896 285 4954 Heauton
304 4903 363 4952 tim·
383 4898 407 4947 ll
428 4895 453 4954 3,
471 4897 505 4947 to
