3314 5506
478 382 674 445 tttstttvtu
698 383 840 445 ARTIVM
860 381 1028 447 814-828
1182 411 1185 417 ·
1341 387 1401 450 183

123 510 160 551 ρ.
180 500 272 544 31118
285 501 313 542 ll.
458 519 464 527 ·
1186 517 1209 558 p.
1220 504 1308 546 121-ἳὸ
1323 503 1350 545 V.

64 567 101 627 ‹le
134 587 265 642 carna,
296 573 436 653 quoniam
462 572 560 632 omnia
583 569 673 631 rerba
701 571 849 632 secundae
871 574 1084 649 coniugationis
1112 592 1255 653 praesens
1282 583 1400 657 tempus

65 671 166 731 noui
211 675 315 736 influiti
343 683 372 734 et
397 675 512 751 species
538 674 727 752 imperfectas
752 674 832 733 modi
859 675 979 752 optativi
1011 684 1041 736 et
1069 678 1248 738 coniunctiri
1277 697 1400 740 necesse

66 777 117 828 ott
147 783 205 836 ut
226 775 402 854 producant.

174 878 361 951 Quaeritur,
385 894 442 955 qua
467 877 505 939 de
527 895 614 938 eausa
635 878 748 937 intinito
771 878 860 938 modo
887 896 1049 957 suggerere
1071 888 1101 940 et
1119 883 1252 942 inserere
1273 882 1397 942 dicatur.

67 972 130 1033 bae
165 978 219 1040 de
236 997 340 1048 eausa,
361 979 501 1057 quoniam
524 978 613 1039 rerba
633 980 724 1039 activa
752 981 813 1040 sive
841 981 984 1042 neutralia
1013 984 1186 1060 imperativo
1208 984 1296 1044 inodo
1325 992 1398 1044 tem·
1423 1008 1436 1047 s

66 1076 171 1151 poris
204 1083 369 1160 praesentis
388 1081 565 1142 insecundo
586 1098 713 1158 persona
737 1084 853 1142 numeri
869 1081 1028 1159 singularis
1046 1102 1080 1144 re
1095 1083 1236 1163 syllabam
1251 1086 1400 1163 accipiunt

65 1180 97 1233 el
124 1178 299 1243 infinitum
322 1183 443 1243 modum
474 1184 619 1260 temporis
647 1186 813 1261 praesentis
840 1201 911 1245 suae
935 1184 1082 1263 qualitatis
1108 1186 1274 1246 ostendunt.
1319 1202 1399 1246 nune

66 1292 151 1338 cum
183 1283 429 1362 dieatVergilius
449 1286 622 1363 imperativo
645 1285 734 1345 modo
754 1284 953 1366 ‘sngflgere
975 1285 1051 1347 tela
1074 1287 1181 1347 mihi’
1204 1295 1234 1348 et
1253 1287 1397 1348 ‘insere

65 1493 262 1560 Suggerere
283 1495 312 1549 et
332 1489 466 1549 inserere
489 1487 587 1549 lacere
608 1490 816 1567 pronuntiavit.
1411 1511 1436 1554 ro

180 1587 353 1658 Quaeritur,
378 1606 436 1667 qua
454 1589 491 1648 de
509 1607 596 1651 causa
620 1588 769 1669 probunto
793 1599 822 1652 et
841 1608 900 1651 non
923 1590 1111 1670 probsbnnto
1133 1591 1231 1652 lacere
1254 1591 1396 1654 videatur.

65 1677 139 1742 bae
169 1690 344 1761 decanea,
372 1691 510 1770 quoniam
539 1691 645 1751 modus
673 1692 845 1753 indicativus
871 1694 1014 1771 temporis
1042 1694 1207 1772 praesentis
1228 1710 1245 1753 a
1266 1691 1398 1771 qualibet

65 1785 240 1859 qualitate
269 1811 305 1854 ex
330 1795 427 1872 prima
451 1809 580 1871 persona
612 1795 728 1853 numeri
751 1794 909 1872 singularis
934 1813 952 1853 o
975 1793 1108 1855 ultimum
1137 1797 1244 1855 omittit
1273 1802 1303 1855 et
1325 1802 1396 1854 unto

66 1880 386 1974 litteramque
406 1894 539 1956 futurum
559 1902 677 1974 tenipus
699 1895 778 1955 morli
800 1897 962 1975 imperativi
989 1897 1092 1956 tertiae
1114 1913 1258 1974 personae
1280 1897 1397 1958 numeri

67 1981 380 2061 nluntoosrenutt
1408 2018 1432 2059 s

184 2099 361 2171 Quaeritur,
387 2098 505 2177 quade
528 2115 614 2159 rausa
636 2100 717 2160 secui
744 2106 773 2159 et
793 2116 852 2160 non
875 2101 958 2178 sequi
985 2099 1107 2161 dicatur.
1153 2099 1210 2160 bae
1235 2099 1273 2160 de
1295 2117 1393 2170 causa,

70 2200 237 2262 quoniam
259 2217 465 2280 quaecumque
493 2200 581 2261 verba
604 2200 693 2260 modo
719 2201 874 2261 indicativo
899 2203 1039 2278 temporis
1057 2202 1223 2280 praesentis
1246 2203 1276 2260 in
1298 2202 1393 2280 prima

71 2303 226 2363 uersum
253 2302 371 2363 numeri
393 2301 550 2379 singularis
576 2309 643 2363 ante
665 2322 683 2364 o
705 2302 840 2364 ultimum
866 2320 883 2362 o
904 2302 1032 2364 litteram
1057 2302 1167 2365 babent
1194 2304 1391 2373 constitutam,
1505 2315 1513 2335 ’

73 2385 167 2458 ὴΰθο
196 2406 223 2464 in
245 2403 351 2466 eodem
373 2403 462 2465 modo
484 2406 585 2484 speeie
605 2404 735 2482 perlecta
765 2423 800 2465 ex
822 2407 918 2485 prima
942 2423 1069 2484 persona
1099 2406 1215 2466 numeri
1237 2404 1393 2483 singularis

75 2504 258 2584 ¹¹¹¹utquam
284 2505 335 2594 qui
362 2504 473 2584 syllaba
500 2506 688 2567 definiuntur.
734 2509 900 2584 quaeritur,
933 2525 990 2586 qua
1018 2506 1167 2567 decanea
1192 2507 1431 2569 acuietnonro

78 2603 162 2672 '‘llli
192 2607 313 2669 dicatur.
358 2606 413 2668 bac
433 2608 470 2668 do
492 2625 595 2677 eausa,
626 2610 763 2687 qnoniam
786 2627 991 2690 quaecumque
1012 2606 1102 2669 rerba
1124 2608 1212 2671 modo
1236 2608 1392 2669 indicativo

80 2698 241 2781 teulporis
260 2711 428 2788 praesentis
449 2727 490 2770 uo
510 2707 615 2770 litteris
637 2711 771 2772 discretis
793 2709 995 2791 deiilniuntor,
1024 2710 1097 2770 baec
1123 2712 1153 2770 in
1175 2710 1280 2770 eorlem
1303 2711 1391 2770 modo

82 2805 199 2872 *nette
217 2813 347 2892 pertoeta
375 2829 411 2872 ex
433 2813 527 2890 prima
549 2829 677 2890 persona
706 2814 821 2872 numeri
842 2810 998 2889 singularis
1021 2830 1182 2891 numquam
1211 2813 1260 2891 qui
1281 2812 1391 2892 syllaba

86 2896 300 2976 “minantur

187 3012 355 3085 Quaeritur,
384 3013 500 3094 quade
522 3033 609 3076 causa
634 3015 705 3092 ungi
731 3023 760 3077 et
781 3032 841 3075 noo
863 3018 968 3094 ongeri
990 3017 1088 3078 lacere
1113 3015 1288 3094 reperiatur.
1334 3015 1428 3076 baers

92 3093 123 3157 ⁸¹⁰
147 3128 260 3188 causa,
288 3119 428 3198 quoniam
455 3134 661 3196 quaecumque
688 3119 807 3194 generis
835 3119 941 3195 passivi
968 3120 1028 3179 sive
1049 3102 1223 3196 deponentis
1244 3115 1287 3177 vel
1310 3135 1390 3177 uom-

93 3211 303 3309 ¹f¹¹¹¹tisrerba
323 3220 428 3281 tertiae
450 3221 665 3296 coniugationis
686 3230 842 3298 correptae
864 3237 928 3281 esse
950 3220 1155 3298 reperiuntur,
1186 3219 1260 3279 liaeo
1280 3219 1390 3280 indica·

93 3302 145 3364 ¹¹¹⁰
178 3321 265 3382 ruodo
286 3323 429 3401 temporis
450 3323 614 3399 praesentis
642 3339 677 3381 er
700 3323 830 3383 secunda
852 3340 979 3401 persona
1005 3322 1123 3382 numeri
1144 3319 1301 3396 singularis
1323 3319 1388 3381 ulti·

91 3413 178 3508 91111
196 3421 336 3503 syllabam
358 3424 497 3484 omittunt
516 3430 545 3484 et
567 3441 583 3483 e
606 3433 779 3501 sequentem
799 3426 829 3483 in
854 3423 1004 3484 ilitteram
1025 3428 1197 3483 convertunt
1220 3430 1248 3482 et
1267 3422 1387 3482 modum

89 3504 241 3586 '⁰⁶1¹an
262 3527 405 3605 temporis
425 3525 589 3605 praesentis
609 3526 784 3594 ostendunt;
813 3535 842 3587 et
865 3525 931 3586 ideo
951 3525 1070 3602 ungeris
1091 3525 1177 3601 ungi,
1201 3541 1259 3582 non
1282 3525 1427 3601 ungerioo

87 3599 197 3687 “Qvo
213 3629 430 3707 pronuntiatur.
475 3629 546 3688 item
568 3625 624 3687 alia
645 3625 795 3705 probatio,
823 3646 879 3708 qua
902 3628 987 3704 ungi,
1011 3644 1068 3685 non
1090 3627 1195 3701 ungeri
1220 3626 1319 3686 lacere
1341 3643 1389 3685 re-

82 3715 244 3791 W'iaturj
279 3729 336 3791 buo
356 3729 393 3791 de
413 3747 515 3798 eausa,
542 3731 681 3809 qnoniam
703 3747 906 3809 quaecumque
929 3727 1020 3789 verba
1046 3730 1151 3788 tertiae
1174 3727 1389 3803 coniugationis

80 3818 251 3916 ΜΝ
271 3833 445 3911 imperativo
467 3832 557 3892 morlo
578 3832 720 3909 temporis
740 3833 905 3910 praesentis
924 3849 959 3891 ex
977 3829 1107 3892 secunda
1125 3846 1252 3907 persona
1272 3830 1388 3890 numeri

77 3919 254 4015 ,menum
274 3953 290 3995 e
311 3931 408 3994 littera
433 3932 544 3995 scilieet
567 3943 703 4012 correpta
733 3935 943 4001 terminantur,
972 3932 1047 3993 baec
1075 3931 1199 3992 eandem
1222 3950 1239 3991 e
1261 3928 1387 3991 litteram

76 4021 100 4064 ¹⁰
129 4019 150 4080 ἰ
181 4041 351 4096 convertunt
379 4041 408 4095 et
434 4036 577 4096 inlinitum
600 4035 720 4096 modum
747 4035 890 4113 temporis
910 4037 1075 4114 praesentis
1103 4035 1132 4093 in
1160 4033 1248 4093 modo
1270 4036 1426 4111 passimus

74 4118 269 4206 mendum,-
291 4143 321 4198 et
342 4135 410 4197 ideo
431 4139 510 4215 ungi,
532 4155 592 4197 non
611 4139 718 4215 ungeri
739 4136 837 4197 lacere
860 4138 1076 4213 pronuntiatur.

184 4235 352 4307 Quaeritur.
374 4255 432 4317 qua
455 4239 492 4300 tle
514 4257 603 4301 causa
623 4256 704 4317 ungo
726 4245 755 4301 et
776 4256 837 4298 non
859 4256 956 4316 ungeo
982 4239 1080 4299 lacere
1102 4234 1286 4320 reperiantur.
1332 4236 1387 4297 bac

75 4308 115 4370 ‘¹²
150 4353 249 4410 mma,
272 4342 411 4420 qnoniam
434 4359 639 4421 quaecumque
659 4340 747 4403 verba
771 4340 859 4401 modo
879 4340 1034 4401 indicativo
1058 4339 1200 4416 temporis
1221 4339 1387 4416 praesentis

81 4551 87 4560 .
171 4509 321 4575 lprueseos
338 4519 438 4578 tempus
456 4511 506 4561 tw
523 4511 652 4576 praesenti
669 4520 783 4576 ternpore
802 4528 817 4560 r·
912 4511 1048 4574 2species
1065 4507 1229 4572 imperfectas
1247 4506 1267 4555 B
1285 4509 1386 4572 speeies

82 4564 236 4669 'J'Ptrterto
254 4581 277 4631 11
295 4582 383 4647 specie
402 4582 543 4646 inperleots
561 4598 576 4630 r
663 4580 679 4631 3
698 4581 838 4647 producant
857 4580 882 4629 B
900 4581 1056 4645 producatur
1070 4579 1093 4629 n
1112 4580 1284 4643 producantur
1302 4594 1317 4626 r

86 4641 227 4740 x¹¹¹floito
242 4651 318 4700 morlo
333 4666 379 4700 om.
396 4650 428 4714 11,
447 4652 510 4704 add.
530 4668 559 4701 ro
618 4666 758 4716 suggerere
777 4651 801 4700 B
820 4649 972 4715 suggerell
1042 4646 1200 4713 tlsuggere]
1221 4647 1300 4711 Verg.
1317 4647 1383 4696 Aen.

138 4706 192 4769 383
256 4720 307 4771 tels
324 4721 348 4771 11
366 4730 390 4770 te
407 4720 433 4771 B
500 4719 595 4786 insere]
622 4723 701 4784 Verp.
720 4721 800 4770 bucol.
823 4721 845 4780 l,
865 4721 899 4769 74
960 4718 1119 4784 tltemporls
1135 4717 1274 4783 praesentis
1293 4731 1339 4765 om.
1354 4715 1384 4774 ll,

92 4766 235 4907 ’ἑξέτη
278 4789 311 4840 18
329 4807 344 4841 o
363 4791 472 4841 litteram
490 4807 506 4839 r
523 4807 539 4841 o
558 4791 666 4855 litteram
682 4791 704 4841 tr
722 4807 736 4840 e
752 4791 860 4840 litteram
876 4789 901 4838 B
983 4788 1018 4840 36
1034 4787 1213 4854 pronuntiatur
1232 4785 1257 4834 B
1274 4799 1385 4851 pronun·
