3346 5506
814 1221 837 1273 1.

589 1359 632 1428 Μ.
660 1357 867 1427 VALERll
900 1355 1051 1428 PROBl

273 1505 331 1601 tlt
357 1507 589 1604 ttttltut
616 1508 990 1604 Sldllllullllllll
1018 1510 1375 1607 FRAGMENTVM.

733 1798 910 1808 ——-—

262 2020 293 2077 ll.
308 2019 431 2078 Valerius
446 2020 551 2077 Probus
565 2021 702 2096 berytius,
724 2025 771 2097 qui
792 2023 885 2078 iloruit
905 2023 1055 2096 imperante
1070 2020 1175 2076 Nerone
1197 2029 1224 2077 et
1244 2022 1277 2079 ad
1289 2023 1467 2080 Domitianum

200 2119 267 2178 usque
280 2107 359 2163 vitam
375 2105 481 2162 videtur
496 2109 678 2181 protraxisse,
695 2124 755 2164 cum
772 2115 913 2164 auctorum
930 2105 1128 2181 exemplaribus
1143 2106 1315 2162 emendandis
1331 2114 1358 2162 et
1373 2108 1469 2164 distin·

198 2189 290 2259 mendis
304 2192 417 2247 maxime
432 2198 552 2253 vacaret.
575 2198 644 2246 teste
665 2191 795 2248 Suetonio
819 2187 939 2266 (gramm.
956 2191 1000 2263 tl)
1018 2192 1121 2265 ‘pauca
1142 2198 1247 2247 tantum
1269 2200 1297 2248 et
1317 2195 1413 2265 exigua
1436 2194 1468 2250 de

198 2273 335 2344 quibasdam
351 2276 464 2331 minutis
478 2276 694 2349 quaestiunculis
710 2276 806 2338 edidit.
833 2276 944 2350 reliquit
959 2285 1048 2332 autem
1064 2293 1119 2332 non
1134 2277 1295 2332 mediocrem
1312 2277 1405 2333 silvam
1421 2278 1468 2334 ob-

198 2360 358 2417 servationum
374 2363 509 2416 sermonis
524 2361 652 2435 antiqui'‚
675 2361 774 2434 quibus
790 2369 922 2434 quantum
938 2364 1033 2417 aetatis
1051 2361 1168 2417 labentis
1183 2364 1349 2433 grammatici
1365 2363 1469 2419 Diome·

199 2439 233 2497 ies
245 2447 352 2501 maxime
367 2453 395 2499 et
409 2444 564 2501 Priscianus
579 2443 703 2508 debeant.
719 2446 812 2502 docuit
827 2446 930 2501 lleilins
945 2448 972 2500 in
989 2446 1063 2501 roll
1079 2445 1162 2519 praei.
1179 2464 1205 2519 p.
1219 2445 1263 2500 Lll
1273 2464 1313 2520 sq.
1343 2446 1468 2503 Eiusdem

199 2541 244 2582 use
255 2528 323 2586 bunc
337 2529 371 2585 de
385 2527 485 2586 litteris
503 2529 687 2604 singularibus
704 2538 848 2586 tractatum
864 2547 924 2586 cum
940 2530 1047 2587 codices
1068 2529 1200 2604 probant.
1222 2548 1338 2604 quorum
1355 2535 1400 2605 qni
1417 2533 1468 2589 lide

200 2609 559 2682 dgnisunt‘ValeriiProbi’
576 2630 637 2669 eum
649 2631 710 2670 esse
726 2613 857 2676 scribunt,
875 2623 931 2670 tum
947 2617 1035 2689 ipsum
1052 2622 1251 2688 argumentum.
1274 2614 1338 2672 Nam
1350 2619 1468 2690 primurn

200 2694 282 2753 nullum
295 2698 423 2755 indicium
436 2706 509 2754 extat
523 2700 551 2754 in
565 2698 667 2762 libello,
683 2699 756 2773 quod
772 2700 805 2755 ad
820 2707 935 2757 aetatem
950 2699 1031 2756 ducat
1042 2698 1148 2756 Nerone
1163 2702 1359 2774 posteriorem;
1376 2718 1469 2758 recen-

202 2778 283 2838 tissima
302 2784 372 2839 enim
395 2798 464 2856 quae
483 2782 520 2839 ibi
542 2791 705 2846 occurrunt.
728 2792 793 2840 sunt
815 2785 857 2840 lex
873 2783 938 2841 lulla
953 2786 1071 2859 Augusti
1093 2785 1126 2840 de
1149 2785 1289 2841 adulteriis
1311 2787 1468 2842 coercendis

202 2859 227 2930 (l.
239 2862 273 2939 lt)
288 2875 314 2923 et
327 2875 394 2924 nota
408 2866 457 2923 ct.
472 2885 524 2942 pro
540 2867 650 2924 Claudio
666 2867 701 2940 (2,
718 2868 753 2940 8),
766 2869 840 2943 qnod
854 2871 964 2926 unicum
979 2869 1017 2924 ibi
1032 2872 1170 2943 reperitur
1184 2873 1302 2925 nonrinis
1318 2886 1372 2925 non
1388 2871 1467 2945 plene

203 2949 276 3023 eupit
288 2951 452 3027 exemplum.
475 2953 621 3010 coniuncta
642 2968 707 3010 sane
727 2970 788 3010 eum
809 2960 891 3011 notae
906 2953 1025 3010 eiusdem
1041 2971 1093 3010 usu
1114 2954 1141 3009 in
1157 2957 1274 3009 nummis
1295 2971 1350 3009 non
1365 2954 1467 3011 Claudii

203 3028 362 3105 bunaria,
384 3035 432 3093 sed
452 3039 480 3094 in
501 3036 662 3111 quibusdam
684 3039 805 3112 quamvis
825 3040 896 3096 raris
916 3046 944 3094 et
964 3040 1031 3112 ipsis
1050 3037 1174 3094 Neronis.
1218 3039 1284 3095 ltem
1306 3040 1378 3112 quod
1399 3039 1468 3112 legis

204 3117 312 3178 Quum
332 3129 440 3178 mature
458 3121 620 3179 abolitarum
635 3132 716 3180 notas
731 3125 849 3197 scriptor
871 3123 980 3180 curiose
995 3125 1183 3196 persequitur.
1206 3124 1343 3180 curiarum
1359 3141 1468 3197 quoque

203 3203 353 3262 astudam
375 3222 431 3262 non
452 3206 532 3281 plane
552 3209 707 3281 praeteriit,
733 3208 849 3282 denique
871 3224 925 3263 non
944 3206 977 3262 de
998 3207 1086 3263 edicto
1107 3215 1241 3281 perpetuo
1262 3207 1398 3281 loquitur,
1421 3209 1468 3263 sed

204 3288 326 3346 munaum
346 3292 484 3364 antiquam
501 3291 725 3348 consuetudinem
745 3292 778 3348 de
794 3291 889 3350 edictis
905 3294 1045 3365 perpetuis
1068 3288 1096 3362 (S
1111 3296 1127 3345 5
1144 3294 1226 3348 inser.
1242 3292 1278 3347 el.
1294 3292 1347 3347 Cic.
1364 3292 1397 3348 ad
1412 3294 1468 3347 dit.

202 3364 303 3438 6.1,1ἔ);
324 3376 424 3432 dscon.
440 3378 468 3432 in
483 3375 589 3432 Cornel.
606 3394 633 3451 p,
649 3380 682 3430 58
697 3375 794 3438 orell:
816 3377 872 3433 Gai.
888 3379 912 3439 1,
927 3372 969 3451 e),
984 3384 1015 3432 ut
1030 3374 1081 3431 alia
1096 3378 1199 3432 mittam
1215 3379 1273 3431 eius
1289 3378 1397 3448 generis
1414 3393 1468 3432 non

202 3461 278 3520 lites.
297 3476 366 3533 quae
380 3461 489 3517 curiose
503 3461 709 3534 investigantem
724 3479 778 3518 non
794 3462 913 3533 fugient,
939 3468 1078 3517 auctorem
1093 3460 1212 3516 indicant
1227 3462 1344 3534 optimae
1359 3463 1467 3517 aetatis.

202 3525 332 3601 locutam
346 3552 451 3607 autem.
476 3561 556 3619 quem
577 3545 720 3609 babemus,
743 3563 798 3602 non
818 3547 956 3618 integrum
977 3560 1038 3600 esse
1059 3546 1145 3618 prima
1160 3545 1240 3601 rerba
1255 3544 1408 3601 luculenter
1423 3546 1468 3599 dc·
1523 3613 1525 3616 Ι

200 3626 342 3693 morsuram
368 3628 485 3704 denique
504 3631 661 3705 inscriptio.
686 3646 755 3705 quae
775 3630 898 3687 inbonis
920 3630 996 3687 libris
1011 3630 1077 3685 baec
1097 3637 1140 3684 est
1159 3627 1212 3685 ‘de
1227 3631 1300 3684 iuris
1314 3631 1467 3685 notarum’

200 3698 232 3756 'tl
243 3705 323 3770 ‘iuria
335 3714 499 3778 motarum',
520 3730 607 3790 neque
627 3724 789 3789 argumento
809 3714 893 3772 libelli
915 3716 981 3772 satis
1002 3723 1065 3788 apta
1079 3722 1122 3770 est
1136 3730 1224 3788 neque
1240 3716 1349 3770 omnino
1364 3714 1467 3771 Latina.

199 3777 317 3855 Saliarem
333 3816 395 3856 enm
407 3815 468 3856 esse
483 3816 514 3856 ex
529 3798 611 3856 Probi
626 3797 927 3862 ‘commentationum'.
943 3817 1011 3874 quas
1026 3800 1093 3855 citat
1107 3798 1228 3872 generali
1243 3802 1352 3854 nomine
1366 3799 1468 3855 Gellius

199 3864 280 3945 Μ),
292 3882 385 3958 aliquo
400 3883 536 3941 volumine
551 3886 593 3940 vir
608 3885 718 3941 dubium
734 3893 791 3946 est,
809 3888 886 3942 cuius
901 3901 962 3942 eum
978 3886 1047 3941 ratio
1063 3892 1091 3940 et
1106 3886 1248 3957 inscriptio
1264 3884 1343 3939 bodie
1358 3884 1469 3940 demon·

196 3959 261 4020 ⁸ltrri
273 3984 326 4025 uon
348 3968 470 4043 possint.
492 3970 544 4025 boc
559 3976 663 4025 tantuna
678 3970 803 4027 conicere
822 3970 886 4026 licet
900 3970 1019 4026 tortasse
1033 3969 1208 4027 coniunctum
1223 3984 1283 4024 eum
1300 3969 1385 4025 tuisse
1406 3986 1467 4026 curn

195 4026 260 4106 ¹'told
280 4055 472 4110 commentario
499 4054 546 4128 qui
570 4055 671 4110 citatur
690 4054 762 4128 apud
783 4053 897 4110 Gellium
913 4056 985 4115 17,9
1005 4052 1059 4109 ‘de
1080 4056 1191 4110 occulta
1205 4055 1368 4109 litterarum
1382 4056 1469 4127 signi·

191 4119 308 4193 &atone
321 4139 351 4193 iu
366 4139 555 4209 epistularum
567 4136 738 4195 Ccaesarts
750 4137 923 4211 seriptura'.
946 4140 1142 4211 Argumentum
1158 4138 1295 4212 quomodo
1309 4146 1470 4212 persecutu-

191 4216 235 4271 ¹*ua
246 4222 286 4282 sit.
300 4223 360 4296 ipse
372 4221 480 4279 Probus
495 4222 596 4279 indicat
610 4222 810 4298 quodammodo
826 4223 915 4280 verbis
930 4224 1121 4297 praelationis:
1144 4224 1221 4294 quod
1234 4226 1262 4277 in
1274 4224 1469 4294 praenomini-

190 4286 244 4369 lm,
255 4306 361 4378 witus
376 4307 517 4379 publicis,
540 4309 763 4381 pontificumque
783 4309 971 4365 monumentis
989 4313 1018 4364 et
1030 4308 1060 4362 io
1075 4309 1149 4363 iuria
1162 4308 1252 4363 ciuilis
1271 4308 1351 4363 libris
1371 4310 1469 4363 etiam·

189 4388 257 4445 ’ttae
269 4397 380 4452 manete
401 4408 464 4448 nam
478 4395 674 4464 praenomina
694 4393 834 4467 pertinent
852 4393 885 4448 ad
900 4394 1055 4449 notationes
1070 4409 1130 4454 eas,
1153 4407 1222 4465 quae
1243 4393 1270 4448 in
1285 4393 1469 4448 monumentis

187 4468 300 4535 lbnmts
315 4484 343 4532 et
358 4477 386 4531 in
401 4475 578 4533 historiarum
592 4476 671 4534 libris
687 4477 827 4552 sacrisque
840 4476 958 4553 publicis
972 4477 1157 4550 reperiuntur,
1172 4476 1253 4532 idest
1267 4477 1468 4533 adnotationes

187 4559 247 4613 usus
259 4559 404 4633 generalis,
420 4576 491 4634 quae
503 4560 600 4619 deinde
615 4561 634 4634 S
649 4566 666 4615 2
680 4569 728 4619 ant
742 4568 937 4619 enumerantur
951 4568 999 4619 aut
1013 4567 1087 4617 certe
1101 4560 1269 4625 indicantum
1288 4567 1384 4617 contra
1398 4577 1468 4634 quae

185 4649 330 4715 tenuantur
343 4646 510 4703 conveniunt
524 4645 552 4702 in
567 4645 606 4719 ss
621 4648 648 4703 3.
662 4651 717 4703 ab
732 4646 773 4704 sic
785 4647 945 4721 inscriptas:
966 4647 1080 4702 litterae
1093 4646 1257 4719 angulares
1271 4646 1301 4701 in
1315 4647 1380 4701 iure
1394 4645 1472 4701 cicili

187 4720 210 4795 ll
221 4726 255 4783 de
269 4728 377 4802 lepibaoe
390 4734 419 4785 et
428 4730 602 4801 plebiscitis:
623 4727 650 4809 2)
664 4733 695 4788 im
709 4732 780 4804 lepis
793 4730 968 4792 actionibus
987 4730 1013 4797 a)
1027 4730 1059 4786 im
1071 4730 1171 4788 edictis
1181 4731 1341 4803 perpetuis,
1356 4736 1388 4785 ut
1401 4729 1468 4801 legi·

186 4800 232 4866 ltus
246 4819 273 4868 et
285 4811 439 4888 plebiscitis
451 4814 636 4889 respondeant
655 4815 835 4890 praelationis
853 4814 930 4889 leger
943 4812 1084 4891 publicae.
1104 4814 1177 4891 legia
1190 4813 1346 4873 moenem
1360 4813 1470 4889 pontili-
