3346 5506
136 884 406 1121 dorsis(

147 1205 324 1301 ttltll
355 1202 417 1300 ul
451 1204 707 1300 PARTIBVS
740 1204 1008 1301 tullltltls
1041 1207 1135 1301 illd
1167 1206 1339 1302 ullttt

183 1663 284 1726 Partes
305 1665 445 1726 orationis
467 1672 538 1744 quot
560 1664 646 1725 souti
683 1664 766 1725 Octo.
805 1664 902 1735 Quae?
939 1664 1051 1725 Nomen
1073 1682 1236 1744 pronomen
1264 1664 1385 1727 verbum

113 1762 267 1827 adverbium
290 1767 475 1847 participium
500 1767 667 1828 coniunctio
690 1767 868 1846 praepositio
891 1766 1065 1827 interiectio.

628 1936 675 1997 DE
698 1935 850 1997 NObllNE.

181 2071 294 2134 Nomen
317 2072 386 2154 quid
408 2072 470 2135 esti
512 2071 584 2134 Pars
613 2073 755 2134 orationis
783 2091 849 2134 cum
877 2090 947 2134 casu
974 2089 1082 2150 corpus
1110 2079 1160 2135 aut
1180 2091 1244 2134 rem
1266 2075 1387 2154 propriu
1400 2052 1418 2133 ὲ.

110 2176 328 2237 communiterve
356 2176 532 2255 significans.
577 2174 696 2236 Nomini
729 2182 800 2254 quot
827 2173 980 2236 accidunt?
1020 2172 1087 2236 Sex.
1125 2174 1223 2246 Quael
1258 2175 1389 2248 Qualitas

109 2278 269 2358 conparatio
297 2295 390 2356 genus
419 2294 561 2338 uumerus
588 2277 681 2356 ligura
705 2294 799 2338 casus.
844 2276 974 2348 Qualitas
1002 2278 1154 2338 nominum
1182 2277 1213 2338 in
1241 2295 1299 2359 quo
1326 2280 1388 2341 cst?

107 2376 238 2460 bipertita
254 2387 313 2442 est:
338 2388 388 2442 aut
410 2381 487 2442 enim
510 2380 598 2440 unius
620 2397 729 2440 nomen
745 2386 789 2439 est
811 2387 841 2440 et
856 2379 1008 2459 proprium
1024 2379 1146 2449 dieitur,
1163 2389 1213 2441 aut
1226 2378 1386 2443 multorum

107 2488 131 2542 et
149 2480 363 2563 appellativum.
408 2481 632 2561 Couparationis
654 2480 763 2558 gradus
791 2490 863 2561 quot
884 2482 969 2542 sunt?
1002 2481 1084 2543 Tres.
1107 2481 1198 2554 -Quit
1235 2482 1387 2554 Positirus,

105 2589 132 2644 nt
151 2583 270 2656 doctus,
293 2585 512 2665 conparativus,
536 2592 568 2643 ut
590 2582 712 2656 doctior,
736 2581 938 2662 superlativus,
961 2590 994 2644 ut
1007 2583 1201 2647 doctissimus.
1238 2585 1319 2658 Quae
1334 2604 1386 2647 no·
1402 2580 1426 2643 td

105 2686 176 2748 mina
197 2687 416 2767 conparantur?
448 2684 629 2766 Appellativa
645 2684 796 2747 dumtaxat
817 2683 987 2765 qualitatem
1010 2694 1060 2747 aut
1082 2688 1273 2766 quantitatem
1296 2690 1386 2767 sigui·

105 2786 221 2852 litantia.
252 2788 461 2869 Conparatirus
483 2787 592 2866 gradus
614 2789 661 2849 cui
682 2789 764 2849 casui
786 2788 892 2849 serviti
921 2786 1053 2850 Ablatiro
1075 2790 1139 2849 sine
1154 2791 1385 2870 praepositione:

105 2887 222 2954 dicimus
242 2892 322 2954 enim
344 2891 477 2952 ‘doctior
504 2888 582 2952 illo'.
628 2888 829 2969 Superlativus
856 2890 923 2950 cuit
967 2891 1107 2952 Genetiro
1130 2898 1244 2952 tantum
1266 2890 1386 2971 plurali:

104 2990 221 3056 dicimus
242 2994 320 3055 enim
343 2992 546 3054 ‘doctissimus
567 2995 753 3072 poetarum'.
787 2991 903 3053 Genera
919 2993 1071 3054 nominum
1094 3000 1165 3071 quot
1179 2993 1264 3053 sunti
1297 2992 1385 3064 Quat·

104 3101 172 3158 tuor.
212 3094 312 3168 Quae?
348 3093 557 3165 blasculinum,
586 3103 617 3155 ut
650 3093 699 3155 hic
727 3095 883 3173 magister,
912 3094 1100 3165 femininum,
1130 3102 1162 3155 ut
1194 3093 1266 3155 ltaec
1294 3094 1385 3164 blusa,
1401 3098 1424 3153 ta

105 3205 249 3269 neumam,
271 3207 305 3259 ut
325 3197 382 3259 boc
403 3214 569 3266 scamnum,
593 3214 764 3266 commuue,
787 3203 821 3257 ut
842 3195 890 3256 bic
912 3203 942 3257 et
963 3196 1036 3257 baec
1058 3197 1205 3257 sacerdos.
1234 3205 1279 3258 est
1300 3216 1385 3278 prae-

104 3305 178 3362 terea
198 3301 289 3362 trium
311 3316 469 3378 generum,
492 3298 570 3379 quod
593 3316 681 3359 omne
704 3297 825 3369 dieitur,
848 3307 880 3360 ut
902 3298 951 3359 bic
973 3308 1002 3360 et
1024 3298 1097 3358 baec
1119 3306 1149 3359 et
1170 3298 1226 3359 boc
1241 3297 1326 3370 lelix;
1342 3308 1387 3360 est

105 3403 273 3480 epicoenon,
296 3400 326 3462 id
347 3408 393 3462 est
414 3402 629 3480 promiscuum,
658 3408 690 3461 ut
717 3419 818 3480 passer
840 3398 946 3480 aquila.
992 3400 1114 3461 Numeri
1140 3401 1292 3462 nominum
1315 3411 1386 3481 quot

105 3505 183 3567 aunt?
215 3504 288 3566 Iino.
322 3503 395 3576 Quii
429 3502 605 3582 Singularis,
636 3510 667 3563 ut
695 3503 743 3563 bie
773 3502 929 3580 magister,
958 3499 1094 3582 pluralia,
1124 3508 1155 3563 ut
1183 3501 1214 3563 bi
1241 3505 1383 3584 magistri.

104 3602 221 3686 Figurae
243 3606 396 3667 nominum
424 3613 497 3685 quot
522 3607 608 3667 sunt?
642 3604 729 3666 [luae.
764 3604 861 3675 Quae?
895 3602 1039 3683 Simplex,
1070 3611 1102 3663 ut
1130 3603 1239 3666 decens
1267 3616 1421 3687 potensao

105 3709 263 3789 conposita,
296 3716 329 3769 ut
362 3707 503 3769 indecens
536 3709 681 3788 inpotens.
732 3704 845 3777 Quibus
878 3705 973 3767 modis
1006 3707 1124 3768 uomina
1157 3711 1385 3789 conponuntur?

105 3807 254 3880 Quattuor:
288 3827 324 3871 ex
351 3809 466 3872 duobus
494 3810 631 3886 integris,
667 3816 699 3870 ut
724 3807 925 3878 suburbanum
954 3826 990 3868 ex
1018 3806 1133 3870 duobus
1161 3813 1323 3892 corruptis,
1353 3820 1386 3874 ut

105 3909 200 3975 efficax
221 3914 388 3993 municeps;
412 3929 447 3973 ex
469 3913 586 3991 integro
609 3921 639 3973 et
660 3919 814 3991 corrupto,
839 3919 871 3972 ut
891 3909 1033 3981 insulsus;
1063 3929 1099 3973 ex
1125 3921 1266 3992 corrupto
1287 3922 1318 3976 et
1338 3915 1384 3975 in·

105 4019 196 4093 tegra,
219 4023 252 4078 ut
272 4013 478 4094 nugigerulus;
502 4012 657 4095 aliquando
681 4031 716 4073 ex
739 4012 945 4094 conpluribus,
974 4023 1006 4075 ut
1027 4013 1263 4095 inexpugnabilis
1283 4017 1384 4098 inper-

102 4117 224 4179 territus
270 4118 360 4178 Casus
389 4117 541 4178 nominum
574 4123 646 4196 quot
673 4116 759 4176 sunt?
799 4116 867 4177 Sex.
906 4116 979 4187 Qui?
1002 4117 1202 4180 Nominativus
1230 4121 1418 4198 genetiutsas

102 4213 209 4279 mauu
230 4221 411 4281 accusativus
433 4221 580 4279 vocativus
602 4216 751 4279 ablativus.
786 4235 840 4296 per
862 4216 916 4277 bos
943 4220 1074 4280 omnium
1096 4238 1241 4300 generum
1264 4224 1382 4284 nomina

97 4323 271 4395 pronomina
292 4312 451 4403 participia
467 4320 652 4382 declinantur
673 4320 730 4381 boe
753 4320 849 4381 modo.

180 4425 317 4504 Magister
339 4443 447 4487 nomen
469 4422 675 4504 appellativum
691 4423 809 4501 generis
824 4419 977 4482 masculini
1000 4425 1115 4484 numeri
1137 4426 1294 4505 singularis
1309 4428 1382 4507 ligu-

102 4538 149 4586 ιιι
168 4527 309 4609 simplicis
330 4546 415 4591 casus
437 4526 609 4591 nominativi
631 4533 660 4587 et
682 4525 816 4617 vocativi,
846 4522 923 4604 quod
948 4524 1143 4587 declinabitur
1166 4530 1220 4589 sic:
1250 4531 1382 4590 nomina·

167 4705 245 4765 Lana
262 4723 353 4761 nostra
370 4725 529 4764 autumarent
551 4723 623 4758 tuma
640 4722 710 4759 uotae
729 4706 815 4756 Partes
830 4702 853 4752 Ι,
874 4719 906 4753 oe
928 4719 1023 4755 nonina
1044 4722 1111 4758 otctr
1133 4722 1244 4759 nostrus
1258 4709 1346 4759 Partes
1364 4709 1385 4759 S

164 4774 230 4830 ‘ins
248 4794 347 4841 uultur
363 4799 408 4834 om.
430 4785 451 4832 L
525 4780 556 4830 ta
577 4778 704 4843 epiltenou
723 4777 747 4825 id
766 4785 805 4824 est
823 4777 994 4842 promiscuum
1010 4779 1020 4825 l
1038 4779 1162 4843 epikenou
1183 4813 1269 4828 .....
1289 4782 1384 4846 promi·

106 4858 184 4898 ”tum
201 4850 227 4901 L
298 4853 381 4917 aquila
397 4855 420 4903 L
436 4852 520 4916 aquila
536 4849 644 4899 mustela
659 4846 776 4897 miluus!

1116 4933 1183 5000 23*
