3346 5506
589 369 710 433 ssuvu
731 370 780 434 DE
802 370 940 433 uersis
952 370 1117 434 llOllthl
1431 377 1494 443 469

261 509 266 520 .
354 477 428 521 *eoo
460 490 491 520 ar.
587 477 590 481 ·

206 478 353 621 ollio?
366 477 467 637 reginps
485 557 570 621 Cnidi
586 558 721 638 Parique,
744 558 898 620 Poscimus
912 557 1009 639 siquid
1031 560 1114 620 vacui
1136 560 1190 622 sub
1214 559 1333 632 umbra,
1356 562 1491 623 Persicos

205 660 248 721 odi
273 679 349 741 puer
378 668 550 741 apparatus,
580 657 684 722 Nullus
706 668 829 738 argento
857 659 941 721 color
964 669 1008 722 est
1030 663 1139 733 avaris,
1168 663 1212 724 Ne
1234 664 1272 724 sit
1292 661 1416 724 ancillae
1439 662 1491 724 tibi

203 781 281 824 amor
308 761 428 843 pudori,
458 763 582 842 Septimi
611 760 707 824 Gades
730 761 846 822 aditure
874 780 1005 833 mecum,
1036 761 1098 823 Vlla
1126 765 1151 824 si
1179 765 1251 824 iuris
1281 764 1333 825 tihi
1355 767 1490 846 peierati,

202 864 317 926 Rectius
347 866 424 925 vives
447 864 540 926 Licini
569 883 666 945 neque
696 863 800 935 altum,
826 862 925 926 Otium
948 863 1029 924 divos
1052 871 1136 925 vocat
1156 866 1187 924 in
1209 868 1349 945 patentis,
1378 868 1490 928 Martiis

202 965 313 1028 caelebs
341 964 411 1046 quid
440 983 524 1042 agam
555 957 709 1036 Kalendis,
738 966 867 1027 Mercuri
894 983 962 1026 nam
992 972 1019 1026 tc
1049 964 1152 1028 docilis
1175 969 1330 1047 magistro,
1353 968 1514 1032 Herculiss

201 1068 284 1129 modo
307 1069 366 1130 rltu
388 1067 483 1129 dictus
505 1087 523 1128 o
545 1066 644 1148 plebs
668 1069 767 1130 Faune
791 1067 957 1148 nymlarum
981 1068 1144 1147 fugientum
1167 1078 1297 1141 amator,
1321 1070 1386 1131 Non
1409 1071 1489 1133 vides

202 1177 307 1250 quanto
329 1187 447 1230 moveas
468 1168 598 1249 periclo,
622 1172 764 1232 Montium
781 1176 880 1230 custos
895 1187 1110 1250 nemorumque
1133 1173 1229 1251 virgo,
1252 1172 1361 1253 Impius
1383 1191 1488 1253 parrae

201 1272 357 1332 recinentis
384 1289 486 1342 omen,
514 1270 675 1335 Pindarum
706 1272 838 1354 quisquis
867 1271 964 1332 studet
991 1271 1146 1344 aemulari,
1174 1274 1245 1335 Dire
1274 1292 1361 1354 quem
1389 1273 1488 1354 proles

200 1372 308 1435 Niobea
331 1391 469 1452 magnae,
493 1371 545 1432 Est
566 1372 638 1435 mihi
662 1392 773 1437 nonum
796 1375 963 1453 superantis
982 1370 987 1458 Ι
1007 1392 1131 1451 ennom,
1154 1376 1269 1438 Phoebe
1288 1380 1489 1454 silvarumque

198 1483 295 1552 potens
312 1473 424 1535 unna.
1500 1490 1526 1532 ro

278 1578 380 1638 Tertia
410 1575 467 1638 ode
495 1574 607 1637 dicolos
635 1584 679 1637 est
706 1575 855 1637 distrolos.
900 1595 968 1638 uam
996 1580 1109 1658 primus
1136 1597 1251 1650 versus,
1282 1582 1329 1641 cui
1352 1578 1487 1660 glyconio

199 1677 369 1741 vocabulum
393 1677 493 1748 datur,
517 1684 632 1740 constet
653 1677 778 1759 spondio
801 1686 831 1738 et
846 1676 960 1740 duobus
975 1678 1111 1761 dactylis;
1133 1680 1280 1743 secundus
1301 1700 1380 1759 vero·
1394 1680 1486 1743 ascle-

198 1781 319 1861 piadeus
341 1789 399 1853 est,
423 1781 506 1840 cuius
528 1781 584 1841 iam
608 1781 639 1840 in
661 1782 757 1860 prima
771 1779 828 1840 ode
850 1779 985 1842 dedimus
1007 1783 1166 1852 rationem;
1188 1802 1317 1863 ususque
1338 1784 1486 1845 iuvenitur

197 1881 249 1943 hac
271 1883 360 1944 metri
381 1884 583 1961 compositore
606 1880 761 1943 duodecim
785 1888 897 1943 tantum
921 1882 1072 1956 mutibus,
1101 1894 1133 1946 ut
1154 1884 1319 1965 subscripta
1340 1892 1485 1947 monstra-

197 1982 281 2056 bunt,
306 1984 354 2046 Sic
377 1991 406 2044 te
428 1983 492 2046 ‹liva
514 1992 620 2065 potens
643 1984 740 2065 Cypri,
764 1983 836 2045 Cum
859 1992 891 2044 tu
913 1983 1002 2064 Lydia
1024 1984 1125 2057 Teleti,
1148 1986 1241 2063 Mater
1263 2006 1348 2049 saera
1370 1987 1482 2068 cupidi·
1496 2000 1522 2044 ss

196 2104 278 2160 num,
307 2086 344 2148 Et
371 2092 437 2146 ture
465 2094 495 2146 et
521 2085 628 2148 lidilsus
655 2087 748 2158 iurat,
777 2086 878 2147 Donec
905 2093 1005 2164 gratus
1035 2106 1116 2149 eram
1143 2086 1212 2160 tihi,
1240 2088 1319 2150 onr
1345 2090 1485 2171 pauperis

196 2186 289 2268 lhyci,
319 2186 467 2259 Quantum
495 2188 584 2249 distet
611 2187 647 2249 ab
675 2187 797 2258 inacho,
827 2186 947 2248 teucris
976 2188 1159 2269 opulentior,
1190 2190 1254 2262 Ouo
1287 2209 1336 2252 me
1368 2192 1484 2254 Bacche

195 2291 272 2371 repis
294 2291 353 2360 tui,
377 2289 465 2350 Festo
486 2288 557 2370 quid
579 2291 678 2369 potius
700 2288 763 2360 die,
790 2287 961 2351 Intermissa
982 2290 1081 2352 Venus
1109 2292 1172 2364 diu,
1202 2291 1296 2365 Quem
1319 2300 1351 2355 tu
1372 2292 1483 2375 hlelpo·

194 2409 279 2455 mene
300 2389 403 2453 semel.

200 2497 204 2503 ’
275 2493 386 2567 uuam
415 2492 471 2555 ode
499 2491 611 2554 dicolos
639 2501 684 2555 est
706 2492 855 2556 distrolos.
899 2496 982 2575 prior
1004 2495 1082 2557 enim
1106 2513 1221 2566 versus,
1244 2497 1295 2576 qui
1316 2505 1363 2558 est
1384 2498 1520 2559 archi-so

194 2592 320 2667 lochius,
343 2603 459 2657 constat
480 2601 653 2656 tetrametro
667 2595 789 2656 heroico
804 2603 834 2657 et
848 2598 995 2660 trochaeis
1017 2595 1125 2666 tribum
1149 2597 1295 2659 secundus
1317 2617 1387 2660 vero
1409 2617 1482 2681 pen-

194 2697 360 2759 themimeri
386 2695 512 2758 iambica
540 2705 571 2759 et
598 2697 692 2761 tribus
724 2699 872 2761 trochaeis
899 2698 1035 2761 similiter
1062 2701 1251 2771 terminatur,
1280 2719 1409 2782 ususque
1438 2710 1483 2763 est

193 2797 245 2861 hec
275 2800 363 2861 metri
390 2801 605 2880 compositione
634 2819 694 2862 uno
722 2809 835 2863 tantum
863 2809 966 2873 cautu,
994 2801 1077 2862 cuius
1110 2820 1211 2862 versus
1238 2801 1404 2883 adscriptus
1426 2811 1479 2872 est,

194 2899 320 2964 Solvitur
340 2902 418 2962 acris
440 2903 535 2965 hiems
558 2914 640 2982 grata
662 2905 726 2964 vice
749 2904 825 2965 veris
847 2910 877 2964 et
898 2902 1004 2964 levoni.

275 3003 381 3076 Quinta
404 3004 460 3065 ode
483 3002 602 3065 tricolus
624 3013 669 3066 est
693 3004 887 3067 tetrastrolos.
932 3021 999 3065 nam
1023 3004 1111 3082 primi
1134 3004 1191 3066 duo
1214 3022 1316 3066 versus
1337 3004 1478 3086 asclepia·
1491 3018 1517 3060 π

193 3104 238 3167 dei
264 3113 348 3176 sunt,
377 3107 480 3166 tertius
511 3123 580 3165 vero
615 3106 748 3167 trimeter
775 3114 819 3167 est
845 3106 997 3177 heroicus,
1032 3115 1154 3186 quartus
1186 3115 1284 3168 autem
1315 3107 1479 3188 glyconius

192 3209 273 3272 cuius
287 3209 319 3269 in
341 3209 426 3269 tertia
442 3206 498 3267 ode
520 3205 655 3269 dedimus
678 3210 837 3277 rationem
859 3225 989 3286 ususque
1012 3214 1056 3269 est
1077 3207 1133 3269 hac
1156 3208 1244 3270 metri
1266 3211 1479 3288 compositione

193 3319 304 3392 septem
327 3316 438 3370 mutum
462 3308 612 3380 cantibus,
635 3328 761 3390 quorum
784 3309 946 3391 primordia
963 3308 1129 3381 subnotari,
1153 3310 1224 3383 Quis
1246 3310 1337 3372 multa
1359 3312 1478 3391 gracilis

191 3419 218 3475 te
231 3429 309 3494 puer
322 3411 354 3472 iu
368 3428 448 3483 rosa,
475 3411 499 3473 0
515 3412 594 3472 navis
617 3411 748 3473 celerent
769 3413 800 3473 in
823 3430 905 3473 mare
920 3421 949 3473 te
965 3413 1033 3473 novi
1049 3410 1195 3494 [uectum.
1218 3413 1340 3474 Dianam
1355 3420 1477 3475 tenerae

193 3513 278 3577 dicite
300 3514 444 3592 virgines,
468 3515 544 3576 Vitat
565 3512 664 3575 inuleo
686 3533 734 3575 me
755 3512 860 3575 similis
882 3511 987 3584 Chloe,
1011 3510 1086 3583 Ouid
1110 3513 1163 3574 iles
1184 3515 1297 3576 Asteria
1320 3534 1408 3595 quem
1423 3515 1516 3577 tihiso

192 3614 315 3686 candidi,
339 3614 365 3676 0
385 3615 452 3676 lons
465 3615 643 3678 Blandusiae
659 3614 841 3696 splendidior
855 3617 945 3686 vitro,
961 3614 1105 3676 Audivere
1120 3614 1197 3694 Lyce
1218 3616 1249 3677 di
1262 3634 1328 3677 mea
1350 3623 1415 3679 vota
1436 3617 1475 3678 di.

271 3718 361 3781 Sexta
383 3717 438 3780 ode
461 3716 572 3779 dicolos
595 3726 640 3779 est
661 3717 856 3779 tetrastrolos.
886 3718 977 3798 primi
992 3717 1071 3778 enim
1094 3725 1156 3778 tres
1177 3735 1278 3779 versus
1300 3717 1477 3799 asclepiadei

191 3829 270 3893 sunt,
294 3837 422 3902 quorum
445 3820 502 3881 iam
524 3822 729 3893 meminimus,
751 3828 874 3901 quartus
896 3818 1065 3900 glyconium
1093 3836 1222 3900 ususque
1245 3827 1290 3881 est
1310 3821 1366 3883 hae
1387 3824 1476 3883 metri

192 3922 400 4005 compositione
428 3939 532 3983 novem
563 3931 675 3983 tantum
704 3921 853 3993 cantibus,
882 3940 1008 4003 quorum
1037 3919 1192 3983 subnotari
1213 3922 1372 4004 principia,
1396 3924 1477 3986 Scri·

189 4021 266 4088 beris
280 4023 367 4087 Vario
390 4023 475 4086 lortis
497 4032 527 4085 et
547 4025 692 4093 hostium,
715 4026 819 4087 Pastor
841 4043 907 4086 cum
930 4023 1062 4086 traheret
1083 4042 1137 4104 per
1158 4023 1232 4086 treta
1248 4025 1379 4097 naribus,
1402 4025 1538 4109 unisu-

190 4124 333 4193 deslderio
355 4127 394 4188 sit
414 4125 511 4205 pudor
526 4133 576 4187 aut
590 4125 711 4196 modus,
728 4148 746 4184 s
769 4127 851 4189 Nolis
865 4126 953 4207 longa
975 4126 1056 4187 ferae
1072 4124 1148 4186 bella
1164 4126 1354 4199 Numantiae,
1369 4128 1475 4190 Extre-

255 4382 330 4434 lsub
349 4395 438 4432 nmurs
506 4381 591 4434 {iulis
605 4382 628 4432 si
646 4384 700 4433 uris
770 4385 890 4435 imanis
907 4382 994 4447 celeps
1062 4383 1167 4435 dmodo
1184 4383 1248 4433 ritur
1264 4384 1347 4434 dictus
1366 4400 1382 4434 o
1398 4386 1473 4452 pleps

252 4451 405 4520 fugientium
475 4451 631 4518 tpertcuto
702 4454 793 4520 impios
819 4470 865 4521 pur
883 4468 974 4519 parrae
1043 4451 1177 4517 8pinderi
1248 4454 1349 4505 student
1366 4456 1473 4505 emulari

252 4522 379 4574 liniouee
461 4536 554 4571 nouum
638 4538 732 4573 sunum
751 4552 783 4561 —
802 4527 882 4577 Dices
900 4526 993 4574 lacuna
1010 4522 1206 4574 membranorum
1220 4528 1353 4586 perierunt
1440 4526 1470 4576 tt

187 4592 304 4658 glueonio
374 4591 407 4644 13
421 4592 553 4643 reddimus
572 4594 733 4643 traditionem
805 4597 835 4648 16
851 4605 875 4644 et
895 4603 962 4645 turre
1035 4595 1065 4643 li
1081 4594 1161 4644 destet
1231 4591 1266 4643 20
1284 4592 1420 4643 archilochi

186 4661 217 4712 st
233 4661 427 4729 posthimimore
497 4663 531 4715 ²3
548 4661 656 4730 tentum]
674 4672 759 4715 temen
828 4666 861 4715 27
877 4665 1020 4715 dedicimus
1090 4664 1124 4713 29
1141 4679 1155 4713 o
1173 4678 1251 4713 naues
1321 4674 1420 4713 teneres

187 4729 332 4784 adsimiles
400 4732 434 4784 31
453 4734 586 4784 candidior
604 4734 662 4785 lons
680 4734 814 4786 blendusia
832 4745 856 4784 et
928 4737 983 4801 lyce
1054 4734 1087 4784 34
1106 4735 1214 4783 seribere
1284 4732 1470 4784 consualibus

251 4801 286 4855 36
308 4803 399 4854 lacuna
421 4820 494 4869 quarn
518 4807 627 4856 iudicari
650 4806 745 4858 cecidit
767 4822 857 4858 versus
876 4806 1027 4870 principalis
1044 4805 1160 4854 contusis
1179 4805 1188 4852 l
1206 4802 1240 4854 33
1258 4801 1314 4851 hlbi
1335 4818 1364 4852 ne
1383 4803 1470 4854 doleas

185 4871 241 4938 plus
258 4871 337 4922 uiurio
357 4887 453 4923 memor
