3314 5506
553 384 751 447 tnsrtrvrn
770 385 912 448 ARTIVM
938 384 1101 448 tea-208
1233 335 1235 338 >
1429 386 1470 448 79

229 513 253 554 p.
268 499 348 542 reon
365 500 392 541 n.
1250 514 1273 556 p.
1287 502 1377 545 ase-ro
1391 501 1419 546 v.

179 573 379 641 inveniuntur,
400 571 473 633 haec
493 573 518 632 si
535 573 745 633 nominativum
768 572 813 633 vel
830 573 1027 634 accusativum
1048 590 1149 634 casum
1175 576 1292 635 numeri
1314 573 1471 652 singularis

178 673 215 735 ad
236 675 366 735 iormam
388 675 504 763 Aeneae
531 675 628 735 lacere
656 676 864 754 reperiuntur,
892 682 963 735 tunc
984 692 1039 752 per
1060 682 1174 735 ceteros
1195 692 1280 736 casus
1307 675 1342 736 ad
1364 692 1470 737 sonum

179 777 295 837 Aeneae
321 773 518 837 declinantur.
563 793 766 855 quaecumque
788 794 858 837 vero
884 780 1004 836 manino
1030 779 1147 855 generis
1169 775 1321 837 masculini
1344 775 1470 837 ablativo

178 895 249 938 casu
276 879 396 940 numeri
421 877 578 955 singularis
603 893 621 938 a
649 877 745 940 littera
770 884 836 957 post
861 885 1070 939 consonantem
1099 879 1293 939 terminantur
1317 887 1346 939 et
1372 884 1469 956 aptota

180 998 244 1042 esse
262 997 325 1041 non
340 980 547 1063 inveniuntur,
571 978 644 1040 hacc
665 981 689 1041 si
710 980 918 1042 nominativum
940 988 990 1040 aut
1011 981 1207 1041 accusativum
1230 998 1330 1041 casum
1354 980 1469 1041 numeri
1495 1005 1507 1045 ι

180 1081 339 1159 singularis
360 1080 406 1142 vel
430 1081 518 1143 alium
541 1078 702 1160 quemlibet
723 1099 824 1142 casum
847 1083 961 1142 numeri
983 1080 1105 1160 pluralis
1124 1081 1160 1141 ad
1185 1081 1308 1142 lormam
1331 1080 1470 1143 Catilinae

182 1182 279 1245 lacere
301 1181 502 1262 reperiuntur,
523 1191 593 1246 tunc
615 1201 669 1263 per
692 1192 807 1244 ceteros
828 1201 913 1245 casus
936 1184 971 1244 ad
990 1201 1094 1244 sonum
1118 1181 1257 1244 Catilinae
1273 1181 1470 1244 declinantur.

263 1285 311 1347 Do
331 1285 428 1347 datiam
448 1285 494 1346 vel
516 1284 640 1346 ablativo
667 1304 737 1348 casu
763 1287 879 1346 numeri
908 1285 1042 1365 pluralia,
1072 1286 1122 1365 qui
1143 1286 1167 1345 is
1187 1283 1291 1346 litteris
1313 1291 1380 1363 post
1400 1300 1471 1344 con·

183 1394 336 1449 meantem
365 1387 553 1449 deliniuntur.
599 1405 801 1467 qivaeeumque
823 1388 941 1447 nomina
956 1383 970 1469 ΙΙ
985 1388 1102 1466 generis
1131 1385 1283 1448 masculini
1310 1387 1406 1447 dativo
1425 1382 1471 1446 vel

183 1489 307 1550 ablativo
332 1506 403 1551 casu
431 1490 550 1551 numeri
575 1488 697 1568 pluralis
723 1491 748 1549 is
773 1488 877 1551 litteris
906 1497 973 1565 post
999 1495 1209 1549 consonantem
1238 1488 1416 1549 definiuntur
1442 1492 1472 1548 et
1486 1509 1510 1551 ιι
1584 1522 1594 1545 .

183 1597 279 1670 aptota
303 1608 371 1653 esse
393 1609 452 1651 nou
478 1592 681 1673 inveniuntur„
708 1591 782 1652 haec
807 1591 939 1668 indigent
961 1589 1025 1650 aliis
1046 1589 1176 1662 casibus,
1205 1609 1260 1669 per
1286 1607 1361 1671 quos
1383 1606 1495 1668 appa·-

184 1701 265 1754 reant
284 1692 431 1772 adquam
452 1694 577 1754 iormam
597 1695 748 1771 pertinere
770 1694 965 1772 reperiantur,
987 1699 1017 1752 et
1031 1692 1097 1753 ideo
1113 1692 1233 1752 eosdem
1249 1709 1343 1759 casus,
1359 1690 1473 1769 -quibus

184 1795 325 1874 indigent,
346 1793 524 1865 subicimus,
546 1802 580 1857 ut
600 1803 763 1875 appareant
785 1812 839 1873 per
861 1812 936 1873 quos
957 1812 1042 1856 casus
1068 1793 1104 1855 ad
1127 1812 1214 1873 quam
1236 1794 1362 1854 lormam
1382 1793 1472 1872 perti·

184 1914 251 1959 nere
271 1898 490 1976 reperiantur.¹
516 1916 608 1978 quare
631 1915 835 1981 quaecumque
857 1897 975 1957 nomina
1000 1897 1117 1974 generis
1139 1895 1290 1957 masculini
1311 1895 1407 1956 dativo
1426 1891 1471 1954 vel

184 1997 308 2059 munna
328 1999 536 2060 casu‘numeri
554 1997 677 2076 pluralis
698 2000 723 2059 is
742 1998 847 2059 litteris
868 2005 935 2076 post
956 2006 1165 2060 consonantem
1187 1997 1374 2066 deliniuntur,
1399 1997 1472 2058 liaeo
1488 2017 1510 2057 n

184 2102 205 2160 si
232 2099 326 2161 alium
356 2099 516 2179 quemlihet
543 2118 644 2162 casum
669 2099 705 2161 ad
730 2100 853 2162 iormam
877 2099 1016 2161 Catilinae
1045 2101 1143 2161 iacere
1171 2099 1376 2178 reperiuntur,
1402 2105 1473 2158 tunc

185 2219 233 2280 per
255 2209 375 2264 ceteros
394 2219 480 2263 casus
501 2201 537 2262 atl
559 2219 665 2262 sonum
687 2200 826 2263 Catilinae
847 2201 1039 2263 declinantur.
1274 2200 1280 2209 “

265 2302 313 2364 [le
328 2304 507 2364 nominativo
528 2322 599 2365 casu
619 2305 736 2365 numeri
756 2303 922 2382 singularis,
945 2305 993 2382 qui
1016 2321 1048 2364 as
1067 2302 1172 2365 litteris
1192 2302 1338 2365 delinitur.
1382 2317 1472 2380 quae·

185 2424 312 2486 cumque
331 2406 452 2465 nomina
479 2402 605 2488 gelneris
632 2405 784 2466 masculini
810 2407 986 2468 nominativo
1011 2423 1081 2467 casu
1115 2406 1230 2466 numeri
1259 2400 1474 2482 singularium

185 2506 288 2569 litteris
310 2506 491 2568 deliniuntur
512 2514 541 2568 et
563 2515 661 2586 aptota
679 2525 744 2568 esse
765 2525 824 2567 non
847 2508 1044 2576 inveniuntur,
1067 2506 1140 2567 haec
1161 2506 1295 2586 indigent
1315 2505 1379 2567 aliis
1399 2504 1472 2565 caai-
1485 2528 1511 2569 ao

184 2609 250 2679 lus,
279 2626 336 2689 per
358 2616 616 2689 quos‘appareant
642 2609 677 2670 ad
701 2626 789 2688 quam
812 2610 936 2670 lormam
964 2610 1113 2688 pertinere
1141 2602 1336 2688 reperiantur.
1381 2623 1474 2686 quare

184 2728 390 2792 quaecumque
411 2712 529 2771 nomina
555 2714 673 2790 generis
694 2710 849 2773 masculini
877 2712 1056 2772 nominativo
1078 2728 1147 2772 casu
1175 2712 1293 2772 numeri
1319 2707 1474 2788 singularis
1560 2713 1564 2721 '

184 2832 214 2872 as
233 2813 343 2875 litteris
366 2811 547 2873 deliniuntur
572 2820 602 2873 et
623 2821 721 2890 aptota
744 2831 809 2875 esse
835 2831 893 2873 non
919 2814 1121 2883 inveniuntur,
1151 2815 1176 2875 ai
1200 2812 1290 2874 alium
1314 2809 1475 2892 quemlibet

182 2932 283 2977 caum
303 2914 341 2976 ad
358 2913 485 2975 formam
505 2916 620 2977 Aeneae
641 2915 741 2977 lacere
759 2916 963 2995 reperiuntur,
986 2923 1057 2977 tunc
1078 2915 1152 2978 haec
1174 2933 1228 2995 per
1250 2923 1366 2976 eeteros
1388 2930 1474 2974 oaaus

173 3016 219 3077 <aa
239 3034 349 3077 sonum
370 3016 487 3077 Aeneae
508 3015 701 3078 declinantur.
745 3034 825 3077 nunc
846 3019 878 3081 in
900 3017 956 3078 hec
977 3021 1195 3097 suprascripta
1218 3017 1328 3086 lorma,
1351 3033 1409 3096 qua
1429 3014 1473 3076 di·
1486 3037 1511 3079 as

184 3119 280 3179 ximus
303 3119 425 3195 generis
445 3117 599 3179 masculini
620 3120 739 3179 nomina
763 3120 941 3180 nominativo
963 3138 1033 3180 casu
1056 3121 1173 3181 numeri
1195 3117 1351 3196 singularis
1372 3135 1404 3178 aa
1427 3115 1473 3177 lit·

185 3223 254 3281 teris
272 3219 406 3288 detinui,
436 3221 602 3299 quaeritur,
625 3222 739 3299 quade
761 3237 849 3280 causa
869 3222 1023 3283 Maecenas
1050 3221 1138 3282 huius
1160 3220 1336 3282 Maecenatis
1363 3227 1394 3281 et
1413 3236 1472 3279 non

184 3322 271 3384 lunius
290 3322 448 3384 Maecenaa
477 3322 575 3383 iacere
601 3324 776 3401 reperiatur.
820 3322 876 3383 hac
903 3323 939 3385 de
966 3340 1070 3393 cansa,
1098 3324 1235 3401 quoniam
1263 3322 1474 3398 cuiuscumque

183 3426 303 3503 generis
327 3423 447 3484 nomina
470 3425 601 3484 vocativo
627 3442 697 3485 casu
729 3427 844 3486 numeri
868 3424 1026 3503 singularis
1054 3443 1086 3486 as
1109 3423 1214 3484 litteris
1240 3423 1417 3485 deliniuntur
1444 3430 1475 3483 et

184 3534 283 3605 aptota
304 3543 371 3586 ease
392 3542 451 3586 non
474 3528 672 3605 reperiuntur,
693 3526 766 3587 haec
784 3529 919 3604 genetivo
939 3545 1008 3587 casu
1028 3526 1143 3586 numeri
1160 3524 1316 3603 singularis
1330 3525 1356 3586 is
1370 3523 1513 3585 litterieao

184 3627 405 3690 concluduntur
426 3635 455 3689 et
469 3627 506 3688 ad
520 3627 653 3688 'formam
676 3629 837 3689 eorundem
857 3630 1020 3699 nominum,
1043 3646 1118 3708 quac
1132 3611 1256 3688 ablativo
1270 3644 1340 3687 casu
1358 3625 1474 3687 numeri

183 3729 387 3807 singularis-e
417 3727 511 3791 littera
538 3728 649 3792 scilicet
673 3739 809 3810 correpta
836 3733 1046 3801 terminantur,
1077 3730 1239 3790 secundum
1265 3746 1352 3789 suum
1380 3744 1475 3805 genua

183 3830 382 3893 declinantur.
428 3849 507 3892 nunc
527 3849 595 3892 cum
615 3833 693 3893 dicat
713 3832 860 3909 Vergilius

744 3953 812 4013 quo
833 3933 961 3996 sidere
982 3942 1122 3996 terram

390 4042 553 4102 vertere,
575 4036 784 4104 Maecenas,
1487 4053 1513 4094 ὅ

183 4139 289 4218 utiquc
306 4138 370 4198 iam
389 4137 551 4199 vocativum
573 4155 674 4198 casum
694 4138 825 4200 eiusdem
847 4138 959 4199 lorvnae
981 4139 1116 4206 ostemlit,
1140 4155 1196 4217 qua
1215 4137 1333 4198 nomina
1350 4135 1475 4197 ablativo

184 4257 257 4301 ουιι
284 4238 401 4301 numeri
427 4232 585 4316 singularis
612 4259 629 4301 e
652 4239 747 4300 littera
774 4247 911 4320 correpta
938 4241 1149 4308 terminantur,
1180 4247 1209 4300 et
1233 4238 1300 4300 ideo
1322 4238 1476 4300 Maecenas

183 4341 276 4402 leuius
294 4339 481 4409 Maecenatis,
506 4357 565 4401 non
587 4341 743 4403 Maecenae
764 4344 862 4402 iacere
884 4342 1101 4420 pronuntiatur.
1216 4356 1219 4363 ·

271 4441 315 4503 lle
335 4442 513 4503 nominativo
535 4459 605 4504 casu
626 4446 743 4504 numeri
766 4443 930 4521 singularis,
954 4444 1050 4522 quies
1067 4440 1188 4526 litltcris
1208 4443 1353 4504 delinitur.
1385 4461 1474 4522 quae·

184 4562 316 4625 cumque
343 4545 463 4605 nemim
490 4547 608 4623 generis
635 4545 787 4606 masculini
814 4547 992 4606 nominativo
1020 4561 1090 4605 casu
1123 4545 1241 4605 numeri
1263 4533 1419 4622 singularis
1442 4561 1542 4633 eso*

256 4791 396 4844 anomia·
414 4806 461 4841 orn.
480 4790 529 4842 RB
598 4794 632 4842 24
649 4800 708 4842 tunc
725 4809 771 4844 om.
790 4793 823 4856 li,
841 4793 901 4843 aaa
918 4809 947 4843 ro
1016 4792 1051 4844 29
1068 4791 1171 4841 nomina
1190 4792 1345 4842 nominativo
1361 4802 1387 4843 et
1401 4806 1475 4843 voca·

181 4865 238 4913 tivo
256 4876 319 4912 usu
336 4879 352 4912 e
368 4878 406 4911 ex
423 4862 508 4912 codice
526 4863 645 4913 Parisino
662 4861 731 4913 7519
800 4862 833 4913 33
852 4859 995 4929 Vergilius]
1012 4879 1099 4927 peorp.
1119 4862 1156 4911 ll
