3314 5506
215 382 257 447 aa
721 343 723 346 ’
808 379 922 442 rnoei

268 499 414 554 nassau.
1288 494 1456 551 pass-w.

216 569 273 632 hae
292 570 378 631 sedes
405 569 512 632 harum
537 568 642 630 sedum
668 569 713 629 bis
733 566 854 628 sedibus
881 567 935 628 bas
962 567 1048 629 sedes
1076 584 1094 628 o
1114 566 1200 630 sedes
1225 567 1262 629 ab
1283 567 1330 629 bis
1351 566 1509 653 sedibus}

216 690 287 733 sane
311 672 385 733 haec
407 673 525 749 generis
547 669 679 731 feminini
706 671 841 738 nomina,
873 668 949 749 quae
982 668 1107 730 diximus
1139 668 1264 730 ablatirc
1291 686 1363 731 casu
1392 673 1511 733 uumoel

215 772 372 852 singularis
391 793 410 849 e
431 772 528 834 littera
551 779 688 849 correpta
707 773 873 840 terminari,
906 771 963 832 boc
985 788 1141 832 monemus
1168 770 1247 848 quod
1267 772 1447 833 nominativo
1465 771 1512 834 vel

215 878 346 936 vocativo
368 893 437 936 casu
464 874 580 935 numeri
602 872 758 952 singularis
785 874 872 934 variis
899 872 1002 933 lormis
1029 872 1215 933 deliniantur.
1260 888 1341 934 nunc
1367 880 1440 953 quot
1464 873 1512 936 rel

189 977 323 1056 aquibus
351 977 439 1037 variis
467 975 568 1036 lormis
596 976 626 1035 in
658 992 748 1053 supra
776 975 860 1035 dictis
888 973 1005 1035 casibus
1031 992 1121 1053 supra
1147 974 1217 1035 dicti
1244 976 1364 1052 generis
1391 975 1512 1039 nomina

216 1077 403 1147 deliniantur,
427 1077 485 1138 hoc
507 1078 537 1137 in
555 1078 635 1137 sonis
656 1083 848 1155 conpetenter
869 1074 1069 1137 tractabimus.

303 1180 345 1241 [le
367 1196 477 1257 genere
500 1186 617 1240 neutro.
652 1179 750 1239 neutri
770 1179 891 1254 generis
913 1179 1041 1246 nomina,
1059 1196 1136 1257 quae
1157 1176 1282 1239 ablativo
1300 1196 1372 1241 casn
1394 1180 1515 1242 numeri

216 1281 374 1361 singularis
396 1301 412 1342 e
434 1281 530 1342 littera
552 1280 664 1342 scilicet
685 1287 821 1358 correpta
843 1280 1040 1341 terminantur
1062 1287 1092 1341 et
1114 1285 1213 1358 aptota
1235 1279 1279 1342 rel
1302 1268 1428 1359 triptota
1447 1299 1515 1345 eece

217 1401 277 1444 non
306 1384 510 1462 reperiuntur,
541 1382 614 1444 baec
643 1381 678 1444 ad
701 1381 758 1442 boc
780 1379 948 1459 exemplum
975 1378 1174 1443 declinantur:
1210 1383 1326 1444 numeri
1354 1380 1517 1462 singularis

179 1508 206 1549 rc
218 1485 276 1546 boc
288 1493 394 1564 pectus
416 1484 503 1546 huius
520 1485 649 1564 pectoris
670 1482 739 1545 huic
755 1484 868 1563 pectori
887 1482 945 1543 hoc
967 1490 1071 1563 pectus
1093 1491 1230 1563 opectus
1249 1483 1364 1545 abhoc
1378 1492 1514 1570 pectore,

218 1589 335 1648 nirmeri
356 1585 477 1665 pluralis
496 1586 569 1647 haec
588 1593 709 1664 pectora
731 1584 837 1646 borum
858 1592 1012 1665 pectorum
1030 1585 1079 1646 his
1101 1584 1272 1664 pectoribus
1293 1584 1368 1647 baec
1390 1593 1516 1664 pectora

217 1708 236 1750 o
258 1697 380 1769 pectora
399 1687 436 1749 ab
456 1688 501 1750 bis
524 1687 704 1768 pectoribus,
740 1706 810 1749 sane
832 1686 906 1749 haec
927 1688 1045 1766 generis
1067 1689 1164 1749 neutri
1185 1689 1313 1757 nomina,
1337 1706 1416 1767 quae
1438 1687 1516 1750 dixi·

218 1809 285 1852 mus
313 1789 438 1852 ablativo
468 1808 537 1851 caso
565 1792 680 1851 numeri
705 1787 862 1867 singularis
884 1808 900 1851 e
927 1790 1024 1851 littera
1048 1789 1159 1851 scilicet
1185 1798 1322 1868 correpta
1349 1791 1514 1860 terminari,

218 1893 276 1954 hoc
296 1911 451 1954 monemus
477 1892 555 1972 quod
584 1893 761 1953 nominativo
784 1891 827 1952 rel
853 1894 983 1952 vocativo
1005 1909 1076 1952 casu
1102 1893 1218 1952 numeri
1239 1889 1398 1968 singularis
1425 1893 1518 1953 variis

181 2015 205 2057 u
219 1997 322 2057 lormis
353 1994 538 2056 deliniantur.
583 2011 662 2054 nunc
696 2000 768 2072 quot
794 1992 839 2054 rel
868 1993 975 2072 quibus
1006 1995 1094 2054 variis
1121 1995 1225 2054 lormis
1255 1993 1285 2054 in
1314 2010 1406 2077 supra
1428 1993 1516 2054 dictis

218 2097 335 2160 casibus
359 2115 449 2176 supra
471 2097 541 2157 dicti
561 2096 678 2174 generis
705 2097 823 2156 nomina
853 2095 1043 2166 definiantur,
1074 2094 1132 2155 hoc
1159 2096 1292 2157 insonis
1319 2102 1516 2174 conpetenter

217 2197 418 2260 tractabimus.
439 2200 444 2277 Ι

304 2300 345 2361 [le
367 2318 477 2379 genere
499 2300 657 2360 communi.
701 2301 867 2360 communis
894 2300 1010 2379 generis
1034 2301 1165 2369 nomina,
1194 2316 1270 2377 quae
1292 2296 1417 2360 ablativo
1442 2316 1513 2360 casu

212 2403 336 2463 numeri
363 2401 521 2479 singularis
548 2420 564 2471 e
597 2399 694 2463 littera
726 2401 837 2461 scilicet
866 2408 1004 2480 correpta
1035 2403 1246 2470 terminantur,
1279 2401 1354 2462 baec
1385 2400 1423 2463 ad
1457 2400 1513 2462 boc

180 2523 207 2564 aa
220 2502 386 2583 exemplum
409 2502 607 2564 declinantur:
631 2505 749 2564 numeri
769 2503 926 2580 singularis
947 2503 996 2564 hic
1012 2497 1041 2564 et
1054 2504 1127 2565 baec
1142 2508 1249 2573 custos,
1269 2503 1358 2565 buius
1379 2509 1409 2564 et
1424 2501 1512 2564 huius

220 2605 360 2673 custodis,
383 2605 454 2666 buic
470 2612 499 2666 et
512 2605 581 2666 huic
596 2606 720 2674 custodi,
743 2606 822 2667 hunc
838 2598 868 2665 et
882 2605 960 2666 hanc
974 2605 1137 2675 custodem,
1159 2624 1178 2666 o
1193 2613 1222 2667 et
1236 2624 1255 2666 o
1270 2612 1379 2675 custos,
1402 2603 1441 2666 ab
1456 2592 1511 2666 boc

220 2713 251 2768 et
273 2707 310 2768 ab
332 2708 388 2769 bac
409 2708 545 2777 custode;
581 2709 698 2768 numeri
720 2705 840 2786 pluralis
862 2706 893 2768 hi
915 2716 945 2769 et
964 2707 1021 2769 hae
1043 2708 1195 2778 custodes,
1224 2709 1331 2770 borum
1353 2714 1384 2770 et
1406 2705 1510 2768 berun

196 2804 199 2809 ’
219 2809 386 2878 custodum,
410 2809 455 2870 bis
477 2817 507 2870 et
529 2809 573 2869 bis
597 2809 776 2879 custodibus,
796 2809 851 2870 lios
874 2816 903 2871 et
924 2810 978 2870 bas
1000 2811 1148 2880 custodes,
1172 2829 1190 2872 o
1214 2817 1242 2872 et
1265 2829 1283 2872 c
1306 2809 1456 2880 custodes,
1477 2807 1510 2871 at

220 2912 266 2973 bis
287 2920 316 2972 et
338 2910 375 2972 ab
395 2910 443 2971 his
465 2910 645 2972 custodibus
690 2930 761 2972 sane
790 2913 954 2973 communis
981 2915 1099 2991 generis
1127 2913 1259 2982 nomina,
1287 2929 1365 2991 quae
1387 2910 1508 2973 ablatis(

182 3031 207 3074 rs
221 3031 291 3075 casu
314 3015 430 3074 numeri
450 3013 605 3091 singularis
627 3012 759 3075 elittera
787 3014 1055 3093 correptascilicet
1083 3017 1292 3083 terminantur,
1322 3014 1397 3076 baec
1420 3016 1507 3075 nomi·

219 3117 316 3177 nativo
339 3133 409 3177 casu
431 3117 547 3177 numeri
569 3114 724 3193 singularis
746 3116 792 3176 liis
813 3117 940 3177 sedecim
964 3116 1067 3177 formis
1089 3116 1269 3178 deliniuntur
1290 3122 1420 3187 tantum,
1444 3114 1506 3178 ilet

172 3200 176 3207 ’
219 3219 246 3278 is
267 3219 313 3279 ior
328 3212 341 3300 ll
357 3235 394 3278 en
415 3236 481 3279 mor
500 3237 533 3279 as
555 3237 587 3279 es
609 3235 643 3278 os
663 3238 699 3279 en
721 3238 759 3279 ux
782 3217 835 3279 abs
856 3217 909 3281 ebs
931 3236 983 3297 eps
1006 3237 1060 3297 ops
1081 3237 1151 3280 unx.

305 3320 363 3382 Sed
389 3339 593 3400 quaecumque
615 3323 734 3382 nomina
762 3322 880 3400 generis
903 3323 1067 3383 communis
1095 3321 1272 3382 nominativo
1299 3337 1370 3382 casu
1398 3338 1503 3382 numer

220 3423 376 3502 singularis
398 3423 445 3484 his
467 3422 562 3484 tribus
585 3423 687 3484 lormis
716 3422 909 3493 deliniuntur,
944 3423 973 3483 id
996 3429 1039 3484 cst
1060 3421 1141 3502 pugil
1163 3439 1232 3484 acer
1253 3423 1338 3483 lortis
1364 3430 1395 3485 et
1416 3429 1502 3485 ceter.

181 3526 298 3595 actalia,
320 3525 403 3594 haec,
423 3526 449 3586 si
470 3543 506 3586 ex
527 3543 581 3587 sua
603 3527 702 3604 specie
725 3526 756 3585 in
776 3542 885 3603 genera
908 3533 1013 3588 neutra
1032 3532 1201 3593 transeunt,
1223 3525 1253 3585 in
1275 3524 1381 3586 eodem
1404 3542 1501 3604 gener

219 3635 326 3688 neutro
353 3628 532 3688 nominativo
561 3645 631 3688 casu
658 3630 774 3689 numeri
800 3625 959 3707 singularis
981 3647 997 3689 e
1019 3627 1115 3689 littera
1143 3627 1354 3696 terminantur,
1383 3633 1417 3687 ut
1444 3630 1500 3705 put

219 3727 315 3790 hicet
335 3728 410 3789 haec
436 3728 518 3807 pugil
544 3746 613 3789 acer
641 3730 739 3798 tortis,
770 3728 828 3790 boc
854 3729 953 3808 pugile
980 3747 1048 3790 acre
1070 3730 1164 3798 torte,
1198 3736 1227 3789 et
1254 3744 1310 3805 pro
1339 3734 1393 3790 sua
1419 3730 1497 3790 torar

220 3830 383 3892 secundum
406 3847 500 3907 genus
519 3838 657 3891 neutrum
680 3829 872 3892 declinantur.
916 3849 995 3890 nunc
1016 3832 1074 3891 hoc
1096 3849 1251 3892 monemus
1272 3849 1308 3891 ex
1329 3830 1387 3893 bac
1409 3831 1499 3893 torma

221 3949 279 4011 qua
302 3932 429 3994 diximus
451 3934 568 4008 generis
590 3932 754 3992 eommunis
776 3934 894 3994 nomina
919 3934 1097 3993 nominativo
1120 3951 1190 3994 casu
1218 3934 1336 3994 numeri
1357 3931 1498 4012 singulari

108 4028 112 4038 '
163 4032 243 4094 ‘ssil
263 4033 368 4094 litteris
390 4033 518 4102 deliniri,
552 4033 631 4113 quod
660 4032 725 4111 plus
753 4051 840 4111 quam
869 4043 981 4114 septem
1013 4037 1093 4106 soni,
1128 4035 1185 4096 boc
1207 4042 1251 4096 est
1283 4052 1372 4113 qnam
1401 4042 1498 4114 septen

220 4136 354 4205 nomina,
381 4137 577 4215 nonpossint
604 4134 744 4197 exhiberi.
789 4138 859 4198 item
881 4154 918 4196 ex
939 4135 995 4197 hac
1022 4136 1133 4207 torma,
1165 4156 1223 4216 qua
1247 4136 1373 4198 diximus
1397 4139 1498 4215 generi

221 4237 387 4299 communis
416 4242 535 4299 nomina
565 4238 744 4299 nominativo
770 4256 840 4301 casu
869 4239 985 4299 numeri
1012 4238 1169 4316 singularis
1197 4257 1231 4300 er
1256 4237 1365 4301 litteris
1389 4238 1497 4302 delinit

221 4339 278 4400 hoc
298 4358 452 4402 monemus
473 4340 551 4420 quod
572 4338 639 4420 plus
658 4358 745 4420 quana
769 4340 1004 4419 quattuordecim
1023 4341 1096 4410 soni,
1119 4340 1176 4401 boc
1193 4348 1238 4402 est
1259 4359 1348 4420 quam
1362 4347 1497 4420 quattmr

180 4522 182 4527 ,
221 4441 318 4504 decim
337 4443 471 4512 nomina,
504 4445 707 4522 nonpossint
741 4444 884 4506 exhiberi.
928 4446 998 4506 item
1022 4462 1056 4505 ex
1074 4442 1131 4504 hac
1158 4443 1268 4511 lorma,
1299 4461 1358 4522 qua
1388 4442 1497 4505 diximc

289 4647 349 4698 bin
367 4661 445 4712 supra
463 4647 530 4697 dicto
550 4649 664 4699 casulla
716 4647 802 4699 bboc
819 4649 858 4699 Br
877 4647 981 4699 baeclt
1033 4648 1196 4698 tractabimus
1214 4647 1236 4698 R
1255 4647 1422 4698 tractauimus
1437 4647 1468 4699 B

221 4714 238 4765 8
256 4716 294 4766 rel
313 4717 419 4783 triptota
432 4731 478 4767 ora.
498 4716 531 4776 B,
550 4718 613 4770 add.
632 4719 654 4769 Ii
741 4719 773 4769 15
791 4719 816 4767 iu
835 4734 913 4783 supra
933 4719 1006 4768 dictis
1025 4718 1127 4768 casibus
1146 4717 1305 4784 supradicti
1325 4718 1430 4784 generis
1450 4718 1476 4770 R

221 4786 384 4852 supradicta
402 4787 615 4852 casupraedictis
632 4790 734 4854 generis
753 4788 778 4838 B
833 4789 862 4840 lt
883 4789 1045 4837 tractabimus
1062 4787 1085 4838 R
1104 4790 1270 4839 tractabimus
1288 4787 1313 4838 B
1366 4787 1404 4840 30
1420 4787 1488 4840 talis

222 4855 316 4908 aliaB
385 4856 596 4908 adexninn
