3314 5506
573 415 772 479 tltsttthn
794 412 934 479 ARTll’ll
955 416 1077 483 37-51
1432 416 1472 478 53

240 532 350 575 ,ιιι-ει
368 532 395 573 ιι.
1270 533 1379 576 ,ιιι-ιι
1395 533 1422 574 v.

180 544 315 672 xet'easu
340 610 371 665 ει
388 620 449 664 non
469 609 581 664 tantum
605 603 641 664 ad
657 621 751 682 genus
768 624 856 669 omne
872 606 968 669 solum
990 609 1041 669 sed
1060 616 1090 669 et
1108 606 1185 669 alind
1208 547 1301 684 gedue
1323 607 1474 685 pertinere

180 705 359 784 probantur:
382 713 417 766 ut
430 713 499 784 puta
522 706 547 766 si
564 704 641 767 dicat
656 705 783 784 gracilis,
806 711 889 770 cuius
907 710 1044 788 generis?
1066 712 1166 791 utique
1186 726 1245 768 non
1263 707 1357 769 solnm
1377 707 1473 767 omnis

179 808 227 869 ιειι
256 814 288 868 et
311 808 494 876 eommunis,
523 806 635 867 seilicet
657 809 796 887 quoniam
820 808 967 892 gracifllis
987 813 1017 870 in
1045 813 1181 889 genetivo
1203 828 1237 870 ex
1261 807 1424 870 masculino
1445 815 1475 868 et

180 907 320 970 leminino
343 916 373 968 et
386 916 492 969 neutro
515 915 561 969 est
581 911 700 986 generis
721 912 831 979 omnis;
855 920 968 974 atvero
992 914 1171 972 nominativo
1194 918 1238 971 est
1259 910 1376 988 generis
1392 927 1473 969 com·

180 1012 283 1071 monis.
325 1016 356 1071 et
378 1009 454 1078 ideo,
478 1017 620 1088 utsupra
642 1013 699 1071 iam
722 1014 751 1071 in
773 1031 882 1090 genere
905 1016 1054 1074 communi
1073 1011 1078 1092 l
1098 1014 1261 1082 docuimus,
1284 1013 1370 1072 etiarn
1394 1026 1474 1070 nunc
1499 1035 1512 1074 s

180 1128 343 1181 monemus,
369 1111 426 1171 hoc
442 1119 535 1173 estut
555 1104 757 1174 absolutorum
780 1117 932 1175 nominum
954 1115 1127 1176 conicienda
1149 1115 1208 1174 sint
1224 1129 1343 1190 genera,
1364 1109 1475 1172 seilicet

180 1215 253 1293 qnia,
276 1215 321 1274 sic
339 1214 380 1272 uti
403 1216 460 1273 iam
478 1190 566 1291 supro
583 1213 718 1282 diximus,
743 1233 802 1274 nou
821 1234 938 1295 semper
952 1218 1050 1277 omnia
1071 1217 1189 1275 uomina
1214 1212 1348 1274 absolute
1370 1212 1473 1291 posite,

180 1315 233 1375 loc
256 1324 312 1382 est,
334 1315 437 1376 sicuti
458 1316 516 1375 iam
539 1315 674 1384 diximus,
697 1317 761 1376 sine
783 1335 852 1377 casu
876 1317 920 1378 rel
942 1335 1052 1394 genere
1075 1325 1125 1377 aut
1148 1333 1272 1376 numero
1296 1314 1399 1393 posite,
1422 1329 1475 1390 per

181 1434 281 1477 omnes
301 1433 389 1477 rosus
407 1433 467 1476 uno
486 1433 597 1493 genere
617 1424 815 1496 perseverant.
851 1437 929 1479 nunc
951 1420 1038 1480 etiam
1060 1419 1118 1479 lroc
1137 1434 1302 1484 monemus,
1322 1414 1402 1494 quod
1417 1415 1476 1476 sint

180 1517 277 1598 aliqui,
301 1518 399 1597 quiet
419 1518 499 1600 qnod
519 1517 615 1580 trihus
633 1518 793 1597 generibus
813 1522 950 1581 convenit
980 1523 1098 1599 generis
1114 1518 1278 1580 cummunis
1294 1534 1359 1578 esso
1374 1514 1473 1583 velint,
1490 1535 1515 1578 ro

180 1617 233 1679 loe
256 1625 304 1680 est
327 1626 361 1678 ut
387 1626 528 1701 quattuor
555 1636 664 1697 genera
693 1623 844 1682 nominum
872 1629 986 1682 tentum
1015 1639 1079 1682 esse
1103 1619 1252 1682 deliniant.
1296 1617 1348 1679 sed
1376 1616 1423 1686 hi,
1451 1616 1477 1676 si

181 1723 324 1781 rationem
360 1723 512 1782 metricam
543 1721 587 1782 rel
617 1729 834 1784 structurarum
867 1721 979 1802 legant,
1014 1733 1084 1784 tunc
1116 1719 1301 1799 intellegent,
1334 1723 1475 1801 quantum

181 1838 338 1883 commune
360 1838 456 1900 genos
475 1841 492 1885 a
514 1840 624 1902 genere
645 1825 725 1884 omni
749 1824 872 1895 diderat,
897 1832 926 1886 et
939 1824 1023 1910 ideo,
1047 1830 1077 1885 ut
1100 1823 1236 1891 diximus,
1256 1819 1335 1901 quod
1360 1818 1477 1881 duobus

182 1922 342 2001 generibus
369 1925 523 1994 convenit,
556 1926 675 2003 generis
700 1942 764 1987 esse
792 1927 972 1996 communis,
1008 1924 1087 2005 quod
1116 1941 1185 1985 rero
1216 1916 1325 1991 tritius,
1359 1919 1478 1999 generis

182 2026 290 2094 omuis3
320 2024 434 2086 scilieet
455 2027 594 2107 quoniam
623 2036 744 2106 propter
771 2024 915 2089 rationem
937 2034 1151 2089 structurarum
1178 2023 1221 2085 rel
1244 2024 1396 2085 metricam
1424 2039 1476 2083 ne·
1491 2042 1515 2083 rs

183 2146 260 2188 cesse
284 2134 332 2188 est
346 2134 388 2188 ιιι
409 2126 580 2188 nominibus
605 2130 736 2211 quinque
759 2146 868 2207 genera
892 2130 951 2190 sint
971 2128 1147 2189 necessaria.
1193 2124 1230 2186 de
1252 2141 1361 2202 genere
1380 2123 1476 2185 nomi·

184 2244 259 2296 unm,
282 2237 429 2308 quantum
450 2230 526 2290 ratio
547 2229 696 2307 poscebat,
719 2232 790 2292 satis
811 2233 1011 2291 tractavimus.

745 2429 780 2470 ut:
794 2429 910 2471 ttcvnn.

262 2533 373 2612 Figura
397 2535 549 2594 nominum
571 2533 688 2596 duobus
708 2535 802 2595 modis
823 2532 1014 2611 intellegitur,
1047 2534 1105 2594 hoc
1127 2539 1172 2595 est
1195 2529 1319 2610 simplex
1342 2536 1372 2591 ει
1393 2546 1475 2590 εοιιι-

182 2637 282 2713 posite.
302 2634 429 2714 simplex
452 2635 545 2712 ligura
569 2638 721 2697 nominum
740 2635 928 2714 intellegitur,
948 2636 1067 2716 quando
1090 2654 1124 2695 ex
1149 2652 1206 2695 una
1228 2640 1312 2712 parte
1334 2631 1475 2693 orationis
1488 2648 1515 2690 ro
1616 2717 1617 2721 Ἰ

183 2743 293 2798 tentum
317 2737 439 2797 nomino
465 2738 654 2799 inveniuntur
682 2756 746 2799 esse
769 2739 943 2808 constituta,
974 2745 1007 2798 ut
1034 2731 1102 2815 puta
1132 2735 1200 2797 lelix
1222 2733 1325 2796 Cicero
1354 2729 1478 2794 callidus

182 2837 249 2899 Cato
272 2855 360 2917 puer.
392 2840 435 2899 sic
457 2847 487 2900 et
508 2847 606 2901 cetere
628 2839 696 2901 talia
718 2841 845 2910 nomina,
868 2857 944 2921 quae
966 2859 1001 2900 ex
1021 2857 1079 2899 una
1095 2847 1177 2918 parte
1200 2837 1342 2897 orationis
1363 2840 1477 2895 tautum

181 2939 373 3018 reperiuntur
395 2957 461 3001 esse
476 2942 644 3011 constituta,
667 2942 703 3002 od
718 2941 842 3020 figuram
857 2940 1021 3021 simplicem
1044 2957 1165 3002 necesse
1188 2946 1232 3000 est
1253 2944 1286 2998 ut
1301 2937 1475 3015 pertineant.

181 3041 343 3121 composita
365 3040 460 3119 ligura
481 3044 632 3104 nominum
655 3042 851 3122 intellegitur,
874 3042 993 3123 quando
1013 3060 1073 3101 non
1096 3058 1130 3102 ex
1154 3058 1211 3100 una
1232 3046 1314 3118 parte
1337 3037 1478 3098 orationis

180 3152 292 3203 trulum
313 3143 506 3203 inveniuntur
531 3146 650 3205 nomina
679 3164 744 3206 esse
773 3147 940 3206 constituta.
986 3144 1172 3221 componitur
1199 3133 1308 3202 autem'
1323 3140 1476 3199 nominum
1490 3155 1516 3196 ao

180 3245 275 3323 figura
305 3261 342 3304 ex
374 3245 491 3320 integro
519 3244 563 3306 rel
593 3247 715 3325 integris
748 3254 777 3307 et
802 3252 954 3325 corrupto.
999 3245 1146 3321 integrum
1182 3241 1225 3303 rel
1258 3243 1371 3318 integra
1399 3245 1478 3307 sunt,

179 3364 255 3427 qnae
286 3344 366 3407 solas
389 3355 486 3424 partes
513 3349 657 3409 orationis
685 3349 854 3427 designant,
884 3355 917 3407 ut
937 3355 1009 3426 puta
1029 3346 1132 3407 Cicero
1161 3351 1192 3402 tu
1214 3342 1280 3419 lego
1308 3359 1362 3420 per
1390 3338 1479 3421 [haec

180 3446 297 3529 rerba}
343 3448 386 3508 sic
406 3454 437 3508 et
455 3456 553 3509 cetera
574 3448 658 3519 talia,
682 3468 758 3529 quae
780 3451 815 3511 ad
839 3447 917 3511 solas
938 3456 1039 3527 partes
1060 3444 1201 3506 orationis
1214 3443 1372 3521 pertinere
1392 3457 1478 3518 repe·

178 3549 317 3618 fiuntur,
340 3550 489 3628 integrum
513 3550 558 3612 rel
580 3551 694 3628 integra
724 3569 787 3613 esse
814 3551 1051 3630 pronuntiantur.
1097 3552 1270 3623 corruptum
1298 3549 1395 3605 autem
1424 3547 1479 3610 est,

180 3651 261 3731 qnod
282 3648 392 3711 nnllam
414 3660 530 3731 portem
552 3655 695 3715 orationis
715 3654 906 3721 demonstrat,
929 3657 962 3712 ιιι
981 3656 1051 3729 puta
1072 3647 1115 3710 les
1136 3664 1194 3727 por
1217 3664 1268 3706 nas
1289 3661 1338 3705 ros
1353 3641 1398 3704 cal
1420 3658 1477 3719 pur
1492 3659 1519 3701 so

178 3754 262 3815 tisa.
301 3755 347 3814 rr'c
367 3759 397 3814 et
419 3760 519 3815 cetere
537 3753 620 3826 talla,
641 3774 717 3835 qnae
737 3756 773 3816 ad
789 3753 898 3815 nullam
922 3760 1037 3832 partem
1061 3750 1203 3811 orationis
1219 3747 1378 3808 convenire
1400 3745 1480 3805 inre·

179 3856 313 3922 ninutor,
330 3854 367 3915 ad
387 3862 561 3935 corruptum
584 3858 734 3935 pertinere
757 3858 996 3937 pronuntiantur.
1026 3870 1104 3913 nunc
1128 3850 1268 3931 quoniam
1291 3846 1363 3929 quid
1380 3846 1419 3906 sit
1435 3845 1480 3905 in·

178 3966 300 4036 tegrum
324 3962 354 4017 ει
374 3955 446 4036 quid
467 3958 506 4018 sit
525 3965 701 4037 eormptnm
729 3959 935 4039 exposuimus,
970 3963 999 4016 et
1020 3955 1086 4016 ideo
1108 3956 1167 4014 iam
1190 3949 1336 4031 quemad
1359 3947 1481 4009 modum

179 4059 231 4121 ssat
252 4059 349 4137 ligura
368 4061 533 4138 composita
552 4058 721 4122 doceamus.
753 4061 915 4139 composita
936 4058 1030 4136 ligura
1054 4056 1206 4117 nominum
1229 4052 1270 4120 ut,
1294 4057 1327 4112 ut
1342 4049 1479 4117 diximus,

179 4159 301 4223 dnobus
321 4159 428 4230 modis,
450 4160 508 4221 hoc
526 4166 570 4222 est
591 4180 627 4223 ex
647 4160 787 4242 intessffgris
808 4162 869 4222 sire
891 4162 1007 4237 integro
1031 4165 1061 4219 ει
1082 4163 1232 4234 corrupto.
1262 4152 1313 4214 sed
1332 4149 1520 4212 bivariano

181 4264 260 4324 inter
274 4269 428 4342 reprom
449 4269 518 4324 sunt
538 4262 650 4325 scilicet
669 4263 797 4332 nomina,
820 4262 945 4340 liguram
966 4259 1158 4339 compositam
1179 4255 1319 4321 eliciunt,
1338 4251 1345 4334 Ι
1364 4259 1394 4314 ει
1413 4249 1480 4311 ideo

181 4362 279 4446 aliqua
295 4380 401 4426 eorum
419 4363 600 4426 subiciemos
615 4363 758 4444 exempla,
781 4362 889 4446 quibus
905 4360 1044 4424 facillime
1058 4367 1088 4420 et
1104 4365 1204 4419 cetera
1218 4358 1277 4417 sint
1290 4351 1481 4416 dinoscendo.

254 4535 337 4587 leod
351 4545 376 4586 et
396 4534 432 4585 od
449 4534 553 4585 nliudo
639 4534 798 4586 iobsolote
814 4535 899 4600 posits
915 4546 930 4582 o
947 4531 1062 4581 obsolute
1078 4526 1238 4593 oppositoll
1329 4525 1359 4573 ιι
1383 4535 1441 4572 erse
1457 4519 1482 4570 ιι

182 4617 221 4656 est
238 4623 253 4655 o
323 4605 392 4670 quod
408 4619 471 4654 rero
489 4605 570 4655 tribus
586 4605 722 4671 generibus
740 4605 858 4655 convenit
876 4603 978 4668 generis
994 4601 1109 4650 omnis.o
1127 4613 1163 4647 ex
1180 4596 1268 4649 codice
1282 4594 1401 4644 Parisino
1414 4591 1483 4642 roto

251 4678 285 4728 24
301 4676 446 4743 composite
465 4671 562 4742 flgurn]
584 4674 692 4738 Pompei.
709 4689 738 4737 p.
755 4673 812 4726 ιδι-
829 4673 876 4724 187
949 4672 982 4720 tr
1001 4677 1026 4718 tu
1045 4669 1084 4718 rel
1103 4682 1152 4733 ego
1172 4665 1234 4715 ιιιιε
1252 4665 1347 4743 verbu,¹
1359 4663 1396 4743 sic
1414 4671 1441 4710 nt
1459 4667 1484 4709 et

181 4747 375 4798 cetemtolinr
447 4743 483 4796 30
501 4758 633 4810 posoorr.
654 4744 841 4809 porllposr
910 4740 942 4792 at
963 4741 1064 4791 nicom.
1084 4739 1123 4789 llo
1207 4734 1240 4785 35
1258 4735 1350 4784 unrinn
1371 4740 1483 4811 intereo

182 4832 256 4882 prout
271 4828 330 4869 suot
348 4820 373 4868 in
390 4815 481 4866 codice
497 4829 554 4865 esre
570 4820 679 4864 testatur
693 4813 775 4865 editor
792 4813 918 4864 Romam
934 4811 1034 4860 uariunt
1051 4810 1117 4858 inter
1133 4822 1162 4856 se
1181 4813 1255 4871 prout
1272 4801 1369 4852 suntll
1389 4814 1483 4851 vorren

183 4892 248 4944 inter
264 4908 293 4943 se
311 4897 422 4960 possum
442 4903 458 4935 r
