3314 5506
558 353 915 416 rnsrtrvrtturtvu
938 354 1105 416 769-772
1430 357 1488 422 163

241 468 405 524 amma
1271 471 1439 525 omme

196 541 280 604 nodo
301 541 491 603 coniunctiro
512 543 571 602 sive
589 540 727 622 iun]ctivo
750 549 882 620 tempore
904 543 1051 621 praesenti
1070 544 1130 604 sire
1152 543 1272 604 instanti
1293 547 1410 606 numeri
1430 547 1490 607 siu·

194 644 305 722 gularis
326 662 395 705 cum
416 641 461 706 ref
480 646 504 704 si
526 643 648 723 prober,
672 663 738 705 cum
761 644 805 704 vel
828 648 854 706 si
875 645 1020 726 proberis,
1044 665 1112 707 cum
1133 645 1179 708 ref
1198 648 1223 706 si
1245 646 1405 724 probetur;
1437 665 1490 708 nu·

190 748 267 809 meri
295 737 424 826 pfurafis'
451 764 520 806 cum
545 746 589 808 rel
614 748 639 808 si
667 746 843 825 probemur,
874 767 940 808 cum
968 747 1013 809 ref
1041 749 1066 808 si
1095 749 1277 827 probemini,
1310 769 1378 811 cum
1399 749 1445 812 ref
1466 752 1492 810 si

186 848 375 930 probentur:
410 848 515 908 eodem
537 849 625 909 modo
647 856 781 929 tempore
807 852 968 927 praeterito
990 852 1088 927 specie
1111 851 1286 929 imperfecta
1312 853 1372 912 sire
1393 852 1492 913 miuus

182 969 281 1032 φιιω
301 949 434 1028 perfecta
453 947 498 1010 ref
520 949 682 1012 inchoativa
712 953 829 1011 numeri
850 950 1007 1030 siugufaris
1036 971 1103 1012 cum
1125 953 1169 1012 ref
1189 955 1213 1014 si
1233 952 1395 1031 probarer,
1424 971 1492 1014 cum
1519 975 1531 1012 a

182 1052 235 1114 ref
258 1054 285 1113 si
308 1050 496 1130 probareris,
520 1069 586 1112 cum
610 1051 654 1113 vel
677 1054 701 1112 si
722 1042 918 1132 probaretur;
942 1055 1058 1115 numeri
1078 1052 1199 1131 pluralis
1220 1073 1288 1115 cum
1310 1054 1354 1115 rel
1377 1056 1402 1114 si
1423 1073 1493 1134 pro·

177 1152 352 1222 baremur,
376 1171 444 1214 cum
467 1151 511 1213 rel
533 1155 557 1213 si
580 1154 796 1232 probaremiui,
820 1174 887 1215 cum
908 1155 953 1216 vel
974 1157 998 1216 si
1018 1155 1236 1234 probarentur:
1252 1152 1265 1239 ΙΙ
1281 1156 1384 1217 codem
1403 1155 1493 1217 modo

179 1257 300 1319 eodem
325 1263 460 1334 tempore
481 1256 580 1335 specie
603 1256 733 1335 perfecta
757 1259 817 1318 sire
840 1257 973 1318 absoluta
997 1260 1114 1320 numeri
1132 1257 1290 1335 singularis
1312 1277 1379 1319 cum
1402 1257 1448 1319 ref
1470 1259 1493 1317 si

178 1357 338 1437 probatus
359 1359 430 1425 sim,
462 1375 528 1417 cum
551 1356 595 1417 ref
617 1361 643 1419 si
665 1359 809 1438 probatus
832 1361 887 1429 sis,
916 1379 984 1421 cum
1006 1358 1051 1421 ref
1077 1363 1102 1420 si
1128 1359 1271 1438 probatus
1292 1362 1345 1428 sit;
1377 1361 1494 1420 numeri

177 1459 318 1540 pluralis
352 1476 421 1520 cum
446 1457 490 1519 ref
511 1461 535 1519 si
557 1459 675 1537 probati
704 1463 810 1531 simus,
844 1481 912 1522 cum
942 1460 985 1522 vef
1008 1464 1033 1522 si
1060 1461 1179 1540 probati
1205 1464 1283 1530 sitis,
1315 1479 1383 1522 cum
1405 1458 1450 1520 vel
1470 1461 1495 1520 si
1510 1478 1533 1519 tc

180 1560 315 1642 probati
336 1561 411 1628 sint;
436 1567 466 1620 et
486 1560 626 1622 ufteriore
648 1563 779 1639 perfecta
801 1565 862 1626 sire
885 1563 1018 1625 absoluta
1043 1566 1159 1624 numeri
1181 1562 1339 1641 singufaris
1361 1580 1428 1624 cum
1450 1561 1496 1623 ref

179 1665 217 1724 si
238 1661 387 1743 probatus
407 1661 525 1732 fuerim,
548 1681 615 1724 cum
636 1663 680 1725 rel
696 1666 721 1725 si
744 1664 888 1743 probatus
907 1665 1009 1734 fueris,
1034 1683 1101 1726 cum
1122 1665 1167 1725 ref
1181 1666 1205 1725 si
1224 1663 1367 1743 probatus
1389 1664 1494 1731 fuerim

183 1765 314 1827 numeri
340 1761 464 1842 pluralis
492 1782 559 1824 cum
580 1764 625 1825 vef
649 1768 673 1824 si
695 1766 812 1846 probati
834 1768 991 1836 fuerimuS,
1021 1785 1089 1827 cum
1112 1766 1157 1827 ref
1180 1768 1205 1828 si
1226 1764 1343 1844 probati
1371 1765 1494 1833 fueritis,

186 1886 262 1929 cum
280 1864 328 1927 ref
347 1867 373 1927 si
390 1864 509 1944 probati
531 1867 659 1931 fuerint:
684 1868 787 1929 eodem
810 1870 899 1930 modo
919 1869 1023 1929 eodem
1045 1878 1179 1946 tempore
1201 1869 1301 1946 specie
1324 1865 1496 1946 plusquam·

188 1969 326 2049 perfecta
350 1967 409 2027 sire
433 1968 615 2043 recordativa
639 1968 683 2030 ref
706 1978 806 2031 exarto
829 1973 947 2032 numeri
968 1969 1125 2048 singularis
1148 1989 1215 2031 cum
1238 1968 1283 2030 ref
1305 1970 1329 2028 si
1351 1967 1494 2047 probatus
1508 1988 1533 2030 ro

191 2089 303 2139 essem,
325 2088 394 2130 cum
418 2069 463 2130 ref
485 2072 510 2131 si
530 2070 673 2149 probatus
693 2091 782 2142 esses,
806 2092 874 2133 cum
897 2072 942 2133 rel
963 2075 988 2133 si
1010 2072 1151 2153 probatus
1172 2079 1264 2141 esset;
1292 2071 1409 2131 numeri
1430 2068 1495 2149 pfu-

192 2174 265 2236 rafis
294 2157 368 2233 cum
387 2170 431 2232 ref
454 2172 480 2231 si
503 2171 620 2251 probati
642 2191 788 2242 essemus,
818 2194 886 2236 cum
908 2174 952 2235 ref
978 2177 1002 2237 si
1030 2174 1145 2254 probati
1168 2175 1286 2242 essetis,
1317 2190 1384 2233 cum
1407 2170 1452 2233 ref
1471 2173 1497 2231 si

193 2274 313 2356 probati
335 2280 449 2342 csseut;
486 2282 515 2335 et
535 2273 675 2336 ulteriore
697 2275 987 2355 plusquamperfecto
1019 2279 1080 2336 sire
1109 2275 1291 2337 recordativa
1322 2273 1365 2336 ref
1395 2281 1496 2335 exacta

194 2377 314 2440 numeri
335 2373 494 2452 singularis
515 2394 582 2437 cum
602 2377 646 2438 ref
664 2379 688 2438 si
710 2378 853 2457 probatus
875 2378 1004 2447 fuissem,
1026 2397 1093 2440 cum
1110 2375 1155 2438 vuf
1170 2378 1194 2437 si
1216 2375 1358 2454 probatus
1380 2375 1496 2443 fuisses,

194 2498 264 2541 eum
284 2475 331 2540 rel
349 2478 374 2538 si
397 2475 541 2555 probatus
564 2478 681 2548 fuisset;
705 2481 821 2541 numeri
842 2479 965 2560 pluralis
988 2499 1054 2541 curu
1076 2478 1121 2540 ref
1141 2481 1165 2540 si
1188 2476 1305 2558 probati
1327 2478 1494 2545 fuissemus,
1509 2495 1535 2536 ao

195 2599 264 2643 cum
293 2577 339 2641 rel
366 2580 392 2639 si
420 2580 536 2658 probati
562 2582 706 2650 fuissetis,
737 2599 805 2642 cum
833 2580 888 2642 vel·
907 2583 931 2644 si
959 2582 1076 2661 probati
1104 2582 1242 2643 fuissent:
1276 2580 1381 2641 eodem
1408 2579 1496 2640 modo

195 2693 331 2763 tempore
358 2682 460 2743 futuro
492 2684 609 2743 numeri
638 2682 795 2762 singularis
828 2703 894 2744 cum
920 2683 966 2745 ref
994 2686 1019 2744 si
1046 2682 1190 2762 probatus
1215 2700 1283 2752 ero,
1312 2700 1380 2742 cum
1403 2679 1448 2742 ref
1471 2681 1497 2740 si

196 2783 341 2866 probatus
361 2785 430 2853 eris,
454 2802 522 2845 cum
538 2783 583 2846 ref
602 2785 628 2845 si
648 2784 793 2864 probatus
809 2788 879 2854 erit;
904 2787 1020 2846 numeri
1041 2784 1164 2865 pluralis
1186 2804 1253 2847 cum
1270 2782 1314 2846 vel
1333 2785 1357 2844 si
1378 2782 1497 2862 probati

196 2890 323 2956 uinus,
346 2903 415 2946 cum
440 2885 486 2947 vel
508 2889 532 2946 si
555 2885 672 2965 probati
694 2888 791 2955 eritis,
819 2906 886 2948 cum
912 2886 956 2946 ref
982 2889 1006 2947 si
1032 2887 1149 2965 probati
1172 2889 1265 2955 erint;
1302 2893 1332 2946 et
1353 2885 1496 2945 ulteriore

198 2989 299 3051 futuro
320 2989 439 3048 numeri
460 2986 617 3066 singularis
644 3007 712 3049 cum
736 2987 781 3049 vel
802 2990 827 3049 si
849 2987 992 3067 probatus
1016 2990 1115 3061 fuero,
1142 3008 1210 3049 cum
1236 2986 1281 3049 vei
1303 2989 1328 3048 si
1351 2985 1495 3066 probatus
1509 3005 1534 3047 es

195 3094 299 3163 fueris,
319 3108 387 3152 cum
408 3088 454 3151 ref
477 3091 501 3150 si
523 3088 665 3168 probatus
683 3090 789 3158 fuerit;
813 3092 929 3151 numeri
951 3090 1074 3169 pluralis
1095 3108 1161 3151 cum
1185 3089 1228 3151 rel
1248 3091 1274 3149 si
1293 3087 1409 3167 probati
1433 3087 1495 3149 fue·

197 3197 301 3263 rimus,
324 3211 393 3255 cum
410 3191 456 3253 ref
478 3192 502 3253 si
524 3190 641 3269 probati
663 3193 787 3261 fueritis,
812 3210 879 3253 cum
903 3191 988 3254 celsi
1010 3192 1126 3270 probati
1148 3194 1269 3254 fuerint.
1314 3209 1384 3252 sanc
1408 3192 1495 3251 etiam

196 3296 253 3358 boc
274 3313 448 3363 monemus,
475 3294 554 3374 quod
582 3295 700 3371 generis
722 3296 830 3372 passivi
857 3295 916 3354 sire
945 3294 1120 3373 deponentis
1143 3293 1187 3355 ref
1218 3293 1383 3354 communis
1405 3290 1496 3353 rerba

195 3398 320 3461 nodum
340 3395 559 3477 inpersonalem
579 3395 624 3456 ref
648 3397 774 3471 gerundi
794 3398 854 3457 sive
870 3414 977 3456 nomeu
997 3394 1041 3456 ref
1063 3395 1289 3475 appeliationem
1311 3394 1347 3454 ad
1370 3394 1494 3453 formam

194 3501 317 3578 generis
343 3500 428 3561 activi
448 3499 510 3560 sire
536 3497 679 3560 neutrafis
705 3497 750 3559 ref
772 3497 928 3558 inchoativi
949 3515 1004 3558 uec
1031 3515 1091 3557 non
1120 3506 1149 3557 et
1174 3496 1381 3575 frequentativi
1408 3512 1494 3572 repe·
1509 3513 1534 3554 ao

195 3603 314 3665 riantur
338 3599 499 3663 declinare.
544 3608 678 3678 tempora
706 3600 927 3678 participiorum
954 3599 1111 3660 trabuntur
1133 3618 1149 3660 a
1170 3598 1260 3660 rerbo
1285 3597 1401 3676 passivo
1425 3595 1494 3664 duo,

195 3701 403 3787 praeiteritum
423 3701 575 3781 probatus,
598 3702 729 3762 futurum
750 3701 931 3779 probandus.

283 3805 363 3869 Sane
384 3803 443 3867 boc
459 3821 623 3873 monemus,
647 3802 724 3882 quod
748 3821 783 3862 ex
799 3801 855 3862 hac
876 3804 971 3882 prima
993 3804 1200 3882 coniugatione
1218 3803 1277 3862 sint
1297 3801 1371 3861 baec
1390 3818 1495 3861 norem

134 3951 138 3957 -
194 3906 298 3978 raba,
319 3905 351 3968 id
365 3914 411 3968 est
428 3914 475 3967 sto
492 3907 570 3967 insto
588 3912 668 3966 resto
691 3913 810 3983 praesto
828 3912 930 3978 consto
950 3905 1034 3966 adsto
1056 3904 1141 3966 obsto
1157 3914 1224 3966 exto
1239 3905 1287 3972 do,
1308 3921 1383 3983 quae
1398 3903 1496 3980 specio

194 4008 331 4090 perfecta
352 4014 477 4087 propter
497 4009 631 4083 integros
652 4024 741 4066 sonos
762 4007 799 4067 ad
819 4006 895 4067 bane
914 4006 1040 4068 formam
1066 4007 1192 4069 debeant
1214 4004 1370 4073 declinari,
1398 4003 1428 4065 id
1451 4009 1534 4065 emas

192 4113 264 4175 neti
284 4111 378 4173 institi
398 4110 495 4171 restiti
509 4101 523 4192 ss
538 4109 671 4187 praestiti
694 4109 812 4169 constiti
839 4108 938 4169 adstiti
966 4108 1065 4170 obstiti
1096 4111 1177 4170 extiti
1200 4108 1282 4170 dedi:
1315 4107 1360 4166 sic
1386 4113 1415 4165 et
1440 4121 1496 4183 per

192 4221 312 4276 oetem
328 4229 388 4283 res,
409 4229 485 4291 quas
505 4217 613 4289 regunt
634 4211 749 4288 species
771 4211 930 4288 perfectae,
954 4211 992 4270 ad
1014 4230 1103 4290 supra
1127 4211 1235 4271 dictam
1256 4208 1383 4270 formam
1406 4225 1495 4286 supra

190 4315 274 4377 dicta
297 4313 388 4376 rerba
406 4311 535 4374 ‹febeaut
558 4311 710 4373 declinari.
754 4329 833 4372 nunc
857 4330 930 4389 quas
951 4330 999 4372 res
1022 4314 1136 4390 species
1158 4312 1307 4390 perfectae
1329 4316 1434 4388 regant
1452 4306 1496 4367 ref

191 4435 213 4477 a
233 4416 344 4496 quibus
369 4414 462 4477 rebus
484 4415 564 4492 ipsae
585 4415 701 4492 species
722 4414 872 4491 perfectae
894 4420 1051 4492 regantur,
1077 4433 1130 4473 suo
1154 4415 1185 4473 in
1206 4412 1274 4473 foco
1303 4417 1496 4490 conpetenter

194 4517 398 4580 tractabimus.
444 4517 516 4576 item
543 4534 578 4576 ex
601 4515 656 4574 bac
684 4516 778 4594 prima
814 4515 1020 4592 coniugatione
1054 4524 1123 4576 sunt
1155 4514 1252 4596 aliqua
1282 4512 1384 4582 rerba,
1419 4529 1535 4591 quaero

213 4765 368 4887 ‘affige
386 4780 433 4815 om.
456 4761 489 4823 fi,
506 4761 567 4811 odd.
588 4760 614 4811 B
710 4760 744 4812 37
765 4777 805 4811 res
822 4777 868 4812 om.
891 4761 921 4824 fi,
941 4761 1002 4811 add.
1020 4778 1048 4811 ro
1135 4761 1170 4812 40
1188 4762 1351 4812 tractabimus
1369 4775 1385 4810 r
1402 4767 1496 4809 tracta·

192 4852 280 4888 nimus

1228 4917 1293 4978 11*
