3314 5506
635 386 842 477 carbonel
865 386 904 447 lll
927 387 1029 449 8-15
1376 392 1384 408 ⁸
1434 390 1475 452 99

250 502 366 544 ,ιιιιιι
381 500 405 542 ι.
1286 533 1292 544 .
1347 532 1354 544 .
1400 504 1424 545 ι,

192 515 306 635 verbum
325 572 384 634 bac
399 572 510 653 syllaba
530 575 717 634 terminatum
738 573 957 634 rationabiliter.
988 574 1090 635 narnia
1112 573 1206 636 littera
1227 574 1232 654 Ι
1251 504 1474 644 vrbu'dcdlbitur,

190 677 269 736 oiaia
286 675 388 736 littera
410 677 439 735 in
463 675 614 753 principiis
632 674 783 736 nominum
802 675 847 736 vei
863 675 1020 737 verborum
1039 678 1246 755 consequentis
1268 677 1396 757 syllabae
1417 684 1446 738 et
1458 673 1473 758 ll

188 794 353 837 consonans
374 778 551 856 principium
572 779 617 847 sit,
643 779 718 838 sicut
740 780 769 838 in
788 779 925 839 institutis
946 780 1061 847 artium,
1084 779 1141 840 boc
1156 787 1200 839 est
1220 781 1251 839 in
1266 779 1343 839 libro
1368 781 1473 856 primo,

188 881 355 949 monstravi,
377 877 525 940 llameuae
547 879 640 940 lraleo.
678 880 707 940 lo
728 882 842 958 primae
859 882 884 941 si
905 881 972 949 sint,
994 879 1050 941 lavi
1076 881 1183 941 iaciant
1205 888 1237 940 ιιι
1251 879 1333 941 caelo
1350 879 1473 946 caelavi:

186 983 288 1042 tertiae
308 998 383 1040 vero
401 988 557 1060 correptae
580 989 631 1041 aut
651 981 701 1052 lui,
724 991 758 1043 ut
783 980 893 1043 excello
916 981 1036 1042 excellis
1058 981 1196 1051 ascelini,
1219 989 1270 1043 sut
1291 983 1325 1050 li,
1349 989 1380 1042 ιιι
1402 981 1473 1043 tollo
1498 1007 1511 1044 s

185 1083 250 1151 tali.
275 1081 403 1144 sustollo
427 1083 531 1143 sustuli
575 1081 693 1163 [sustuli
722 1083 758 1144 de
785 1091 911 1163 utroque
934 1083 1039 1152 verbo;
1077 1101 1144 1143 narn
1170 1083 1222 1144 tuli
1250 1082 1287 1143 ab
1321 1103 1356 1144 eo
1385 1085 1472 1153 venit,

185 1185 261 1265 quod
282 1193 328 1245 est
349 1185 416 1245 lero
438 1183 516 1264 tuli].
561 1203 610 1244 mo
631 1186 744 1263 primae
762 1192 813 1244 ant
831 1186 906 1245 mavi
929 1185 1007 1254 lacit,
1028 1196 1061 1246 ut
1081 1203 1148 1245 amo
1170 1186 1273 1254 amavi,
1297 1185 1391 1246 clamo
1414 1184 1473 1246 cla·

185 1288 273 1356 navi,
304 1294 356 1347 aut
379 1287 454 1356 mui,
478 1294 510 1347 ιιι
531 1287 620 1347 domo
641 1286 755 1355 domui;
786 1287 890 1348 tertiae
912 1304 986 1348 vero
1002 1297 1157 1365 correptae
1177 1296 1227 1348 aut
1247 1289 1307 1366 psi,
1336 1294 1370 1347 ut
1389 1305 1474 1349 sumo

184 1391 274 1450 sumis
295 1389 423 1466 sumpsi,
454 1396 505 1449 aut
525 1390 602 1458 mui,
626 1395 658 1449 ut
679 1395 774 1449 tremo
802 1391 904 1449 metiris
932 1391 1049 1450 tremui.
1094 1406 1133 1448 no
1161 1390 1274 1467 primae
1301 1390 1367 1449 navi
1394 1358 1473 1457 lacit,

183 1508 253 1551 uuo
273 1506 363 1551 sanas
384 1491 498 1559 sauavh
530 1492 636 1551 tertiae
657 1509 725 1551 vero
745 1499 900 1570 correptae
920 1493 965 1560 ιιι,
994 1490 1046 1550 sed
1068 1492 1097 1551 in
1119 1491 1266 1568 principio
1288 1489 1401 1570 syllaba
1423 1492 1473 1552 ad·
1488 1513 1513 1554 ιι

184 1595 274 1660 iecta‚
297 1609 373 1652 cano
392 1593 473 1652 canis
495 1593 603 1660 cecini,
627 1600 677 1652 aut
698 1594 739 1661 vi,
762 1610 853 1653 cerno
873 1594 972 1653 cernis
993 1594 1086 1662 crevi,
1109 1594 1174 1654 sino
1194 1593 1255 1653 sivi.
1299 1608 1338 1671 po
1360 1594 1474 1671 primae

184 1697 245 1774 pavi
273 1695 360 1762 iacit,
387 1702 419 1754 ut
445 1695 521 1773 stipo
548 1696 639 1773 stipas
666 1695 783 1772 stipavi;
816 1695 918 1755 tertiae
946 1712 1017 1755 vero
1044 1696 1089 1774 pi,
1118 1712 1226 1773 rumpo
1252 1696 1367 1774 rumpis
1395 1696 1474 1774 rupi.

184 1815 215 1876 q:
238 1796 317 1857 baec
334 1794 430 1856 littera
452 1796 517 1856 ideo
535 1814 594 1855 non
615 1797 762 1857 invenitur
776 1813 883 1874 regens
897 1795 1029 1864 verbum,
1052 1798 1190 1875 quoniam
1214 1795 1323 1857 nuliam
1346 1794 1473 1858 litteram

156 1903 161 1921 '
184 1897 359 1959 antecedere
382 1905 478 1976 potest
499 1898 554 1959 nisi
577 1917 596 1958 u
616 1907 646 1959 et
667 1897 794 1977 aliquam
817 1897 946 1959 vocalem
976 1916 1043 1959 curn
1063 1917 1096 1959 ea
1119 1898 1311 1960 antecedente
1333 1900 1472 1960 iunctam.

184 1999 259 2061 uode
281 2016 389 2078 supra,
418 2018 484 2060 cum
507 1999 544 2060 de
562 1998 711 2061 vocalibus
731 1999 971 2061 antecedentibus
993 2020 1011 2060 o
1033 1991 1159 2061 litteram
1181 2007 1389 2068 tractaremus,
1418 2019 1471 2078 po·
1485 2021 1510 2061 rs

179 2103 294 2162 suimus
320 2100 458 2180 relinquo
483 2100 625 2180 relinquis
652 2101 767 2183 reliqui.
813 2119 848 2162 ro
873 2103 986 2180 primae
1014 2102 1074 2162 ravi
1100 2102 1181 2170 lacit,
1212 2119 1267 2161 oro
1288 2118 1356 2162 oras
1375 2102 1471 2169 oravi;

184 2205 287 2264 tertiae
308 2220 379 2262 vero
400 2210 555 2281 correptae
577 2211 627 2263 ant
648 2205 684 2272 vi,
707 2211 740 2263 ut
759 2221 827 2264 sero
848 2205 923 2264 seris
943 2206 1012 2273 sevi,
1034 2212 1086 2265 aut
1106 2203 1158 2263 sivi
1179 2204 1282 2272 mittit,
1305 2211 1339 2264 ut
1360 2220 1472 2282 quaero

184 2307 300 2384 quaeris
322 2305 467 2383 quaesivi,
491 2305 541 2366 a‘ut
561 2306 623 2372 rui,
645 2313 679 2366 ut
699 2306 798 2366 insero
818 2307 923 2366 inseris
945 2308 1067 2367 inserui.
1109 2324 1143 2364 so
1165 2307 1279 2385 primae
1300 2307 1360 2366 aavi
1384 2322 1472 2384 prae·

184 2407 267 2467 terito
291 2407 377 2476 lacit,
406 2423 499 2485 pauso
520 2424 628 2486 pensas
649 2409 784 2486 pensavi;
814 2409 917 2469 tertiae
936 2425 1008 2470 vero
1029 2409 1071 2478 vi,
1102 2426 1212 2489 quaeso
1233 2409 1370 2487 quaesivi.
1414 2405 1474 2469 talo

184 2517 225 2569 ost
241 2526 336 2570 cerno
359 2526 462 2569 crasco
483 2510 569 2569 crevi.
614 2517 645 2568 to
665 2511 778 2587 primae
800 2511 854 2569 tavi
877 2511 960 2579 lacit,
989 2518 1071 2570 muto
1092 2517 1188 2569 mutas
1210 2509 1334 2576 mutavi;
1367 2511 1471 2570 tertiae
1484 2529 1510 2571 aa

183 2628 250 2670 rero
270 2612 312 2680 si,
340 2612 427 2670 mitto
450 2611 539 2670 mittis
560 2612 641 2678 misi,
667 2618 717 2672 aut
739 2613 774 2678 ti,
798 2619 831 2671 ut
852 2620 934 2671 verto
955 2613 1044 2672 vertis
1064 2613 1154 2679 verti,
1185 2619 1236 2671 ant
1257 2612 1301 2679 ui,
1325 2618 1358 2671 ut
1379 2619 1472 2672 sterto

183 2715 279 2774 stertis
312 2713 435 2772 stertui:
468 2713 586 2773 Persius
618 2715 829 2792 ‘postquam
862 2713 1067 2773 destertuit
1100 2717 1207 2773 esse’.
1253 2713 1278 2772 si
1306 2731 1322 2773 c
1352 2721 1420 2774 aute
1441 2721 1472 2774 to

184 2813 321 2874 babuerit
341 2814 438 2892 prima
458 2812 539 2875 verbi
560 2832 702 2892 persona,
731 2814 825 2892 prima
852 2815 1019 2892 coniugatio
1041 2817 1116 2875 ctavi
1140 2815 1209 2878 lacit
1238 2807 1386 2894 inspecte
1404 2832 1473 2894 per·

184 2916 265 2985 lecta,
290 2923 391 2976 macto
413 2924 524 2976 mactas
546 2919 684 2985 mactari:
706 2917 791 2977 tertia
814 2933 884 2977 vero
905 2925 1042 2995 correpta
1064 2919 1128 2985 xui,
1150 2925 1237 2977 necto
1259 2917 1352 2977 nectis
1373 2919 1470 2985 nexui,
1495 2921 1498 2925 ’

186 3017 269 3078 liecto
288 3015 387 3076 flectis
407 3015 506 3076 dcxci.
549 3018 722 3096 septimae
744 3017 807 3078 xavi
830 3018 952 3087 iaciant,
982 3018 1057 3079 elixo
1080 3019 1170 3081 elixas
1191 3018 1308 3088 dixeri,
1337 3028 1387 3080 aut
1411 3020 1468 3088 xui,
1482 3038 1508 3079 ss

185 3121 266 3180 enixo
286 3120 392 3180 enixae
409 3120 522 3193 enixui3
545 3121 649 3179 tertiae
668 3138 739 3179 vero
760 3122 819 3188 vui,
838 3127 870 3180 ut
891 3137 967 3180 uero
991 3121 1073 3182 nexis
1094 3122 1192 3181 nexui.
1208 3118 1222 3204 ΙΙ

264 3218 429 3291 Quoniam,
456 3222 532 3281 sicut
558 3220 702 3290 arbitror,
729 3221 911 3282 sufficienter
935 3224 1124 3284 tractavimus
1152 3224 1188 3284 da
1210 3223 1307 3284 verbis
1328 3243 1345 3283 o
1374 3224 1472 3286 littera

186 3323 361 3390 terminatis,
391 3323 540 3383 veniamus
564 3322 600 3383 ad
629 3341 662 3383 ea
683 3340 759 3401 quae
779 3341 814 3384 or
838 3321 947 3404 syllaba
975 3326 1179 3385 terminantur.
1224 3343 1259 3386 or
1280 3324 1389 3406 syllaba
1412 3332 1471 3386 ter·

185 3427 291 3486 murata
318 3424 380 3486 aive
408 3441 483 3502 pura
509 3425 569 3485 sive
593 3423 686 3485 vocali
714 3424 758 3486 vel
786 3434 965 3487 consonante
993 3426 1200 3504 praecedente,
1229 3428 1254 3488 si
1281 3427 1393 3504 primae
1411 3428 1471 3488 aiut

185 3526 400 3603 coniugatiouis
421 3525 465 3586 rel
487 3526 634 3588 secundae
656 3525 700 3587 vel
722 3529 825 3589 tertiae
844 3527 1020 3605 productae,
1050 3528 1077 3589 id
1099 3536 1144 3589 est
1162 3536 1300 3607 quartae,
1326 3536 1395 3589 ante
1415 3545 1469 3589 no·
1482 3545 1509 3588 so

185 3630 330 3691 ιῗκιιιιιιιι
366 3625 493 3688 litteram
525 3629 678 3689 secundae
704 3647 848 3708 personae
884 3631 1035 3690 activitatis
1067 3631 1093 3690 ri
1124 3629 1265 3709 syllabam
1299 3621 1470 3708 accipientia

185 3731 290 3792 lacient
309 3729 472 3791 secundm
492 3747 649 3808 personam
668 3731 855 3809 passivitatis,
884 3739 916 3793 ut
938 3749 1005 3792 amo
1026 3748 1107 3793 amas
1127 3750 1210 3793 amor
1231 3733 1353 3800 amaris,
1377 3730 1471 3794 dooeo

184 3832 270 3895 doces
285 3831 398 3892 doceor
410 3832 536 3900 doceris,
554 3828 559 3913 Ι
577 3834 676 3893 munio
698 3834 795 3893 munis
817 3834 933 3893 munior
956 3835 1087 3894 muniris.
1116 3834 1219 3895 tertiae
1233 3852 1302 3895 vero
1317 3843 1473 3913 correptae

184 3935 339 3996 ilitteram
367 3936 398 3993 in
417 3952 433 3994 e
456 3941 622 4012 correptam
651 3934 806 3997 mutabunt
828 3943 857 3996 ct
881 3936 924 3996 sic
946 3955 1013 3996 cum
1036 3955 1052 3996 e
1077 3938 1103 3997 ri
1123 3944 1189 3996 ante
1210 3954 1225 3995 s
1250 3937 1409 4016 accipient,
1439 3947 1472 3998 ut

183 4033 244 4116 lego
269 4034 346 4114 legia
370 4033 455 4112 legor
475 4032 597 4111 legeris,
622 4044 653 4096 et
672 4038 755 4114 siqua
779 4034 854 4096 talia.
900 4044 1017 4116 tempus
1044 4045 1142 4101 autem
1170 4039 1332 4116 perlectum
1364 4040 1509 4100 iaciemss

183 4157 284 4200 omnes
311 4137 536 4216 coniugatioues
563 4139 716 4216 participio
745 4138 907 4198 masculino
936 4140 1077 4218 temporis
1104 4141 1253 4219 praeteriti
1281 4139 1376 4201 addita
1404 4157 1469 4201 sum

182 4239 301 4319 syllaba,
326 4239 375 4300 bic
396 4245 511 4299 amatus
530 4250 740 4329 amatussnm,
761 4238 809 4299 hic
831 4238 935 4301 doctus
957 4242 1062 4302 doctus
1080 4258 1159 4311 sum,
1181 4241 1227 4302 iric
1249 4227 1376 4321 scriptus
1397 4244 1470 4303 scri·

182 4350 246 4421 ptus
267 4360 346 4411 sum,
370 4341 419 4402 nic
440 4336 569 4402 munitus
590 4343 721 4403 munitus
739 4360 814 4402 sum.
845 4343 877 4404 ιιι
898 4351 995 4404 autem
1017 4344 1201 4422 participium
1223 4344 1363 4422 temporis
1384 4362 1469 4422 prae·

246 4514 332 4564 2uisi
349 4521 412 4562 aute
430 4527 448 4561 a
467 4510 573 4560 litteram
592 4525 610 4569 ς
695 4512 711 4562 9
733 4512 887 4578 principium
905 4513 938 4562 sit
955 4528 972 4571 ς
995 4514 1149 4579 principium
1164 4523 1189 4564 et
1205 4513 1230 4564 B
1315 4515 1333 4564 4
1356 4512 1428 4564 caleo
1445 4514 1471 4565 B

180 4582 251 4636 baleo
266 4584 345 4635 barto
366 4592 393 4634 et
412 4582 435 4631 si
452 4595 504 4643 qus
521 4580 582 4631 talia
598 4594 616 4638 ς
638 4590 665 4632 et
680 4581 809 4633 Sacerdos
829 4599 858 4645 p.
872 4581 907 4633 69
1009 4585 1026 4634 b
1048 4584 1108 4635 tollo
1125 4583 1171 4635 tuli
1192 4581 1298 4633 sustollo
1316 4582 1411 4634 sustuli
1424 4584 1471 4635 tull

180 4654 267 4706 ιιιιιιιιι
284 4656 317 4706 de
332 4655 375 4706 B:
394 4651 432 4716 cs.
455 4651 564 4714 Pompei
576 4666 604 4714 ιι.
616 4651 668 4703 926
738 4653 770 4703 lt
787 4648 978 4703 antecedentem
995 4653 1020 4702 B
1091 4655 1123 4707 16
1140 4651 1243 4718 reliqui]
1263 4652 1371 4715 relinqui
1386 4654 1412 4705 B

181 4723 211 4773 tu
227 4721 330 4792 quaeso]
352 4723 488 4775 modae
504 4736 532 4782 ιι.
548 4721 600 4773 902
668 4723 703 4772 99
720 4720 831 4787 Persius]
849 4730 899 4773 aar.
919 4723 944 4783 6,
964 4721 996 4773 19
1093 4724 1214 4774 daunai
1233 4723 1258 4772 B
1343 4721 1376 4773 26
1392 4723 1469 4790 nexo]

179 4794 299 4846 prum
314 4811 344 4860 p
364 4792 424 4846 860
496 4787 530 4840 34
548 4791 654 4842 mutauit
669 4801 768 4856 tempus
787 4800 870 4842 autem
889 4794 1049 4859 etinourp.
1064 4793 1126 4845 add.
1147 4801 1170 4843 et
1186 4807 1224 4842 arc
1240 4794 1469 4843 cumemautes

177 4867 266 4932 accipit
282 4876 309 4917 ut
325 4866 388 4935 lego
411 4860 482 4927 legis
502 4860 572 4926 legor
589 4861 658 4927 geris
677 4870 701 4912 et
718 4862 740 4911 si
759 4877 809 4925 qus
827 4861 887 4912 talia
902 4863 927 4912 B
996 4863 1030 4914 35
1048 4863 1135 4913 tinient
1151 4877 1219 4916 corr.
1237 4861 1332 4912 taciem
1350 4863 1375 4913 B
