3314 5506
515 377 712 439 lNSTlTVTA
732 375 872 443 Alt'lll'lll
895 377 1062 438 564-576
1376 376 1433 440 133

220 491 360 543 utut-neu.
1224 507 1245 545 p.
1259 492 1382 536 ultumi.

180 561 313 638 unusne,
335 563 390 625 sibi
413 584 444 625 se
466 584 543 625 ase.
586 565 636 626 b'io
653 582 816 645 pronomen
838 567 934 641 minus
952 583 1038 644 quam
1055 567 1167 625 linitum
1187 565 1303 641 generis
1319 583 1433 625 mascu-

181 660 218 721 lini
235 664 331 741 ligurue
351 667 493 745 simplicis
516 670 630 728 numeri
654 667 811 744 singularis
833 686 918 727 casus
939 668 1119 735 nominativi,
1142 666 1220 745 quod
1239 664 1433 728 declinabitur

180 765 223 824 sic:
245 769 347 828 numeri
369 768 527 848 singularis
548 769 597 831 hie
618 770 706 830 buius
726 770 795 830 bnic
813 769 893 829 bunc
916 788 933 828 o
956 768 993 828 ab
1014 768 1085 835 boc,
1120 769 1236 828 numeri
1258 766 1380 846 pluralis
1402 768 1432 828 bi

180 865 263 929 borum
280 869 322 931 bis
339 870 394 931 bos
417 890 436 930 o
459 870 496 932 ab
518 871 579 940 his;
612 873 730 950 generis
756 871 888 932 seminini
922 872 1037 930 numeri
1065 868 1222 948 singularis
1251 869 1324 929 baec
1346 868 1433 929 buius

180 965 231 1027 buis
247 968 314 1031 banc
336 991 354 1033 o
373 971 411 1033 ab
429 972 495 1042 bac,
518 975 634 1034 numeri
656 972 778 1052 pluralis
799 972 855 1033 bae
872 972 877 1054 1
897 971 1002 1032 barum
1024 973 1070 1032 bis
1092 972 1146 1046 bas
1164 989 1182 1030 o
1203 970 1239 1031 ab
1253 971 1314 1039 his;
1342 988 1431 1049 geue·
1457 1000 1470 1036 s

180 1069 210 1128 ris
225 1074 305 1132 neutri
324 1075 439 1136 numeri
453 1075 611 1152 singularis
634 1069 801 1136 noe‘huins
823 1074 892 1134 huic
912 1073 969 1134 hoe
991 1093 1009 1133 o
1031 1073 1067 1133 ab
1087 1072 1153 1140 boe,
1176 1073 1292 1134 numeri
1311 1071 1433 1151 pluralis

180 1168 234 1231 brec
251 1173 346 1236 borum
367 1175 413 1236 bis
431 1177 506 1238 baec
525 1196 543 1237 o
565 1177 602 1237 ab
624 1177 679 1237 bio.
723 1195 794 1237 sane
815 1176 873 1236 boe
892 1194 1061 1247 monemus,
1089 1175 1166 1254 quod
1188 1174 1300 1235 Plinius
1320 1175 1432 1235 Secun-

179 1270 220 1330 dus
237 1273 276 1336 bic
295 1284 362 1338 tune
385 1277 475 1339 soluit
493 1279 555 1339 dici
577 1296 757 1358 pronomen,
785 1278 902 1356 quando
928 1277 1023 1338 solum
1045 1279 1196 1355 reperitur
1220 1274 1375 1345 declinari,
1400 1286 1434 1337 ut

180 1380 231 1449 pota
253 1377 293 1440 bic
318 1379 407 1441 buius
434 1388 463 1441 el
489 1389 587 1442 cetera
611 1381 778 1459 sequeutia:
810 1388 933 1441 atvero
962 1381 987 1439 si
1013 1398 1081 1439 curn
1104 1378 1159 1438 alia
1182 1386 1265 1456 parte
1293 1378 1433 1439 orationis

179 1474 310 1541 brutana
330 1482 489 1551 declinari,
519 1481 675 1543 articulum
698 1481 855 1561 appellari,
886 1488 1009 1560 utputa
1037 1481 1086 1542 bic
1107 1480 1177 1541 Cato
1205 1479 1293 1540 buius
1315 1477 1433 1540 Catonis
1448 1505 1471 1544 n

179 1583 303 1644 doeura
336 1586 497 1664 sequentia.
542 1585 594 1645 sed
624 1584 697 1646 baec
729 1568 869 1647 discretio
891 1603 907 1643 a
931 1582 1025 1645 Plinio
1047 1582 1184 1644 Secundo
1219 1583 1333 1642 cuneus
1362 1583 1433 1642 artis

179 1675 288 1747 latoribus
306 1694 489 1764 supervacue
509 1689 567 1748 risa
584 1689 628 1747 est
650 1688 795 1755 constitui,
815 1685 957 1765 siqnidem
978 1686 1074 1744 omnis
1094 1686 1188 1745 oratio
1210 1691 1279 1744 octo
1299 1681 1433 1763 partibus

178 1787 263 1846 [tutum
278 1790 408 1850 instituta
425 1790 461 1849 sit
480 1789 674 1873 pronuntiari.

241 1885 274 1949 lle
292 1891 416 1956 inlinita.
458 1892 569 1952 iullnita
603 1889 697 1951 lorma
730 1890 832 1950 decern
863 1907 967 1949 novem
998 1888 1072 1949 haee
1103 1889 1278 1965 pronomina
1303 1887 1433 1949 molinet

178 1990 276 2059 trouu,
299 1994 350 2070 qui
374 1991 417 2051 vel
438 1995 504 2071 quis
526 1993 644 2073 quidam
666 1995 844 2072 quicumque
868 1992 1023 2070 quisquam
1044 1991 1176 2070 quisquis
1195 1989 1329 2067 quisnam
1352 1990 1431 2068 quis·
1445 2015 1469 2055 n

178 2085 236 2160 plan
253 2091 351 2173 aliquis
374 2096 477 2172 nequis
503 2096 596 2173 siquis
617 2093 711 2172 qualis
739 2093 960 2173 quallseumque
982 2092 1047 2153 talis
1069 2100 1195 2170 quantus
1223 2099 1432 2170 quantuscum-

177 2204 220 2265 que
240 2199 326 2257 uncas
351 2204 459 2274 quotus
484 2203 718 2276 quotuscumque
748 2204 835 2257 totus.
881 2214 960 2256 nune
986 2213 1089 2256 eorum
1115 2193 1299 2272 singulorum
1324 2210 1432 2272 genera

178 2306 229 2351 tum
253 2295 440 2359 declinatione
473 2296 643 2358 subicimus.
688 2300 738 2376 qui
766 2296 811 2358 vel
843 2298 926 2377 quis·
938 2314 1101 2375 pronomen
1134 2296 1280 2357 inlinitum
1315 2295 1433 2373 generis

179 2397 298 2460 omnm
324 2401 437 2478 figurae
461 2399 602 2478 simplicis
631 2401 748 2460 numeri
769 2402 819 2478 qui
847 2403 1028 2466 eommunis.
1057 2401 1123 2478 quis
1149 2396 1320 2475 singularis,
1348 2415 1433 2458 casus

179 2497 327 2571 mmurliri,
360 2503 441 2582 quod
469 2500 664 2563 declinabitur
687 2503 742 2563 sic:
777 2503 894 2562 numeri
914 2501 1070 2579 singularis
1092 2502 1142 2580 qui
1162 2499 1207 2560 vel
1229 2501 1311 2578 quis,
1337 2499 1429 2567 euius,
1445 2525 1471 2563 ao

179 2595 225 2664 tul.
241 2619 333 2680 mern,
356 2605 407 2682 qui
428 2602 473 2664 vel
500 2604 581 2682 quis,
603 2621 620 2663 a
643 2623 701 2682 quo
724 2611 754 2666 el
775 2623 790 2664 a
813 2603 878 2682 qui;
913 2605 1029 2664 numeri
1055 2601 1176 2681 pluralis
1200 2603 1265 2680 qui,
1295 2606 1432 2679 quoru'm,

179 2696 260 2773 litibus
276 2707 403 2783 etquis,
430 2724 518 2785 quos,
549 2707 615 2785 qui,
646 2705 792 2784 aquibus
813 2713 843 2767 et
866 2707 983 2784 aquis;
1017 2705 1134 2782 generis
1158 2703 1290 2766 seminini
1317 2704 1433 2764 numeri

179 2797 301 2877 innuen
320 2826 397 2887 qnae
419 2810 502 2868 cuius
521 2808 568 2867 cui
590 2825 678 2884 quam
701 2826 776 2887 quae
798 2826 902 2887 aqua;
925 2809 1042 2868 numeri
1057 2805 1177 2885 pluralis
1186 2824 1276 2885 quae,
1296 2822 1432 2884 quarum,

180 2901 262 2977 quibus
279 2916 306 2968 et
325 2911 407 2988 quis,
434 2927 522 2988 quas,
554 2928 645 2988 quae,
674 2928 690 2970 a
712 2909 818 2989 quibus
839 2918 868 2970 et
888 2911 1003 2988 a‘quis3
1018 2906 1032 2990 ΙΙ
1047 2910 1164 2985 generis
1190 2908 1288 2967 neutri
1316 2905 1433 2966 numeri

181 3000 304 3081 siltutlaris
331 3010 411 3090 quod
444 3012 529 3071 euius
554 3012 601 3072 cui
631 3010 709 3091 quod
738 3012 816 3090 quod
847 3029 944 3090 aquo
965 3009 1008 3072 nel
1031 3029 1047 3071 a
1068 3012 1133 3091 qui;
1166 3009 1282 3070 numeri
1310 3005 1471 3086 pluralis'n

181 3118 249 3178 llic.
271 3131 408 3190 morum,
430 3112 537 3193 quibus
558 3115 688 3192 etquis,
711 3131 801 3192 quae,
825 3131 915 3192 quae,
937 3134 952 3175 a
977 3113 1085 3193 quibus
1106 3123 1136 3173 et
1157 3131 1173 3172 a
1194 3112 1270 3190 quis.
1314 3109 1432 3189 quidam

183 3219 310 3278 numu
327 3216 475 3289 inlinitum
496 3217 614 3292 generis
629 3214 781 3276 masculini
803 3217 915 3294 figurae
937 3216 1115 3294 compositae
1138 3215 1252 3274 numeri
1269 3211 1434 3272 communis

182 3320 247 3369 tuns
262 3319 439 3385 nominativi,
462 3317 540 3395 quod
565 3316 759 3378 declinabitur
784 3320 840 3378 sic:
875 3320 992 3378 numeri
1014 3315 1169 3394 singularis
1195 3313 1313 3393 qudam
1336 3314 1434 3373 euius·

182 3402 234 3467 Μ
248 3417 350 3478 cuinam
369 3419 516 3498 quendam
539 3420 657 3496 quidam
679 3440 694 3481 a
718 3419 861 3501 quodem,
883 3420 997 3479 numeri
1017 3417 1140 3496 pluralis
1161 3416 1279 3494 quidam
1302 3432 1433 3493 quorun·

183 3504 233 3570 Μ
253 3518 415 3595 quibusdam
440 3522 583 3599 quosdam
612 3523 731 3599 quidam
759 3520 987 3598 aquibnsdam;
1021 3519 1138 3596 generis
1161 3517 1293 3578 seminini
1316 3518 1471 3580 numerian

182 3608 305 3686 sanun,
321 3623 465 3702 quaedam
485 3623 636 3684 cuiusdam
657 3619 778 3684 cuidam,
794 3622 940 3702 quandam
959 3623 1103 3702 quaedam
1126 3620 1293 3700 aquodam,
1318 3621 1452 3680 numeri·

183 3707 275 3784 Μὴ
298 3726 439 3804 quaedam
460 3725 644 3805 quarundam
667 3724 841 3805 quibusdam
865 3725 1006 3805 quasdam
1032 3723 1174 3804 quaedam
1204 3742 1220 3784 a
1241 3720 1433 3801 quibusdam:
1566 3758 1588 3775 =

184 3821 374 3889 eumaeum
391 3827 506 3889 numeri
521 3828 678 3904 singularis
699 3829 846 3907 quoddam
870 3827 1021 3889 cuiusdam
1040 3825 1156 3887 cuidam
1172 3823 1320 3902 quoddam
1339 3823 1434 3903 quod·

184 3909 233 3976 ⁶²¹³
249 3930 412 4007 aquodam,
436 3931 551 3989 numeri
572 3929 694 4008 pluralis
714 3931 858 4010 quaedam
881 3928 1067 4007 quorundam
1094 3925 1268 4008 quibusdam
1290 3925 1433 4005 quaedam

184 4021 292 4090 medan
310 4050 327 4092 a
348 4031 533 4112 quibusdam.
578 4033 757 4110 quicumque
781 4049 945 4109 pronomen
967 4032 1112 4092 inlinitum
1136 4029 1253 4108 generis
1280 4026 1472 4091 masculinin

185 4112 266 4192 turrae
280 4133 285 4209 Ι
300 4135 478 4214 compositae
502 4136 615 4195 numeri
636 4136 800 4200 eommunis
819 4153 905 4195 casus
924 4135 1109 4201 nominativi.
1137 4132 1215 4211 quod
1238 4127 1435 4191 declinabitur

185 4215 225 4277 ¹5⁶²
250 4237 352 4297 mureti
380 4216 539 4312 singularis
568 4237 745 4315 quicumque
775 4238 986 4314 cuiuscumque
1013 4238 1188 4313 cuicumque
1218 4249 1436 4312 quemeumque

186 4320 324 4416 uinoque
344 4357 363 4398 a
384 4356 585 4418 quocumque,
610 4341 724 4399 numeri
748 4336 869 4417 pluralis
892 4339 1071 4415 quicumque
1092 4332 1348 4416 quorumcumque
1370 4335 1435 4413 qui·

188 4414 330 4517 lunamque
352 4458 556 4521 quoscumque
579 4443 756 4518 quicumque
776 4459 791 4500 a
816 4439 1064 4519 quibuscumque:
1087 4439 1206 4515 generis
1226 4437 1358 4497 seminini
1379 4452 1435 4494 nu-

187 4529 239 4588 mi
256 4540 403 4621 &nudaris
430 4560 632 4622 quaecumque
659 4544 873 4619 cuiuscumque
900 4542 1076 4620 cuicumque
1101 4556 1316 4620 quamcumque
1343 4550 1473 4614 qnae-⁴⁰
1541 4550 1549 4557 ·

235 4780 346 4851 lpliuius
365 4789 390 4839 R
408 4789 550 4854 pleniusB
621 4787 912 4840 lllbninsCatonlsrn
932 4787 1189 4838 buiuseicemnislt
1261 4783 1290 4833 ll
1311 4781 1434 4848 plinioll

186 4838 277 4904 Pl‘lllss
341 4861 377 4912 36
394 4861 536 4909 communis
552 4876 581 4910 rn
597 4859 773 4925 singularisll
