3346 5506
647 381 761 444 couvi.
784 383 824 444 vu
846 382 1024 445 oourvvu
1210 448 1216 465 ,
1418 383 1482 453 439

1263 505 1282 544 ρ.
1296 492 1353 534 taor.
1367 493 1429 535 aar.

188 573 358 633 invenimus
372 571 449 650 apud
464 578 567 650 poetas
589 571 708 631 nomina
732 587 786 649 pro
801 570 947 631 adverbiis
968 572 1141 642 constituta,
1163 579 1196 633 ut
1217 575 1377 633 ‘torvum
1401 571 1479 634 cla·

189 677 281 735 mat’
303 691 358 753 pro
381 692 416 734 eo
438 671 517 753 quod
538 680 583 732 εει
604 679 702 742 torve,
726 670 926 734 ‘horrendum
946 676 1081 735 resonat’
1105 690 1159 751 pro
1182 673 1319 753 eoquod
1341 685 1387 735 εει
1408 675 1479 735 bor·

188 775 295 837 rende.
339 793 397 856 qua
418 775 512 854 ligura
534 782 667 836 oratores
689 775 809 835 omuino
832 775 875 836 uti
897 793 958 836 uon
981 773 1099 836 debent.
1143 792 1237 854 genus
1259 776 1338 836 enirn
1360 782 1406 836 est
1428 793 1475 836 so·

187 877 338 948 loecismi,
367 877 443 938 sieut
468 877 532 954 ipse
554 876 685 937 Donatus
712 874 799 954 paulo
826 885 893 956 post
914 875 951 937 de
971 876 1138 938 soloecismi
1160 878 1274 938 rationo
1296 878 1479 939 monstravit.

187 980 269 1042 scire
297 986 395 1040 antem
426 975 567 1038 debemus
594 978 673 1058 quod
702 977 815 1041 dativus
836 976 993 1058 singularis
1020 980 1233 1042 otermiuatus
1254 977 1424 1041 adverbium
1447 980 1504 1040 ino

188 1100 207 1142 e
230 1082 333 1151 mittit,
356 1088 389 1141 ut
410 1078 479 1140 buic
501 1079 588 1140 docto
611 1078 711 1150 docte,
734 1081 744 1140 i
766 1081 940 1140 terminatus
960 1081 990 1140 in
1013 1088 1072 1152 ter,
1096 1089 1130 1142 ut
1150 1080 1219 1142 huic
1242 1080 1324 1160 agili,
1348 1080 1478 1161 agiliter3

188 1201 264 1265 quas
285 1181 404 1264 quidem
427 1179 544 1260 regulas
565 1198 654 1258 saepe
676 1182 841 1261 corrumpit
862 1183 1029 1244 auotoritas.
1074 1201 1141 1245 narn
1164 1183 1327 1244 invenimus
1349 1181 1478 1263 plerum-

188 1303 249 1365 que
271 1284 301 1345 id
324 1301 390 1345 esse
412 1281 597 1352 adverbium,
621 1284 671 1363 qui
693 1281 806 1343 dativus
828 1292 874 1345 εει
895 1301 993 1354 casus,
1017 1293 1051 1346 ut
1072 1282 1154 1346 ialso.
1200 1285 1272 1346 baec
1294 1292 1393 1346 autem
1415 1303 1477 1346 am·

187 1386 318 1464 biguitas
339 1383 506 1447 elocutione
528 1384 715 1446 discernitur.
745 1384 863 1464 quando
878 1386 957 1446 enun
980 1384 1045 1445 dico
1068 1384 1159 1448 ‘laiso
1175 1385 1287 1447 bomini
1301 1385 1397 1457 dedi',
1421 1387 1479 1448 erit

188 1505 320 1557 nomen;
343 1486 461 1567 quaudo
483 1486 549 1547 dico
572 1484 663 1546 ‘laiso
686 1483 843 1566 loqueris’,
868 1488 925 1548 erit
945 1486 1126 1550 adverbium.
1157 1489 1227 1550 item
1250 1486 1424 1569 plerumque
1445 1490 1515 1549 iuro

188 1590 372 1650 conburium
392 1588 509 1650 cedunt.
555 1606 623 1649 nam
644 1588 801 1650 Terentius
822 1590 863 1649 ait
889 1588 1049 1660 duriter,
1079 1607 1145 1651 cum
1168 1589 1243 1650 dure
1264 1589 1363 1651 dicere
1385 1588 1476 1651 debu·
1590 1642 1604 1655 .

188 1693 261 1762 erit,
289 1699 321 1752 et
343 1688 480 1769 Virgilius
501 1687 675 1769 lugubre,
706 1708 772 1751 eum
803 1689 967 1769 lugubriter
995 1701 1076 1752 recte
1098 1691 1237 1752 dicamus.
1282 1709 1317 1752 ea
1339 1689 1476 1752 adverbia

188 1790 380 1872 conparanda
406 1800 489 1861 sunt,
518 1810 593 1871 quae
621 1790 734 1853 ducunt
759 1793 903 1870 originem
926 1810 941 1853 a
964 1795 1085 1853 nomine
1105 1794 1268 1871 recipiente
1290 1793 1476 1872 conparatio·

188 1912 278 1967 nem,
308 1902 341 1955 ut
369 1904 425 1954 ost·
440 1893 553 1955 doctus.
598 1892 665 1954 ideo
693 1894 770 1954 euim
800 1893 925 1955 dicimus
954 1894 1038 1955 docte
1060 1894 1175 1956 duobus
1196 1894 1380 1965 doctissime,
1402 1913 1476 1976 quo·

188 1997 271 2057 niam
293 1978 394 2056 dicere
416 2012 571 2074 possumus
592 1995 697 2056 doctus
720 1995 833 2056 doctior
855 1995 1049 2058 doctissimus.
1080 1995 1117 2057 ab
1140 2015 1175 2057 eo
1197 1996 1275 2077 quod
1298 2005 1342 2057 est
1362 1994 1477 2059 Tullius
1491 2014 1515 2055 u

188 2116 258 2160 cum
285 2097 319 2158 iit
345 2095 533 2167 adverbium,
562 2115 622 2157 uon
650 2098 756 2176 recipit
784 2099 1038 2178 conparationem,
1061 2100 1129 2179 quia
1152 2117 1207 2159 uec
1230 2116 1338 2160 nomen
1360 2099 1476 2179 recipit.

186 2207 258 2262 suut
279 2197 335 2262 alia
359 2197 510 2269 adverbia,
540 2218 616 2279 quae
644 2216 697 2276 per
725 2216 837 2260 senon
861 2208 1075 2279 conparantur,
1106 2209 1193 2280 egent
1214 2208 1310 2262 autem
1334 2219 1476 2281 conpara·

186 2303 285 2373 douo,
314 2308 348 2361 ut
374 2308 419 2362 εει
446 2318 549 2362 mane:
586 2319 674 2362 nemo
697 2301 776 2361 enim
799 2300 870 2363 dicit
891 2285 1019 2372 manius,
1042 2319 1130 2362 uerno
1152 2304 1330 2364 manissime.
1374 2321 1477 2364 verum

188 2411 288 2465 tamen
320 2402 410 2473 banc,
438 2421 525 2483 quam
554 2421 608 2482 per
636 2401 824 2464 inflexionem
852 2420 911 2463 nou
939 2402 1095 2475 babemus,
1126 2423 1281 2485 possumus
1304 2404 1401 2466 iaoere
1423 2422 1477 2484 por
1579 2421 1581 2428 ’

188 2505 384 2567 adiectionem
406 2503 523 2566 illarum
546 2502 770 2583 particularum,
799 2513 832 2566 ut
852 2506 947 2583 magis
969 2514 998 2566 et
1019 2507 1160 2576 maxime,
1180 2502 1195 2590 ΙΙ
1215 2514 1247 2568 ιιι
1268 2513 1337 2586 puta
1364 2507 1402 2568 sit
1424 2525 1476 2586 po·
1490 2528 1516 2568 vo

187 2608 291 2669 sltivus
311 2623 416 2675 mane,
440 2608 645 2687 cooperativus
667 2606 760 2685 magis
782 2624 883 2679 mane,
906 2605 1102 2687 superlativus
1124 2609 1251 2669 maxime
1273 2625 1369 2669 mane.

274 2708 379 2771 Omnis
401 2726 469 2788 pars
491 2710 633 2770 orationis
656 2727 722 2770 oum
746 2709 867 2771 desierit
889 2727 952 2771 esse
974 2709 1054 2790 quod
1076 2719 1135 2781 est,
1159 2709 1231 2771 nihil
1253 2708 1331 2772 aliud
1355 2716 1400 2772 est
1421 2710 1478 2772 uisi

189 2808 370 2874 adverbium.
415 2810 526 2871 idcirco
554 2812 579 2871 si
606 2828 714 2871 nomon
743 2810 864 2873 desierit
886 2829 950 2873 esse
973 2830 1096 2882 nomeu,
1126 2830 1185 2873 uon
1213 2813 1284 2873 iacit
1311 2830 1476 2892 pronomen

188 2920 238 2974 aut
258 2912 464 2992 participium,
488 2911 540 2973 sed
563 2910 657 2973 solum
680 2913 868 2983 adverbium,
898 2921 932 2974 ut
952 2922 996 2974 est
1018 2912 1129 2975 sedulo.
1176 2931 1243 2974 nam
1265 2915 1291 2975 si
1313 2912 1392 2974 dicas
1414 2919 1475 2974 ‘se-

190 3012 257 3076 dulo
278 3014 394 3076 bomini
416 3013 484 3075 dedi
492 3016 513 3084 ',
538 3030 646 3075 nomeu
669 3022 729 3084 est;
752 3016 777 3076 si
799 3014 879 3076 dicas
901 3013 1022 3076 ‘sedrvlo
1038 3014 1122 3085 ieci’,
1141 3013 1312 3076 adverbium
1328 3022 1381 3076 est
1404 3016 1475 3076 item
1489 3038 1513 3076 rs

191 3133 354 3196 pronomen
376 3113 534 3196 aliquando
549 3124 579 3176 et
593 3114 764 3177 adverbium
787 3125 840 3176 εει.
871 3133 938 3177 cum
961 3117 1039 3176 euim
1063 3114 1128 3176 dieo
1151 3116 1219 3195 ‘qui
1241 3121 1313 3186 est',
1334 3117 1391 3177 erit
1406 3133 1475 3196 pro·

193 3235 316 3288 nomem
339 3234 407 3279 cum
430 3216 496 3279 dioc
520 3218 587 3297 ‘qui
609 3217 694 3287 scis’,
717 3218 775 3277 erit
795 3216 977 3278 adverbium.
1013 3218 1084 3278 item
1107 3216 1230 3280 verbum
1251 3216 1425 3298 plerumque
1447 3227 1478 3279 ει

192 3318 360 3381 adverbium
383 3327 437 3380 est.
481 3318 598 3398 quando
620 3319 699 3378 enim
722 3318 788 3380 dioo
809 3336 888 3398 pone
910 3320 1004 3397 prima
1033 3317 1142 3399 syllaba
1164 3328 1316 3380 accentum
1340 3318 1476 3390 briento,

193 3423 246 3483 erit
266 3420 405 3488 verbum:
428 3419 546 3500 quando
568 3419 687 3481 ultimae
710 3418 837 3499 syllabae
859 3418 898 3480 do
920 3428 1089 3491 accentum,
1113 3422 1170 3482 erit
1191 3420 1371 3482 adverbium.
1405 3423 1474 3482 item

193 3531 220 3583 ει
244 3522 433 3603 participium
461 3521 617 3602 aliquando
645 3499 814 3582 {adverbium
843 3528 897 3582 εει.
942 3538 1009 3583 cum
1037 3522 1115 3583 enim
1145 3520 1211 3582 dieo
1232 3528 1297 3583 ‘vno
1319 3522 1356 3583 ad
1378 3520 1513 3586 villamve

193 3623 323 3701 proiecto
352 3625 523 3700 conringttt
550 3624 737 3705 participium
766 3631 811 3684 est
836 3622 984 3701 proiecto:
1019 3641 1086 3684 eum
1119 3623 1185 3685 dico
1218 3623 1368 3704 ‘proiecto
1399 3621 1475 3684 male

193 3721 347 3806 loqueris’,
375 3724 545 3787 adverbium
574 3732 619 3787 est
646 3725 788 3805 proiecto.
833 3725 902 3786 item
932 3734 1000 3786 ante
1028 3726 1206 3804 praepositio
1234 3743 1292 3787 nou
1316 3743 1475 3805 numquam

194 3834 221 3887 ot
243 3825 415 3888 adverbium
443 3834 497 3887 est.
540 3828 719 3908 praepositio
746 3826 777 3887 in
806 3826 861 3887 bac
891 3824 1057 3888 elocutione
1085 3828 1157 3896 erit,
1186 3832 1271 3888 ‘ante
1299 3826 1474 3908 templum’;

193 3944 288 3990 casum
320 3928 397 3989 eninr
426 3927 516 3989 babet
540 3929 687 3991 iunctum:
724 3930 750 3988 si
771 3936 869 3989 autem
897 3927 978 3989 dicas
1000 3931 1087 3989 ‘ante
1109 3929 1192 3998 ieci',
1216 3931 1273 3990 erit
1293 3928 1474 3999 adverbium,

193 4031 328 4110 proniani
355 4031 489 4111 sequitur
514 4028 646 4092 verbum.
692 4038 723 4092 ut
750 4031 918 4092 coniunctio
941 4037 1002 4099 est,
1026 4029 1077 4091 sed
1100 4029 1274 4112 plerumque
1296 4039 1326 4092 ει
1347 4049 1401 4111 pro
1424 4030 1513 4097 adas

274 4319 288 4371 l
304 4317 414 4386 torvum]
436 4320 516 4385 Verp.
532 4320 596 4373 Aen.
611 4319 657 4369 Vll
670 4317 722 4370 399
802 4320 818 4368 7
837 4315 924 4385 saepe]
946 4333 1046 4383 semper
1061 4319 1102 4375 Pe
1186 4317 1218 4370 10
1233 4317 1303 4386 item]
1323 4320 1359 4369 ite
1374 4320 1399 4369 P

194 4390 220 4441 il
237 4389 330 4440 cedunt
344 4402 362 4446 ς
376 4390 496 4440 iuoeduot
511 4390 535 4438 P
603 4384 747 4454 Terentius]
765 4388 874 4451 Adelph.
896 4389 905 4437 1
927 4389 950 4449 l,
969 4389 1003 4438 20
1020 4390 1072 4438 ruri
1090 4403 1166 4454 agere
1185 4389 1270 4450 vitam,
1285 4405 1387 4455 semper
1401 4405 1475 4454 pareo

192 4474 219 4508 eo
235 4460 332 4511 duriter
353 4475 382 4511 se
404 4458 497 4509 babere
519 4460 618 4511 Oderit.
631 4473 660 4521 p.
678 4457 727 4508 178
814 4459 845 4509 ta
867 4455 1001 4525 Virgilius]
1022 4459 1086 4510 Aen.
1106 4459 1130 4508 X
1146 4457 1196 4509 273
1215 4460 1350 4526 sanguinei
1368 4459 1475 4525 lugubre

192 4531 279 4581 rubent
348 4544 406 4580 curn
418 4529 536 4596 lugubris
550 4538 608 4580 exte
626 4530 740 4578 dicamus
757 4529 782 4580 P
796 4543 854 4577 oum
873 4527 988 4593 lugubris
1005 4537 1111 4578 extensa
1126 4528 1242 4580 dieamus
1260 4543 1278 4585 ς
1361 4529 1392 4580 la
1411 4529 1474 4578 reei-

191 4600 281 4665 plcntis
295 4599 321 4651 P
337 4600 501 4666 recipientis
589 4599 620 4649 tt
638 4612 703 4663 quae
718 4611 820 4663 semper
833 4612 879 4663 per
895 4612 923 4647 εε
941 4608 1126 4664 comparantur.
1163 4608 1222 4649 sunt
1239 4608 1322 4648 autern
1342 4614 1407 4662 quae
1425 4613 1474 4649 uon

191 4679 264 4736 egem
291 4671 480 4735 comparatione
508 4683 525 4726 ς
613 4668 648 4719 26
671 4667 732 4732 quid
757 4678 796 4718 eet
823 4682 840 4724 ς
944 4669 977 4719 27
1005 4670 1047 4732 qui
1077 4670 1127 4719 scis
1148 4670 1280 4734 Pompeius
1303 4683 1330 4732 p.
1350 4667 1401 4718 348
1432 4669 1476 4731 qui

191 4741 236 4790 veit
250 4742 275 4792 P
336 4739 371 4791 29
389 4741 436 4789 erit
450 4738 600 4790 aduerbiurn
612 4738 660 4789 hoe
673 4746 712 4788 est
727 4738 922 4789 discretionibus
941 4753 1032 4788 causa:
1053 4754 1111 4789 uam
1129 4739 1217 4790 ultimo
1232 4738 1286 4788 loco
1300 4738 1372 4787 uerbi
1386 4744 1475 4788 acutus

190 4820 306 4861 necemus
324 4824 454 4873 nvvnquam
472 4809 581 4875 ponitur.
618 4809 678 4858 itern
692 4809 895 4875 participiums
982 4809 1013 4858 31
1037 4809 1180 4875 contigits
1264 4807 1378 4874 proiecto
1399 4806 1475 4858 mullo

192 4881 288 4944 quaeris
301 4880 328 4932 P
342 4882 459 4947 proiecto
477 4881 600 4943 quaeritis
615 4891 632 4936 ς
702 4878 735 4930 at>
754 4878 787 4929 Vt
804 4879 948 4929 coniunctio
967 4879 1107 4930 I’rvtstdviua.
1127 4878 1156 4929 Et
1169 4878 1311 4930 coniunctio
1330 4878 1372 4935 Ρς
