3314 5506
220 362 283 425 sao
781 354 935 440 [suncti]

260 463 276 507 1.
289 463 320 505 it.
335 462 374 506 112*
385 462 433 504 eod.
446 462 499 505 Lau.

304 544 420 605 Arcesn
440 544 538 624 potius
559 561 646 623 quam
667 545 804 605 arcessiri
826 543 983 606 dicendum
1005 562 1071 607 esse
1093 546 1164 607 satis
1184 553 1289 628 aperte
1308 546 1376 609 milri
1394 548 1464 611 ridear

220 645 393 708 ostendisse.
438 644 528 707 rebus
549 645 579 706 in
602 663 637 707 ea
658 646 773 707 ratione
794 647 835 707 ait
855 664 974 708 arcesso
996 664 1061 707 esse
1082 648 1166 726 quasi
1187 666 1277 710 arceo
1298 666 1410 711 cenare.

304 746 447 809 Funditus
469 745 604 810 caelitus:
632 747 789 810 Terentius
810 750 941 828 ‘pereo
968 747 1167 810 lunditus'.
1211 750 1255 811 sic
1275 752 1417 832 aadquittrs
1431 769 1464 813 rr·

220 848 326 910 dicitus
347 847 392 910 vel
414 858 521 911 cetera.

194 969 208 1009 e
319 947 332 1035 ΙΙ
356 951 423 1012 Rite
450 952 688 1033 conparationem
717 969 777 1013 non
805 953 926 1031 recipit,
953 953 1022 1033 quia
1048 971 1107 1015 noa
1135 952 1261 1015 dicimus
1290 956 1379 1016 eitius
1412 955 1464 1017 leae

220 1062 250 1114 et
272 1050 348 1113 male
370 1070 430 1114 non
451 1052 562 1115 habent
583 1052 715 1132 regulam
737 1055 954 1133 cooperationis
975 1055 1107 1134 integra,
1129 1054 1183 1117 sed
1204 1064 1316 1120 mutato
1335 1076 1400 1119 sono
1416 1075 1465 1117 aaa

220 1162 375 1236 parantur:
405 1174 465 1216 non
491 1154 567 1217 bene
594 1154 713 1227 beaius,
741 1154 792 1216 sed
815 1154 891 1217 bene
919 1153 1037 1219 melius:
1066 1174 1134 1219 nam
1157 1155 1282 1221 dicimus
1301 1157 1415 1238 henigne
1429 1157 1465 1219 le

222 1258 347 1336 nignius.
391 1258 485 1319 sicet
506 1257 593 1319 male

305 1358 447 1421 Funditus
475 1358 596 1421 caelitus
628 1360 787 1441 antiquitus
820 1359 960 1422 radicitus
991 1360 1124 1440 stirpitus
1155 1359 1294 1423 divinitus
1322 1360 1466 1423 taurum

182 1480 208 1524 ro
222 1462 330 1524 caesim
353 1462 543 1523 continuatim
571 1462 680 1541 passim
703 1462 828 1522 vicissim
850 1463 965 1546 ‘raptim
992 1463 1103 1523 cursim
1124 1465 1251 1525 strictim
1272 1464 1419 1544 castigatior
1434 1481 1467 1523 se·

221 1564 365 1643 gregatim
387 1565 493 1644 partim
515 1563 726 1644 pedetemptim
748 1562 887 1644 paulatim
909 1565 1043 1625 minutim
1065 1566 1177 1627 sensim
1199 1564 1299 1628 iurtim
1320 1566 1466 1628 muman

222 1667 374 1747 participia
395 1673 465 1726 sutrt
485 1665 591 1727 omnia.

719 1852 767 1914 llll
788 1852 1006 1916 PARl'lClPlO.

307 2007 327 2043 s
358 1988 520 2050 adiectione
548 1987 741 2050 declinatione
769 1998 905 2050 accentu:
934 1990 1157 2068 conparatione,
1188 1999 1221 2051 ut
1250 1989 1351 2052 doctus
1369 1989 1469 2051 doctior:

183 2106 208 2150 to
221 2091 398 2163 adiectione,
421 2100 453 2151 ut
474 2094 560 2151 ‘nate
583 2089 670 2161 dea’;
694 2093 719 2151 si
742 2099 809 2152 nate
831 2100 942 2153 mutum
965 2090 1053 2152 modo
1075 2091 1169 2160 dicas,
1194 2094 1377 2173 participium
1394 2091 1469 2159 est;si

222 2193 362 2272 adiungas
384 2193 453 2263 dea,
482 2210 590 2253 nomen
619 2201 664 2253 est
692 2203 773 2254 nate:
802 2202 938 2263 accentu,
967 2212 1057 2274 parea
1085 2212 1206 2273 parens:
1236 2194 1417 2256 declinatione
1433 2195 1469 2261 sto,

222 2314 329 2357 nomen
350 2304 408 2365 est,
430 2295 548 2376 quaudo
562 2304 683 2376 quartae
698 2294 902 2357 declinationis
916 2303 974 2365 est;
998 2294 1114 2376 quando
1129 2296 1291 2369 secundae,
1306 2297 1470 2378 participium

686 2481 734 2544 titt
756 2481 1039 2546 cotttvrtcttortu.

306 2619 532 2682 Coniunctiones
553 2637 670 2699 quoquc
691 2627 761 2680 sunt
782 2638 842 2680 non
864 2620 984 2682 minima
1005 2627 1090 2700 parte
1112 2622 1190 2682 acuti
1213 2622 1332 2683 tenoris.
1373 2621 1472 2681 Scauros

183 2745 210 2786 no
222 2722 279 2783 hoc
301 2721 406 2783 ordine
427 2723 526 2801 posuit
546 2722 769 2783 coniunctiones
790 2720 982 2801 copulativas,
1006 2729 1036 2782 et
1057 2728 1187 2801 alatque
1202 2724 1293 2784 immo
1308 2731 1352 2785 ast
1370 2740 1414 2789 ac:
1431 2719 1472 2780 dit·

222 2826 363 2886 iunctivas
384 2825 441 2895 sic,
464 2832 514 2885 aut
536 2843 569 2884 ve
592 2823 636 2884 vel
659 2841 713 2883 nec
736 2841 840 2903 neque.
871 2822 1028 2903 expletivas
1043 2824 1171 2885 Scaurus
1186 2825 1229 2886 sic
1250 2826 1360 2905 posuit,
1381 2821 1472 2903 quidm

222 2927 358 3007 equidem
380 2945 496 3006 quoque
519 2934 615 2987 autern
637 2934 736 2987 tamen
759 2942 864 3003 porro;
887 2923 1033 2996 causales,
1056 2927 1080 2986 si
1104 2927 1158 2987 etsi
1178 2928 1293 2988 etiamsi
1312 2912 1371 2989 tam
1385 2922 1473 2987 amem

221 3028 364 3109 siquidem
398 3028 514 3109 quando
547 3026 783 3109 quandoquidem
815 3029 884 3108 quin
922 3029 1081 3106 quinetiam
1114 3030 1251 3090 sinetiam
1286 3029 1345 3090 sive
1377 3045 1422 3088 seu
1441 3026 1474 3084 sio

222 3149 288 3192 nam
318 3149 444 3210 namque
472 3132 502 3191 ni
530 3131 585 3191 uisi
614 3130 695 3189 nisisi
723 3130 801 3190 enim
824 3130 932 3190 etenim
956 3129 1008 3190 sed
1031 3138 1184 3208 praeterea
1205 3130 1393 3211 quamobrem
1412 3142 1474 3209 prae·

182 3253 209 3295 as
226 3233 328 3294 sertim
361 3251 448 3312 quam
481 3233 612 3313 quamvis
646 3230 770 3311 proinde
810 3230 904 3293 saltim
941 3230 1075 3293 videlicet
1104 3233 1176 3293 item
1208 3233 1337 3314 itemque
1369 3239 1474 3292 reama

221 3334 349 3413 alioquin
377 3343 533 3415 propterea
562 3352 642 3395 sane.
687 3334 815 3394 Scaurus
842 3332 997 3395 rationales
1024 3335 1066 3394 sic
1094 3335 1206 3412 posuit,
1241 3353 1314 3414 ergo
1341 3336 1421 3413 igitur
1445 3331 1474 3389 ita

219 3439 317 3517 itaque
349 3438 498 3498 enimvero
531 3438 597 3517 quia
631 3454 687 3516 qua
720 3444 899 3517 quapropter
931 3437 1039 3516 quippe
1071 3437 1209 3515 quoniam
1245 3432 1475 3518 quoniamquidem

220 3539 287 3601 ideo
314 3539 424 3601 idcirco
452 3539 564 3600 scilicet
591 3546 743 3619 quatenus.
788 3538 879 3616 figura
908 3546 952 3598 est
977 3539 1008 3598 in
1036 3537 1306 3610 coniunctionibus,
1334 3558 1389 3620 qua
1408 3553 1476 3618 appt-

221 3649 280 3712 ret,
304 3650 402 3703 utrum
424 3640 574 3722 simplices
595 3640 654 3701 siut
675 3641 896 3701 coniunctiones
918 3658 955 3700 an
978 3641 1160 3719 conpositae:
1190 3641 1354 3720 siurplices,
1376 3649 1405 3702 ut
1422 3655 1477 3720 qua

181 3763 208 3805 aa
221 3745 315 3813 niam;
345 3745 513 3823 conpositae
541 3740 798 3823 quoniamquidem
826 3740 1070 3822 quandoquidem.
1101 3740 1174 3802 ordo
1203 3751 1248 3803 est
1269 3744 1300 3804 in
1321 3738 1477 3804 munceio

222 3844 320 3916 nibus,
344 3864 402 3925 quo
425 3853 548 3925 apparet
568 3862 643 3924 quae
664 3846 808 3925 praeponi
831 3851 943 3905 tantum
966 3845 1072 3923 possit,
1095 3851 1216 3905 atnam
1240 3845 1375 3924 equidem
1395 3843 1477 3922 igitiru

220 3965 296 4026 quae
317 3946 455 4026 subiungi
483 3956 611 4019 tantum,
640 3954 673 4008 ut
700 3947 779 4007 enim
807 3965 864 4026 que
890 3954 1003 4015 autem;
1032 3963 1107 4025 quac
1135 3948 1279 4027 praeponi
1305 3956 1336 4008 et
1356 3943 1477 4019 emineat

309 4168 321 4217 1
343 4165 458 4234 Arcessl]
478 4168 577 4220 citaris.
592 4182 618 4232 p.
635 4169 694 4233 227,
709 4168 788 4219 Diam.
802 4184 829 4232 p.
848 4167 909 4229 375,
927 4168 1055 4220 Ρώάαη.
1068 4181 1096 4230 p.
1111 4165 1163 4217 902
1250 4169 1391 4232 2sortaaee
1402 4163 1477 4216 ratu

221 4252 288 4287 aava
303 4239 399 4288 ratione
418 4240 453 4288 ait
522 4235 632 4304 cessare]
655 4254 742 4304 cesare
760 4240 785 4288 L
855 4237 966 4305 dpereo
985 4239 1025 4288 L:
1047 4235 1149 4291 Terent.
1165 4236 1250 4287 Andr.
1267 4239 1277 4288 l
1296 4237 1357 4302 5,tt
1417 4230 1477 4285 ‘tut

221 4308 283 4357 hene
300 4307 391 4358 melias
410 4322 468 4358 nam
492 4309 599 4358 dicimos
624 4311 733 4375 benigue
751 4308 885 4374 benignius
907 4309 945 4358 die
970 4308 1069 4370 scripta
1088 4314 1147 4357 saort
1164 4308 1190 4356 ia
1213 4306 1237 4355 L
1259 4308 1348 4360 deletis
1362 4306 1478 4369 praeiere

218 4377 371 4428 locaveritis
394 4391 452 4427 nam
475 4378 582 4428 dicimus
601 4379 709 4444 benigne
727 4379 861 4444 benignius
947 4377 980 4429 10
998 4378 1097 4427 uicisim
1120 4378 1144 4427 L
1230 4377 1413 4445 segrigatimL

222 4448 251 4499 11
271 4448 429 4514 pedetimtim
450 4449 473 4498 L
537 4449 569 4500 12
587 4449 720 4515 participio
737 4459 797 4500 sunt
816 4449 901 4498 omnia
919 4456 962 4498 aut
979 4448 1015 4497 ad
1031 4447 1223 4513 disputationem
1236 4447 1270 4497 de
1287 4446 1415 4507 Meadiin
1429 4456 1477 4509 qut

220 4534 237 4568 a
248 4518 392 4584 participiis
409 4518 484 4567 daria
499 4534 554 4572 erse
570 4534 619 4569 narr
631 4521 705 4569 nullia
716 4520 884 4584 praesentaneis
892 4520 990 4582 placarit
1000 4515 1114 4582 (Clade.
1126 4531 1154 4579 p.
1168 4516 1241 4581 166),
1252 4519 1386 4580 persiam,
1401 4521 1440 4564 eat
1452 4523 1478 4561 et

219 4589 390 4639 conmentario
408 4588 440 4639 de
450 4590 597 4654 participio,
615 4591 685 4639 caiae
701 4590 866 4654 fragmentaaa
882 4589 908 4639 in
925 4590 1010 4639 cadiae
1025 4589 1145 4653 aequiter,
1160 4585 1207 4637 liae
1220 4590 1347 4639 amiato
1361 4594 1413 4638 urat

223 4658 254 4708 15
276 4659 417 4709 adiectione
434 4669 505 4709 utne
519 4670 546 4710 nt
563 4667 620 4710 nate
636 4660 661 4709 L
733 4660 765 4710 17
781 4667 840 4723 poet
854 4659 1016 4728 participium
1034 4661 1127 4709 lawaa
1148 4664 1269 4721 quattuor
1284 4673 1394 4710 cerm
1408 4655 1478 4704 saliat

221 4735 259 4777 est
274 4731 299 4778 ia
312 4730 336 4779 L
423 4729 457 4781 20
474 4729 639 4780 disiunctiuas
657 4729 722 4779 sicut
740 4738 782 4778 nut
801 4730 825 4779 L
909 4729 942 4780 22
958 4729 1074 4791 fortasse
1091 4728 1191 4777 etiamsi
1208 4728 1317 4778 sitamen
1335 4727 1426 4778 tametsi

220 4796 254 4848 23
270 4795 320 4864 sin]
342 4799 432 4849 simL
500 4800 535 4850 27
562 4800 628 4848 enim
649 4814 710 4849 uero
729 4814 779 4864 qua
797 4813 848 4864 qua
863 4798 936 4863 (quia
956 4814 1007 4861 qua
1029 4813 1080 4860 qua
1097 4796 1121 4859 l)
1139 4806 1244 4863 propter
1261 4790 1478 4862 tesmenti·

221 4881 298 4928 quare
316 4878 470 4934 quapropter
539 4868 572 4920 31
591 4876 618 4919 ut
632 4867 701 4935 narn]
720 4883 796 4919 unam
814 4871 839 4920 L
908 4868 942 4922 32
957 4869 1089 4934 subiungit
1102 4874 1199 4918 tantum
1218 4868 1244 4917 L
