3314 5506
506 393 715 455 Exposuit.
739 394 776 456 tu·
801 393 978 456 honarum
1001 394 1107 456 LlB.l
1388 403 1448 466 531

214 499 233 543 t.
247 500 274 546 ss
287 500 337 542 aaa.
352 500 403 543 mv.
1238 511 1259 552 p.
1274 502 1319 544 ssa
1333 503 1359 546 ss
1373 503 1400 546 v.

161 582 240 643 lnior
260 579 319 662 sa].
358 579 410 641 scd
432 579 491 641 hoo
512 581 551 642 de
571 580 668 642 media
690 580 828 661 prosodia
850 582 934 650 satis,
957 598 1017 661 quo
1038 582 1104 661 quis
1125 582 1198 644 sciat
1220 600 1284 646 esse
1307 599 1451 662 quaeren-

161 681 239 744 dam.
285 689 416 745 ceterum
449 683 500 762 qui
532 682 609 743 hanc
641 683 791 761 ignorant,
825 684 892 763 quia
921 681 983 744 sola
1011 692 1155 744 noverunt
1182 704 1257 765 quae
1286 689 1317 746 io
1344 684 1453 747 scholis

161 783 353 855 studuerunt,
377 803 437 846 non
459 792 529 846 sunt
550 782 697 864 culpandi.
728 785 780 846 sed
803 802 858 845 uec
879 787 1052 865 magistros,
1076 787 1126 866 qui
1148 795 1210 847 tres
1231 786 1309 849 solas
1330 787 1452 850 demon·

161 893 273 956 strant,
302 887 414 947 erroris
441 886 604 965 arguerim,
637 887 662 946 si
691 886 779 948 modo
802 885 858 948 hoc
880 886 1007 949 docendi
1028 905 1114 948 causa
1137 886 1262 958 iaciunt,
1285 907 1352 950 cum
1374 891 1455 969 ipsos

161 997 267 1068 onmia
291 1005 351 1049 non
371 986 469 1049 lateat.
502 984 578 1067 [tres
599 988 753 1067 prosodias
774 988 804 1049 in
826 1006 881 1050 usu
904 1007 969 1050 esso
991 990 1067 1049 scire
1089 998 1206 1069 oportet
1227 999 1257 1051 et
1280 1011 1298 1044 s
1321 989 1328 1074 1
1356 991 1480 1052 medias

161 1097 276 1160 antem,
304 1109 380 1172 quae
408 1091 487 1151 inter
514 1088 588 1150 duas
616 1091 700 1170 quasi
726 1087 811 1151 limes
839 1099 898 1160 est,
929 1090 1007 1170 quod
1036 1093 1179 1169 gravioris
1206 1110 1294 1170 quam
1316 1094 1455 1154 acutioris

161 1191 289 1273 similior
311 1201 370 1262 est,
393 1193 423 1252 iu
445 1190 596 1253 interioris
616 1192 824 1272 potiusquam
852 1194 1014 1272 superioris
1043 1211 1198 1254 numerum
1222 1192 1381 1272 relegatur.
1424 1197 1454 1255 in

161 1292 220 1355 hoo
251 1295 331 1356 enim
360 1293 423 1355 iere
450 1292 689 1354 doctissimorum
718 1310 881 1355 consensus
910 1300 970 1363 est,
999 1302 1113 1356 acutam
1143 1293 1210 1375 plus
1232 1313 1289 1356 una
1312 1298 1342 1357 in
1364 1296 1455 1358 rerho

162 1413 227 1458 esse
251 1408 311 1457 non
332 1413 434 1477 posse,
456 1413 561 1474 graves
583 1413 649 1456 esse
671 1393 856 1476 conplures]
1314 1454 1319 1464 ,

247 1497 420 1560 Prosodiam
442 1497 483 1558 ihi
506 1516 570 1559 esse
592 1496 731 1568 dicimus,
759 1497 811 1559 uhl
832 1505 883 1558 aut
909 1515 1026 1559 sursum
1049 1504 1094 1558 est
1116 1505 1166 1559 aut
1187 1497 1335 1562 deorsum.
1379 1518 1454 1580 quae
1469 1515 1493 1556 rc

163 1600 321 1664 demissior
347 1606 392 1660 est
420 1597 524 1680 [quae]
553 1618 569 1660 a
596 1597 730 1678 pluribus
757 1597 877 1679 βαρεῖα
905 1598 1069 1680 appellatur
1098 1600 1225 1671 Graece,
1253 1600 1358 1663 Latine
1387 1620 1456 1663 vero

162 1703 277 1780 gravis,
306 1700 374 1762 ideo
402 1701 480 1782 quod
509 1700 648 1762 deorsum
676 1711 722 1762 est
743 1702 775 1761 in
796 1699 867 1761 sede
888 1699 1002 1762 scilicet
1023 1700 1189 1780 ponderum
1210 1705 1389 1781 graviorum.
1427 1711 1457 1764 at

164 1823 229 1866 esna
253 1821 329 1884 quaa
350 1821 468 1864 sursum
490 1809 536 1863 est
557 1800 687 1863 Glaucus
708 1796 961 1882 ἐπιτεταμένην,
983 1804 1053 1864 item
1077 1802 1151 1865 alius
1173 1802 1272 1874 aliter,
1294 1804 1347 1867 sed
1369 1823 1456 1867 nemo

163 1905 262 1968 dirue
281 1904 377 1967 ierem
399 1908 528 1974 vocarit,
551 1904 683 1985 quamvis
705 1903 734 1964 id
757 1911 821 1976 erat
842 1905 923 1982 gravi
944 1906 1144 1974 contrarium
1165 1923 1267 1967 rerum
1289 1925 1324 1967 oa
1347 1924 1456 1969 nomeu

165 2006 281 2069 ohtinet
308 1998 434 2081 ὀξεῖαν,
462 2006 565 2067 Latine
593 2013 691 2075 acuta,
720 2004 787 2066 ideo
815 2004 893 2085 quod
922 2007 1019 2066 tenuis
1047 2013 1077 2066 et
1104 2023 1193 2067 omne
1215 2015 1331 2068 acutum
1354 2016 1453 2071 tenue.
1470 2025 1493 2066 rs

165 2110 245 2170 inter
273 2107 326 2170 has
347 2116 393 2169 est
412 2104 512 2188 μέση,
541 2107 644 2169 Latine
665 2106 777 2178 media,
805 2107 873 2186 qnia
894 2105 979 2168 limes
1001 2115 1061 2176 est,
1084 2125 1139 2186 per
1160 2126 1247 2188 quem
1270 2109 1346 2171 duae
1366 2127 1455 2188 supra
1563 2141 1567 2159 ι

165 2210 263 2272 dietae
290 2210 369 2272 ultro
403 2210 536 2289 citroque
568 2217 745 2270 commeant.
788 2215 910 2288 quartae
942 2206 998 2278 illi,
1033 2206 1216 2291 [coniungit]
1246 2212 1313 2291 quia
1347 2214 1456 2273 ceteris

164 2311 337 2393 perplexior
370 2320 431 2382 est,
466 2310 551 2391 plura
583 2319 653 2370 sunt
686 2307 837 2371 vocahula.
880 2310 1054 2371 Ammonius
1080 2309 1288 2384 Alexandrina,
1318 2315 1370 2394 qui
1390 2315 1456 2376 Ari·

165 2413 279 2476 starchi
316 2411 434 2475 scholae
472 2413 628 2482 successit,
668 2405 840 2492 ὀξύβαρυν
871 2419 968 2482 vocat,
1010 2410 1147 2492 Ephorus
1180 2420 1278 2476 autem
1312 2415 1457 2495 Cymaeus

165 2515 384 2597 septennem,
414 2514 569 2594 Dionysius
594 2512 749 2594 Olympius
776 2509 929 2585 δίτονον,
958 2513 1165 2576 Hermocrates
1191 2515 1283 2578 lasius
1311 2511 1455 2597 eripuis·
1469 2531 1495 2573 ss

164 2636 263 2687 κτον,
292 2616 489 2698 Epicharmus
508 2615 681 2694 Syracusius
703 2610 949 2696 usxtacptvpm
978 2632 1080 2678 remur
1103 2633 1137 2678 ea
1159 2634 1239 2679 nunc
1260 2617 1297 2679 ah
1320 2617 1457 2680 omnihus

165 2715 402 2799 περισιωμένη
435 2718 547 2779 Graece
579 2724 714 2803 uocatur,
746 2715 824 2795 apud
861 2734 915 2777 nos
945 2716 1035 2787 flexa,
1063 2719 1202 2798 quoniam
1230 2720 1327 2799 prima
1358 2727 1456 2782 erecta

166 2839 271 2884 rursus
293 2821 324 2882 lu
346 2837 463 2900 gravem
486 2819 622 2882 flectitur.
667 2827 753 2879 acuta
780 2816 884 2879 exilior
906 2827 935 2879 ει
956 2817 1074 2880 hrerior
1096 2826 1127 2879 et
1147 2820 1228 2879 omni
1250 2820 1338 2882 modo
1359 2822 1457 2882 minor

166 2932 212 2985 est
243 2939 330 3004 mam
360 2923 471 3001 gravis,
502 2929 534 2983 ut
561 2929 607 2982 est
634 2917 720 2981 facile
747 2938 783 2981 ex
810 2920 922 2980 mamea
943 2935 1140 2997 cognoscere.
1161 2922 1247 2982 cuius
1268 2923 1364 3001 imago
1386 2941 1455 3003 pro·
1567 2968 1572 2981 .

166 3024 260 3086 sodis.
305 3041 372 3084 uam
396 3033 426 3085 et
451 3025 482 3084 iu
505 3022 616 3084 cithara
639 3023 778 3102 omnique
800 3019 941 3101 psalterio
962 3038 1023 3101 quo
1043 3037 1179 3101 quaeque
1200 3022 1311 3085 chorda
1333 3025 1455 3095 acutior,
1468 3038 1494 3080 ss

257 3213 271 3267 1
290 3211 338 3263 hoo
356 3210 491 3262 demedio
508 3207 660 3275 prosodias
682 3207 730 3258 hoc
744 3207 843 3269 mediae
860 3207 996 3272 prosodise
1012 3207 1034 3258 1
1050 3206 1077 3257 hi
1095 3208 1195 3259 madias
1212 3210 1348 3278 prosodiae
1366 3210 1388 3262 0

165 3285 184 3334 2
202 3298 269 3349 quaa
284 3283 310 3332 in
327 3280 421 3332 scholis
438 3280 613 3331 studueruuto
628 3292 693 3340 quae
711 3276 788 3327 scolis
806 3276 942 3326 'studerunt
960 3275 1007 3327 LO
1075 3274 1169 3342 lhos]
1186 3277 1284 3330 haeeO
1312 3282 1314 3286 ’
1353 3280 1456 3348 ipsoss

165 3355 238 3420 ipsas
258 3350 304 3402 10
372 3351 389 3402 h
407 3360 459 3400 tres
479 3348 613 3414 prosodiae
630 3374 662 3382 -
680 3347 698 3398 0
716 3362 772 3397 esse
784 3347 919 3412 conplures
940 3353 1041 3411 postea,
1058 3355 1085 3397 ut
1103 3348 1218 3410 uidetur,
1238 3352 1371 3414 adscripta
1387 3358 1460 3409 sent.

168 3439 227 3474 sass
241 3437 306 3488 osae
319 3423 352 3472 de
362 3420 444 3471 media
460 3418 582 3483 monodia
598 3416 644 3468 hoo
660 3417 715 3469 ioco
726 3418 919 3480 praecipiantur
935 3431 987 3467 ossas
1003 3417 1042 3468 his
1057 3433 1123 3482 qaae
1138 3433 1218 3482 sapsa
1235 3418 1296 3484 130,
1314 3419 1349 3471 20
1358 3422 1457 3486 scripta

165 3501 226 3544 seat
249 3498 362 3557 papnant
378 3497 405 3540 st
421 3505 475 3539 eura
496 3491 581 3553 potius
598 3488 720 3538 rationem
736 3488 807 3553 sepsi
823 3487 946 3546 ridentur,
965 3494 992 3536 at
1007 3486 1089 3538 media
1101 3488 1134 3538 sit
1150 3491 1161 3537 i
1191 3490 1396 3556 coemamus
1412 3505 1457 3540 ao·

164 3569 268 3614 ausa:
289 3562 323 3625 a.
341 3560 418 3612 aaa.
438 3560 511 3609 aron.
543 3557 634 3611 aare,
658 3554 753 3621 (aest.
779 3556 868 3606 aava.
888 3556 923 3620 11)
939 3570 966 3618 ρ.
986 3554 1053 3614 oss,
1069 3554 1104 3607 aa
1132 3571 1147 3607 ι
1180 3551 1235 3620 pls
1257 3544 1310 3609 oio
1328 3550 1478 3618 occasu·

167 3624 258 3696 htaa
276 3622 307 3681 is
324 3628 362 3696 τῷ
378 3619 485 3693 ὁρισμῷ
503 3620 553 3678 διὰ
568 3621 622 3692 τὴν
637 3615 745 3689 ὀξεῖαν,
762 3617 795 3676 sd
813 3617 845 3677 di
862 3614 958 3683 ἄνεσις
970 3617 1020 3676 διὰ
1033 3617 1086 3691 τὴν
1103 3622 1233 3691 βαρεῖαν,
1246 3619 1323 3684 sicil
1335 3619 1457 3694 μεσότης

167 3692 219 3751 tasi
231 3691 285 3763 τήν
296 3691 521 3762 septemtrione.
533 3697 634 3754 laeana,
652 3709 724 3760 quant
740 3694 858 3751 indicaui.
877 3693 988 3758 definitio
998 3695 1135 3757 prosodiae
1152 3697 1292 3758 superioris
1307 3697 1348 3746 oei
1363 3699 1457 3747 acutio-

165 3770 216 3831 ris,
234 3768 364 3828 inferioris
381 3767 419 3815 sei
433 3768 561 3830 pravior-is
579 3772 604 3815 et
622 3764 736 3824 mediae,
754 3780 819 3830 puae
837 3767 954 3827 ‘propior
971 3771 1099 3830 atramque
1116 3771 1168 3826 est,
1185 3780 1258 3830 quom
1278 3767 1323 3815 iiia
1340 3767 1457 3829 superior

167 3847 193 3890 et
208 3837 318 3900 isfnior
335 3840 401 3887 inter
417 3835 465 3897 sr',
484 3836 610 3886 excidisse
624 3835 722 3884 videtur
790 3833 892 3897 dquasi
905 3831 1007 3884 iaestO
1076 3835 1091 3883 7
1109 3833 1216 3885 similior
1235 3843 1302 3886 ests
1320 3835 1456 3886 similiores

168 3904 217 3960 10
269 3917 308 3957 est
324 3903 483 3956 interiorisO
529 3920 604 3969 quam
623 3904 787 3970 superioriso
802 3918 878 3967 quam
891 3903 1052 3970 superiorum
1072 3901 1118 3954 10
1170 3904 1202 3956 10
1217 3905 1367 3970 prosodiam
1384 3905 1456 3957 ibib

242 3975 272 4026 11
292 3991 357 4040 quas
379 3976 459 4024 attero
475 3976 528 4024 loeo
546 3975 616 4024 uma
634 3974 729 4024 notavit
752 3974 835 4024 editor
854 3973 1065 4029 Vindoboneosis.
1088 3974 1201 4039 sortasse
1216 3979 1297 4026 tmen
1315 3983 1374 4026 ante
1391 3986 1458 4040 quse

166 4046 306 4098 demissior
322 4055 361 4095 est
379 4046 523 4095 accuratior
539 4044 650 4107 delinitio
664 4044 803 4106 prosodiae
820 4059 885 4108 psas
896 4044 1068 4095 deorumst
1084 4045 1182 4094 amitiit
1229 4041 1335 4110 βαρεῖα
1352 4060 1367 4094 s
1385 4044 1455 4095 ueris

166 4113 217 4168 10
288 4114 320 4165 12
339 4123 364 4164 st
381 4128 438 4163 esm
461 4129 525 4177 quae
541 4127 642 4163 ssimum
659 4122 698 4162 est
715 4128 731 4162 s
747 4123 773 4164 at
791 4127 898 4176 eamque
916 4127 1015 4164 rursum
1031 4121 1070 4163 est
1089 4113 1112 4162 1
1131 4113 1164 4163 sd
1184 4128 1240 4164 esna
1259 4127 1361 4164 sarsum
1378 4113 1457 4164 esto

241 4181 272 4234 13
288 4185 471 4250 epitetamenen
491 4181 536 4232 LO
620 4197 693 4233 nemo
711 4197 756 4233 ora.
774 4180 795 4232 0
885 4183 916 4235 14
953 4183 1022 4233 rauis
1039 4184 1191 4233 eontrarium
1209 4184 1233 4233 ei
1249 4197 1342 4234 numen
1361 4184 1457 4235 obtinet

167 4254 247 4307 oxias
263 4249 285 4302 0
354 4267 447 4304 numen
466 4255 562 4319 optinet
577 4253 654 4302 oxion
676 4253 697 4302 L
781 4251 815 4303 10
833 4268 901 4302 mese
959 4267 986 4302 rs
1004 4267 1073 4303 mese
1091 4251 1181 4304 deletis
1197 4269 1226 4303 re
1240 4255 1332 4305 littera
1348 4254 1371 4303 L

167 4324 201 4377 11
216 4332 360 4374 wmmesnt
372 4341 387 4374 a
400 4331 550 4373 commentat
568 4320 614 4373 LO
694 4329 783 4392 quarte
800 4321 838 4372 illi
856 4322 988 4389 coniungit
1006 4320 1086 4386 liquis
1104 4323 1195 4372 ceteris
1213 4322 1238 4372 L
1249 4337 1329 4386 qusre
1342 4323 1377 4373 ilii
1395 4339 1456 4375 cou-

167 4394 196 4446 ln
243 4402 262 4446 t.
282 4392 354 4457 liquit
367 4393 501 4443 acroteria
517 4391 538 4442 0
554 4401 658 4456 quartae
673 4391 718 4450 iiii,
736 4406 801 4455 quae
818 4393 918 4458 priores
933 4393 998 4443 duas
1016 4392 1156 4456 coniungit,
1173 4393 1234 4456 qnia
1251 4393 1342 4443 esteris
1355 4409 1380 4446 s.
1399 4395 1459 4446 ortt

234 4462 324 4513 adadu
340 4465 416 4515 maron
429 4470 468 4513 est
479 4463 610 4528 coniungit
627 4479 663 4513 ea
678 4463 840 4512 adnotatione
854 4464 939 4529 aliqua
956 4464 1013 4512 oiim
1031 4461 1162 4524 adscripta
1175 4462 1222 4511 dure
1234 4463 1335 4513 iristsass
1351 4477 1409 4513 esse

168 4533 203 4588 18
219 4532 380 4584 hsmmouins
398 4532 423 4582 L
492 4532 632 4583 alixondris
650 4546 719 4585 corr,
736 4530 820 4583 -drius
833 4529 858 4579 L
927 4532 970 4594 qni
985 4532 1100 4582 aristerei
1115 4533 1200 4582 soolse
1214 4530 1294 4596 (corr.
1309 4531 1403 4582 scoliae
1418 4530 1455 4588 11

166 4602 292 4658 necessit
310 4603 425 4653 oxibariu
444 4599 491 4651 LO
576 4600 611 4652 10
628 4603 772 4667 perispssiu
792 4599 837 4651 10
923 4601 1055 4666 dyonisius
1078 4601 1216 4669 olimphias
1234 4599 1255 4650 0
1339 4599 1457 4653 iteam

166 4675 319 4729 amonim
335 4673 368 4723 de
385 4673 586 4736 pronuntiatione
600 4672 660 4736 tiap.
681 4672 743 4725 Lat.
765 4672 786 4721 ll
803 4687 832 4736 p.
851 4669 903 4721 ’108
916 4685 1019 4736 spoaon
1036 4669 1083 4720 10
1100 4660 1238 4722 deesses
1306 4670 1457 4736 simplsetou

166 4744 207 4796 1.·
217 4741 356 4809 impleeton
374 4745 518 4808 epicarmns
532 4742 672 4791 siracusius
689 4738 710 4790 0
779 4741 810 4792 21
825 4749 984 4791 cetasmeneu
997 4739 1044 4791 10
1111 4742 1146 4791 2²
1163 4754 1345 4805 perespomene
1359 4736 1406 4790 10

165 4815 253 4884 prims
270 4815 281 4862 i
297 4812 379 4880 primo
400 4811 445 4862 10
532 4811 565 4861 23
584 4813 609 4861 iu
629 4811 733 4878 groham
753 4811 776 4860 1
863 4811 897 4860 25
916 4809 1012 4863 chiters
1027 4811 1050 4861 1
1132 4825 1183 4873 quo
1199 4825 1313 4873 quaeque
1330 4808 1457 4862 chordas

166 4898 272 4949 (μαψ
289 4898 355 4946 quse
372 4882 448 4932 cordo
469 4880 514 4931 10

1192 4963 1251 5032 34*
