3346 5506
221 360 284 423 tut
787 349 941 433 [senon]

1300 472 1324 513 ρ.
1337 460 1386 503 sor.
1400 459 1462 504 nu

222 559 287 605 esso
307 539 491 607 mirandum,
519 538 657 600 sinnius
683 538 825 616 temporis
851 536 897 599 sit.
941 554 1031 599 omne
1057 539 1137 599 euim
1158 538 1238 619 quod
1259 541 1462 621 promittimus
1481 540 1512 601 in

223 643 354 705 futurum
377 641 592 722 promittimus:
616 656 671 701 nec
693 639 773 700 enim
795 639 936 719 promitto
958 646 1008 701 aut
1021 648 1211 718 praesentem
1225 658 1290 705 rem
1305 643 1338 703 in
1351 643 1512 723 praesenti,

223 763 310 826 quam
333 743 404 807 dare
426 745 483 805 iam
504 758 640 822 possum,
668 748 719 802 aut
740 758 804 803 rem
825 741 1030 822 praeteritam.
1053 759 1142 821 quam
1165 742 1242 807 dedi.
1287 750 1333 805 est
1353 751 1386 807 et
1405 746 1512 825 opteti-

221 866 273 909 vus
296 844 415 916 modus,
438 862 603 926 perquem
632 849 781 924 optamus,
810 843 924 905 utinam
952 840 1058 922 legam.
1102 851 1198 906 estet
1220 846 1426 907 coniunctivus
1447 864 1510 909 mo·

198 948 293 1017 edus,
324 949 372 1009 cui
394 947 581 1026 coniungitur
603 944 658 1006 alia
681 962 765 1025 pars,
794 951 826 1006 ut
846 942 995 1025 inpleatur
1016 961 1138 1017 sensus,
1158 945 1244 1009 aliter
1265 946 1449 1028 semiplenus
1470 954 1516 1009 est

222 1068 342 1111 sensus:
375 1067 442 1111 cum
475 1047 585 1127 legam,
619 1047 686 1127 quia
723 1064 781 1108 non
814 1053 872 1108 stat
897 1063 1018 1117 sensus,
1045 1046 1129 1111 addis
1156 1046 1242 1111 aliam
1264 1056 1396 1131 partem.
1424 1050 1514 1111 ‘cun

222 1149 334 1231 legam,
362 1150 495 1213 audies’.
539 1148 627 1211 stulte
655 1155 752 1210 autem
780 1154 884 1227 putent
912 1148 963 1229 qui
989 1147 1092 1211 dicunt
1111 1149 1180 1211 ideo
1202 1150 1262 1212 dici
1282 1152 1514 1223 coniunctivum,

224 1252 305 1335 quod
329 1254 516 1315 coniunctam
539 1249 648 1312 habeat
668 1249 843 1331 particulam
865 1268 947 1313 cum:
971 1268 1039 1313 nam
1061 1259 1093 1313 et
1113 1253 1258 1333 optativus
1278 1251 1371 1315 ltnbet
1391 1254 1515 1315 coniun-

224 1363 301 1417 ctam
329 1352 503 1435 particulam
531 1355 660 1423 utinam;
693 1369 765 1431 ergo
792 1352 896 1433 incipit
924 1353 1071 1432 optativus
1096 1355 1185 1416 etiam
1214 1355 1420 1417 coniunctium
1445 1354 1516 1417 dici

187 1482 213 1524 ιο
227 1464 271 1519 est
294 1459 381 1519 etiam
404 1455 579 1526 infinitivus,
603 1453 653 1515 ubi
675 1471 736 1516 non
758 1452 936 1516 discernitur
956 1472 1084 1534 persona
1106 1472 1162 1518 uec
1183 1474 1342 1519 numerus:
1365 1474 1433 1519 uem
1448 1456 1516 1519 ideo

225 1558 409 1641 inperfectus
430 1554 527 1619 dictus
554 1563 608 1617 est.
653 1554 770 1636 quando
793 1554 916 1618 dicimus
937 1554 1052 1636 legere.
1081 1559 1199 1637 quaevis
1219 1576 1348 1640 persona
1370 1565 1429 1629 est.
1452 1559 1517 1639 qui·

225 1663 269 1722 vis
290 1678 441 1722 numerus.
486 1676 605 1721 omnem
634 1664 731 1720 autem
760 1675 825 1719 esse
846 1674 1003 1738 personam
1026 1657 1148 1720 verbum
1170 1658 1249 1722 eliud
1270 1661 1415 1731 ostendit,
1437 1658 1516 1741 quod

225 1763 295 1825 huic
323 1760 487 1843 inperfecto
520 1759 609 1822 modo
637 1760 829 1821 coniunctum
851 1758 993 1823 disceruit
1011 1778 1170 1841 personas,
1192 1760 1291 1842 legere
1314 1761 1395 1833 volo,
1416 1760 1518 1841 legere

226 1867 284 1935 vis,
308 1861 408 1943 legere
430 1861 500 1924 vult.
538 1858 646 1923 deinde
668 1861 838 1925 adiunctum
860 1862 918 1923 hoe
940 1860 1062 1925 verbum
1084 1880 1172 1943 supra
1195 1862 1273 1925 dicto
1295 1863 1385 1925 modo
1406 1862 1518 1925 discor·

189 1992 214 2034 tt
228 1968 272 2029 nit
298 1973 328 2028 et
356 1983 510 2036 numeros,
539 1963 640 2044 legere
667 1962 815 2035 volumus,
844 1962 944 2043 legere
966 1963 1065 2036 vultis,
1088 1963 1188 2045 legere
1210 1964 1318 2028 volunt.
1363 1973 1409 2027 est
1430 1967 1519 2029 etiam

226 2067 422 2150 inpersonalis
449 2065 573 2138 modus,
601 2065 653 2128 ubi
678 2063 814 2127 similiter
843 2082 902 2125 non
928 2074 1051 2145 possunt
1082 2066 1211 2129 discerni
1239 2085 1399 2149 personae,
1421 2066 1453 2128 id
1476 2075 1522 2129 est

227 2171 344 2251 legitur.
389 2171 415 2230 si
443 2186 501 2231 non
531 2168 634 2231 delinit
661 2184 803 2248 personas
826 2184 881 2228 nee
903 2184 1057 2238 numeros,
1085 2186 1178 2249 quare
1200 2188 1260 2232 non
1283 2179 1313 2231 et
1334 2170 1390 2231 iste
1412 2168 1521 2231 dicitur

226 2274 372 2344 infinitus,
396 2279 447 2332 aut
467 2269 517 2332 illa
540 2269 648 2332 dieitur
669 2267 881 2350 inpersonalis?
916 2269 988 2350 quid
1010 2271 1089 2332 enim
1110 2271 1251 2332 interest?
1279 2269 1406 2334 multum
1427 2272 1521 2333 iuter·

233 2382 289 2437 est.
334 2392 403 2436 nam
425 2370 621 2452 inpersonalis
642 2371 747 2433 modus
768 2369 869 2432 addito
890 2372 1065 2452 pronomine
1088 2372 1230 2434 discernit
1250 2390 1393 2452 personas
1414 2382 1445 2433 et
1467 2392 1522 2435 nu·

193 2494 346 2547 someros,
375 2474 454 2556 quod
483 2490 537 2553 per
564 2471 643 2535 iliam
672 2470 898 2536 declinationem
926 2491 986 2535 non
1015 2475 1149 2555 sequitur
1175 2476 1206 2537 in
1227 2475 1357 2536 infinito:
1388 2492 1459 2536 uam
1481 2473 1522 2535 iii

231 2577 314 2640 aliud
336 2574 458 2638 verbum
476 2577 640 2654 coniunge,
662 2583 696 2637 ut
717 2573 882 2637 discernam
905 2592 1045 2636 numeros
1067 2583 1096 2638 et
1117 2594 1275 2657 personas,
1297 2574 1362 2639 volo
1385 2577 1429 2637 vis
1451 2574 1520 2638 vult

233 2678 342 2743 deinde
363 2677 560 2759 inpersonalis
582 2684 613 2739 et
634 2695 688 2757 per
709 2674 782 2738 alios
796 2675 901 2739 modos
915 2675 1087 2749 declinatur,
1109 2678 1241 2739 inlinitur
1263 2696 1322 2740 non
1343 2676 1521 2741 declinotru.

230 2800 285 2864 per
306 2780 494 2842 indicativum
523 2782 577 2842 iste
606 2777 814 2861 inpersonalis,
843 2777 950 2857 legitur
977 2795 994 2839 a
1023 2796 1071 2840 me
1093 2797 1109 2840 a
1131 2787 1160 2840 te
1182 2778 1219 2841 ab
1241 2777 1304 2852 illo,
1327 2786 1359 2841 et
1378 2798 1436 2861 per
1454 2776 1462 2863 Ι
1478 2782 1523 2841 in·

231 2883 395 2964 perativum
425 2879 602 2952 declinatur,
632 2881 747 2960 legatur
769 2900 785 2943 a
807 2898 855 2941 me
882 2898 899 2941 a
921 2886 950 2940 te
972 2877 1010 2940 ab
1031 2879 1096 2951 iilo,
1124 2899 1178 2961 per
1205 2882 1381 2961 optativum,
1411 2884 1522 2944 utinam

199 2985 354 3063 rslegatur
375 3003 391 3046 a
413 3002 461 3044 me
484 3003 500 3044 a
523 2991 551 3044 te
574 2982 698 3054 abillo,
727 2991 756 3044 et
783 3001 838 3063 per
860 2982 1090 3054 coniunctivum,
1119 3001 1186 3043 eum
1209 2982 1322 3060 legatur
1343 3001 1360 3045 a
1385 3004 1434 3045 me
1457 3004 1474 3046 a
1496 2992 1522 3045 te

231 3085 269 3146 ab
301 3084 361 3146 illo.
406 3085 484 3146 unde
512 3095 636 3164 apparet
669 3086 808 3164 quoniam
843 3082 1040 3164 inpersonalis
1071 3085 1234 3147 secundum
1268 3085 1344 3146 hanc
1377 3088 1523 3149 rationem

233 3186 338 3248 modus
361 3204 421 3247 non
444 3195 501 3256 est,
525 3187 577 3248 sed
599 3205 693 3265 genus
715 3184 810 3247 verbi:
834 3203 892 3246 non
916 3187 994 3246 enim
1017 3194 1114 3265 potest
1135 3186 1240 3248 nrodus
1254 3206 1308 3267 per
1323 3185 1398 3248 alios
1420 3189 1525 3251 modos

233 3287 386 3349 declinari.
431 3290 556 3350 activum
584 3288 706 3350 verbum
737 3287 901 3348 declinatur
927 3305 982 3366 per
1004 3306 1107 3348 omues
1129 3290 1200 3349 istos
1222 3288 1334 3349 modos.
1380 3290 1525 3372 numquid

233 3408 353 3471 possum
383 3390 570 3451 indicativum
600 3391 720 3452 modum
749 3408 802 3469 per
829 3391 1034 3469 imperativum
1067 3390 1186 3451 modum
1214 3389 1374 3452 declinare.
1420 3392 1533 3455 modus

194 3514 221 3555 se
234 3511 288 3573 per
317 3491 420 3553 modos
450 3510 607 3572 numquam
637 3490 815 3562 declinatur:
845 3510 937 3571 genus
964 3510 1018 3572 per
1041 3492 1144 3553 modos
1165 3491 1307 3552 declinari
1330 3500 1439 3572 potest.
1484 3503 1534 3555 est

234 3597 319 3656 etiam
343 3594 417 3656 altor
439 3595 557 3664 medus,
589 3596 639 3674 qui
661 3592 825 3675 appellatur
847 3594 986 3673 gerundi,
1016 3602 1049 3654 ut
1071 3603 1115 3655 est
1136 3593 1253 3672 legendi
1275 3593 1403 3672 legendo
1424 3594 1545 3676 legen·

234 3697 303 3757 dum
326 3696 435 3757 lectum
458 3695 546 3757 lectu.
584 3697 662 3757 hunc
684 3695 818 3777 plerique
840 3714 900 3755 non
923 3713 987 3756 esse
1010 3694 1131 3756 modum
1152 3704 1270 3775 putant,
1293 3695 1345 3757 sed
1369 3714 1437 3757 esse
1461 3717 1551 3778 porr

234 3800 333 3878 ticipia
365 3817 381 3858 a
413 3798 511 3859 tuturo
544 3806 677 3878 tempore
708 3798 814 3876 passivi
835 3796 926 3866 verbi,
956 3795 1074 3875 legendi
1102 3795 1228 3876 legendo
1256 3795 1432 3877 legendum:
1459 3802 1566 3861 trent

235 3901 386 3980 praeteriti
420 3902 599 3979 temporisa
632 3901 761 3979 passivo,
794 3898 904 3959 lectum
934 3896 1021 3958 lectu.
1066 3916 1138 3977 ergo
1159 3899 1313 3977 partieipia
1337 3897 1443 3961 dicunt
1465 3911 1568 3963 esse:

197 4023 224 4065 n
236 3999 396 4068 «inclinata,
421 4020 479 4063 non
502 4002 621 4063 modum
644 4000 743 4071 verbi;
767 3999 819 4061 sed
842 4000 912 4060 satis
934 3998 1038 4061 falsum
1062 4007 1115 4061 est.
1146 4002 1255 4060 namsi
1276 4001 1523 4080 participiasunt
1558 4040 1568 4059 -,

235 4103 304 4184 quid
328 4103 468 4163 iaciemus
491 4102 527 4164 de
550 4122 585 4163 eo
607 4103 684 4183 quod
708 4110 753 4164 est
774 4102 869 4164 lectu?
903 4120 970 4163 uam
1000 4099 1113 4163 nullum
1136 4104 1321 4181 participium
1345 4113 1568 4182 perreruu1

235 4211 368 4265 naturam
398 4223 416 4265 u
444 4203 540 4266 littera
569 4207 746 4266 terminatur
774 4202 900 4265 ablativo
928 4221 1007 4266 cesu.
1051 4202 1158 4264 deinde
1191 4205 1216 4264 si
1239 4204 1348 4264 dixeris
1370 4207 1568 4285 participi?

236 4326 313 4377 esse,
342 4307 406 4367 siue
429 4305 517 4368 dubio
539 4308 695 4387 participia
722 4316 790 4367 sunt
813 4307 944 4386 passivae
966 4305 1196 4385 significationis.
1241 4313 1361 4366 namet
1383 4309 1568 4386 praeteria

236 4416 295 4470 tum
320 4415 472 4487 tempusa
494 4410 615 4490 passivis
641 4410 721 4470 venit
747 4410 777 4469 in
807 4408 969 4488 participiis
992 4415 1021 4467 et
1042 4408 1171 4468 loturum
1195 4407 1274 4487 quod
1296 4409 1327 4466 in
1350 4407 1407 4468 dus
1432 4416 1540 4470 exeat,

197 4531 223 4572 ro
236 4530 326 4591 quare
349 4530 419 4591 ergo
441 4512 605 4572 invenimus
626 4513 714 4572 istum
738 4511 858 4572 modum
880 4511 968 4571 etiam
991 4511 1114 4571 activam
1136 4509 1380 4588 significationem
1403 4508 1526 4572 habere
1545 4545 1568 4571 ⁵

387 4613 550 4691 frigidus
571 4614 607 4673 in
629 4615 754 4694 pratis
776 4611 961 4674 cantando
983 4614 1168 4693 rumpitur
1191 4612 1337 4690 anguis:

274 4832 281 4848 ‚
305 4786 334 4834 21
358 4785 486 4850 coniongo
504 4791 532 4834 ut
550 4783 694 4835 discernam
708 4785 733 4835 F
751 4784 878 4850 coniunge
896 4783 986 4848 (iuugo
1001 4782 1038 4847 L)
1054 4792 1079 4833 et
1097 4782 1240 4832 discernam
1258 4782 1302 4832 ts
1369 4780 1401 4833 :tr
1421 4783 1494 4832 uiiter
1508 4769 1568 4831 F

307 4855 436 4920 gerundus
455 4850 525 4905 trs
592 4854 626 4906 ³8
639 4869 698 4907 uam
715 4855 877 4921 praeteritum
897 4850 966 4901 LFS
1034 4852 1066 4903 41
1086 4849 1209 4919 frigidus]
1232 4853 1312 4917 Verp.
1329 4851 1413 4907 bucol.
1432 4850 1461 4917 8,
1478 4853 1509 4906 ii
