3346 5506
440 357 646 420 EXPLANAT.
670 357 708 420 itt
731 356 1037 422 manumittat
1323 363 1383 426 521

153 463 170 509 ι.
185 466 210 509 aa
223 464 271 506 eoo.
286 464 338 510 mv.

105 543 362 626 tibussociautnr,
384 553 418 607 ut
438 545 493 608 lris
516 553 545 606 et
565 562 642 607 unam
663 554 693 607 et
715 545 769 607 lsis
790 553 820 606 et
842 563 926 608 urna.
970 553 1166 609 consonantes
1188 552 1286 607 autem
1306 535 1386 617 su'ut,

105 663 169 709 cnm
198 645 263 708 aliis
289 645 438 710 vocalibus
463 648 494 708 io
517 665 575 708 una
598 645 707 728 syllaba
735 658 972 729 praeponuntur,
994 654 1044 711 aut
1065 666 1132 710 cum
1155 649 1234 728 ipsae
1256 649 1333 709 inter
1354 663 1386 708 se

104 749 134 810 in
155 766 215 812 una
236 747 346 829 syllaba
369 751 596 828 coniunguntur.
633 749 689 808 nisi
711 751 789 811 euim
813 757 842 811 et
865 750 946 830 prior
967 751 1005 811 sit
1026 757 1056 811 et
1076 751 1106 811 in
1129 768 1186 812 uua
1208 749 1318 830 syllaba
1340 768 1385 811 se-

104 868 170 913 cum
190 849 298 913 babeat
320 851 506 913 coniunctam
529 847 673 921 vocalem,
698 869 758 912 non
780 853 837 912 erit
859 869 1023 913 consonans
1044 853 1055 911 i
1076 849 1122 913 rel
1144 870 1173 912 ιι.
1204 868 1271 914 nam
1295 850 1385 912 lulius

104 959 134 1013 ct
158 951 261 1014 larbas
288 968 356 1014 cunr
386 951 472 1022 dicis,
501 954 512 1014 i
534 970 699 1014 consonans
726 971 785 1014 non
813 962 871 1025 ast,
900 952 969 1015 licet
990 954 1160 1033 praecedat,
1184 954 1252 1032 quia
1273 953 1304 1012 in
1327 971 1411 1014 unas

102 1052 212 1135 syllaba
234 1072 334 1117 secum
357 1072 416 1115 non
439 1053 528 1116 babet
542 1056 729 1116 coniunctam
745 1053 889 1125 vocalem,
912 1055 1010 1117 sedin
1033 1055 1125 1117 altera
1147 1064 1386 1135 consequentem.

102 1156 143 1218 sic
172 1163 202 1216 ct
229 1173 296 1218 cum
324 1156 397 1217 dicis
425 1154 551 1229 duellio,
579 1175 598 1217 u
627 1174 792 1219 consonans
819 1175 879 1219 non
909 1165 954 1219 est
981 1156 1069 1219 simili
1098 1159 1220 1219 ratione.
1264 1157 1334 1238 quid
1362 1158 1387 1218 si

102 1257 183 1337 ipsae
197 1276 298 1321 secum
314 1257 475 1321 cohaerent
496 1258 612 1321 litterae
633 1260 643 1319 i
666 1267 696 1320 et
716 1259 753 1319 ul
775 1257 824 1320 illa
840 1260 899 1321 erit
920 1277 1095 1329 consonans,
1118 1277 1194 1340 quae
1216 1260 1299 1340 prior
1321 1259 1386 1329 erit,

102 1367 136 1421 ut
156 1358 229 1421 luno
252 1361 317 1421 vita.
361 1360 417 1421 baa
444 1358 600 1442 aliquando
632 1361 746 1422 mediae
773 1361 927 1433 dicuntur,
956 1361 1073 1441 quando
1102 1380 1161 1423 uon
1190 1379 1226 1422 co
1247 1379 1320 1422 sono
1344 1359 1387 1421 di·

102 1469 218 1532 cuntur,
241 1479 300 1542 qrao
321 1460 501 1524 scribuntur.
546 1462 703 1525 scribimus
727 1464 771 1524 air
794 1471 823 1524 ει
845 1464 951 1531 virtus;
979 1462 1097 1543 quando
1120 1472 1217 1524 autem
1240 1462 1297 1525 boc
1318 1480 1386 1542 pro·
1401 1476 1425 1517 ιι

103 1562 238 1636 ierimus,
266 1565 298 1625 in
326 1564 390 1645 ipso
418 1582 491 1626 sono
519 1583 579 1626 uon
605 1567 616 1624 i
643 1572 742 1636 sonat,
772 1564 824 1628 sed
851 1566 950 1627 nescio
978 1564 1048 1644 quid
1082 1565 1227 1645 pinguius.
1273 1563 1400 1625 tenuius

103 1672 187 1726 sonat
214 1667 289 1737 rita,
317 1666 455 1746 pinguius
480 1667 534 1728 rir.
579 1667 636 1728 boc
663 1668 742 1728 circa
770 1669 781 1728 i
807 1674 954 1739 servatur,
982 1674 1016 1729 ut
1036 1666 1133 1730 media
1153 1667 1207 1736 sit;
1235 1674 1268 1728 ut
1289 1673 1387 1727 autern

103 1765 265 1846 digammos
287 1768 338 1839 sit,
362 1768 438 1828 circa
461 1786 481 1830 u
503 1774 616 1829 tantum
638 1776 781 1831 servatur.
826 1787 893 1830 nam
917 1770 1021 1831 Graeci
1048 1767 1133 1831 Aeoli
1160 1768 1240 1830 bunc
1262 1769 1387 1828 crassio-

102 1886 165 1930 rem
188 1886 308 1940 sonum,
337 1885 423 1945 poem
451 1868 521 1931 iacit
549 1889 566 1932 u
596 1868 706 1940 littera,
735 1888 801 1932 cum
825 1887 991 1932 consonans
1013 1878 1071 1941 est,
1100 1887 1161 1931 nou
1183 1868 1307 1941 babent,
1335 1868 1388 1931 sed

101 1987 156 2051 pro
177 1968 297 2032 Venetis
318 1969 447 2034 Henetos
469 1970 583 2042 dicunt;
613 1971 689 2033 [laos
711 1970 826 2044 dicunt,
851 1991 925 2054 quos
948 1990 1002 2034 nos
1024 1972 1117 2034 baras
1139 1971 1272 2034 dicimus.
1316 1990 1387 2051 ergo
1402 1985 1426 2028 ιι

101 2070 177 2152 apud
205 2089 260 2134 nos
282 2071 339 2134 boc
366 2072 437 2135 iacit
463 2092 480 2132 v
507 2073 618 2144 littera,
646 2073 724 2154 quod
754 2073 825 2136 lacit
857 2075 933 2155 apud
961 2072 1097 2138 Aeolicus
1128 2072 1301 2154 digammae.
1345 2071 1389 2134 illi

100 2172 235 2237 scribunt
256 2173 365 2236 Enetos
387 2182 417 2236 et
444 2177 680 2257 superinponunt
707 2176 892 2255 digammon,
920 2194 996 2257 quae
1024 2185 1069 2239 est
1095 2175 1146 2238 tali
1173 2177 1281 2255 ligura,
1309 2173 1388 2256 quali

101 2283 146 2338 est
170 2274 250 2358 apud
272 2293 327 2337 nos
354 2276 392 2347 F,
422 2282 453 2337 et
478 2279 670 2357 pronuntiant
696 2277 837 2349 benctos,
864 2297 923 2358 quo
952 2278 1041 2341 modo
1069 2286 1098 2340 et
1124 2279 1155 2338 iu
1190 2277 1388 2358 adspiratione

100 2395 174 2447 cum,
191 2395 246 2441 nos
268 2375 414 2440 babemus
435 2378 469 2450 b,
492 2377 534 2439 illi
556 2377 634 2441 aliud
649 2381 765 2457 signum
790 2378 1040 2461 [significationis]
1056 2377 1181 2451 babent,
1197 2381 1280 2441 cuius
1295 2380 1388 2458 ligura

99 2478 165 2542 talis
186 2486 245 2551 est,
268 2486 301 2541 ut
321 2485 367 2542 est
387 2480 539 2542 dimidium
555 2481 591 2544 H.
622 2488 652 2543 et
672 2481 751 2562 apud
764 2481 883 2544 Latinos
897 2489 968 2544 tunc
989 2481 1108 2564 qrridem
1129 2480 1218 2543 allicit
1238 2499 1258 2542 ιι
1280 2479 1426 2551 litteram

98 2579 181 2664 quod
201 2581 279 2660 apud
296 2582 425 2645 Graecos
447 2582 626 2663 digammae,
649 2583 766 2665 quando
788 2581 853 2645 loco
874 2585 995 2664 ponitur
1017 2585 1215 2647 consonantis.
1259 2582 1389 2645 bonatus

96 2701 190 2747 uuam
211 2702 277 2746 rem
300 2702 399 2747 reram
422 2686 535 2766 posuit,
559 2703 648 2748 unam
670 2683 783 2748 falsam.
815 2704 913 2749 reram
935 2687 1120 2767 praeposuit,
1143 2703 1212 2748 cum
1234 2683 1321 2746 buius
1342 2682 1387 2745 lit·

100 2794 181 2849 tcraa
202 2785 342 2848 redderet
363 2788 526 2849 rationem:
550 2787 623 2848 dixit
644 2789 722 2850 anim
746 2793 834 2850 ‘tunc
857 2795 902 2849 est
923 2787 1087 2867 digammos
1108 2806 1142 2857 u,
1165 2804 1233 2848 cum
1254 2783 1313 2846 illic
1334 2803 1388 2865 po·

94 2889 178 2950 nitur
192 2886 258 2950 loco
274 2891 477 2961 consonantis,
500 2888 551 2951 ubi
566 2896 631 2951 erat
644 2889 803 2969 adspiratio
811 2894 832 2961 ’,
852 2897 882 2951 et
897 2889 968 2952 lalaa
983 2888 1108 2951 subiecit
1122 2886 1270 2967 exempla:
1285 2885 1389 2965 vulgus

96 2990 139 3053 att
151 2997 183 3051 et
195 2989 315 3061 minua
338 2992 420 3071 quasi
435 2993 528 3071 possit
542 2991 599 3052 dici
621 2991 729 3072 bulgus
744 3000 773 3053 et
787 2990 904 3054 bulnus.
934 2989 1036 3052 debuit
1050 3008 1121 3069 ergo
1136 2990 1236 3050 dicere
1252 2990 1386 3057 Venetos,
1400 3009 1425 3048 ιι

96 3093 236 3172 φιοιιίειιι
258 3090 387 3154 detracta
407 3112 426 3153 u
447 3092 516 3154 lacit
530 3093 675 3165 llenctos,
698 3102 727 3154 et
742 3092 845 3155 Davus.
883 3091 1074 3172 ualiquando
1088 3089 1162 3157 nibil
1185 3098 1243 3161 est,
1266 3097 1298 3151 ut
1319 3108 1386 3151 cum

94 3192 172 3256 dacis
185 3194 340 3274 qnoniam:
363 3213 383 3254 u
399 3212 494 3276 neque
509 3192 618 3255 vocalis
633 3202 685 3266 est,
708 3196 775 3274 quia
797 3193 887 3255 babet
908 3202 975 3273 post
993 3212 1025 3255 se
1047 3213 1080 3265 o,
1101 3211 1196 3272 neque
1211 3207 1386 3261 consonans,

93 3296 165 3378 quia
180 3293 352 3358 hebetante
366 3314 398 3358 se
414 3317 448 3377 q:
465 3298 615 3359 enimvero
630 3299 687 3357 erit
701 3313 770 3376 pars
784 3293 863 3357 illius
877 3285 1000 3367 litterae,
1013 3296 1042 3356 id
1058 3301 1103 3356 est
1117 3314 1145 3374 q.
1169 3302 1199 3355 et
1212 3296 1223 3355 i
1237 3295 1388 3375 quaeritur

91 3405 197 3461 utrum
212 3398 306 3479 possit
320 3399 467 3477 geminata
481 3416 569 3460 uuam
591 3395 730 3478 syllabam
754 3398 866 3470 lacere,
890 3398 1059 3478 etquidem
1082 3405 1206 3476 negant,
1230 3395 1278 3457 alii
1300 3395 1388 3457 adtir-

89 3506 189 3563 mant.
213 3506 311 3561 utrum
328 3517 399 3578 argo
416 3499 456 3560 dii
471 3518 527 3580 ρει
541 3500 599 3561 duo
614 3502 624 3561 i
638 3498 794 3571 scribatur,
810 3518 847 3561 an
862 3517 917 3580 per
931 3517 1030 3570 unam,
1046 3498 1212 3580 quaesitum
1229 3505 1259 3559 et
1273 3504 1388 3560 constat
1400 3513 1426 3555 ao

92 3600 176 3684 quod
190 3618 246 3682 per
261 3619 353 3663 unum
369 3602 380 3660 i
394 3601 543 3663 scribitur.
568 3601 613 3663 lac
628 3620 784 3663 numerum
799 3599 978 3680 singularem
996 3601 1079 3673 deus,
1094 3598 1239 3681 pluralem
1255 3598 1312 3671 dei,
1328 3618 1387 3680 quo

99 3703 191 3769 modo
213 3704 259 3765 rei
280 3711 311 3764 et
332 3704 391 3765 mei
413 3702 450 3765 ab
472 3723 508 3765 co
531 3702 608 3785 quod
632 3711 677 3764 est
697 3722 781 3765 meus
803 3712 833 3766 et
853 3722 930 3766 raus.
964 3721 1036 3782 ergo
1059 3722 1075 3764 ε
1097 3702 1202 3772 littora,
1225 3719 1301 3782 quac
1323 3718 1387 3761 csse

99 3803 203 3867 debuit
224 3804 254 3864 in
276 3822 401 3867 numero
424 3804 538 3885 plurali,
564 3823 621 3866 non
645 3812 755 3867 munta
777 3814 837 3875 cst,
860 3805 912 3866 scd
927 3805 1039 3868 sublata
1062 3824 1116 3887 per
1138 3820 1299 3884 syncopen.
1337 3820 1385 3865 rc·

91 3913 199 3969 manet
226 3906 304 3967 onim
334 3924 391 3967 nna
419 3908 443 3976 i,
475 3907 513 3967 di.
545 3915 590 3967 est
618 3908 719 3977 etiam,
744 3916 776 3969 ut
797 3908 938 3980 diximus,
968 3906 1090 3988 duplex,
1112 3905 1191 3987 quod
1214 3922 1386 3966 concessum

93 4016 142 4072 cst
162 4009 174 4069 i
195 4005 311 4069 litterae
333 4015 465 4079 tantum,
489 4010 624 4088 quotiens
645 4007 711 4070 loco
733 4019 778 4070 est
805 4009 1004 4074 consonantis.
1050 4027 1116 4071 narn
1140 4009 1218 4069 inter
1240 4007 1312 4069 duas
1335 4025 1383 4068 vo·
1398 4026 1424 4069 aa

90 4108 175 4173 celas
197 4109 290 4190 posita
312 4111 342 4171 io
365 4129 424 4172 uua
445 4117 529 4191 parte
544 4112 685 4172 orationis
708 4128 762 4189 pro
785 4109 896 4192 duplici
917 4110 1057 4181 babetur,
1080 4113 1147 4191 quia
1170 4128 1237 4172 cunr
1261 4117 1385 4191 utraque

168 4297 182 4349 1
203 4306 230 4347 ut
248 4297 293 4347 iris
309 4305 336 4347 ut
353 4312 419 4348 unus
439 4299 463 4346 L
533 4312 596 4347 urna
614 4299 716 4360 quando
733 4314 816 4365 aquus
834 4299 944 4349 dicimus
961 4299 993 4349 ab
1011 4299 1123 4367 equitate
1140 4298 1288 4363 dyptongon
1305 4304 1344 4348 est
1358 4313 1388 4346 oe

94 4366 220 4420 scribitur
236 4367 297 4432 quie
313 4382 380 4433 aqua
395 4368 573 4431 aequalitatem
594 4378 662 4418 tenet
674 4377 699 4418 et
718 4371 784 4418 unde
799 4370 900 4436 equitas
912 4370 979 4419 dicta
992 4377 1029 4418 est
1048 4368 1121 4432 quasi
1133 4367 1273 4431 aequalitas
1287 4366 1386 4428 (aequi-

92 4448 134 4488 tas
152 4438 173 4501 l)
192 4437 294 4502 quaudo
313 4452 394 4501 equus
414 4439 559 4503 quadrupes
572 4438 656 4487 brebis
670 4448 709 4488 cst
726 4455 748 4492 e.
765 4439 938 4489 consonantes
958 4439 982 4488 L
1058 4441 1074 4487 2
1093 4441 1157 4488 iuter
1177 4454 1204 4489 ss
1222 4437 1281 4486 inisi
1299 4451 1350 4485 uua
1364 4435 1388 4483 L

164 4506 247 4558 daed
266 4508 290 4556 in
309 4507 414 4557 alteram
431 4508 455 4557 L
538 4507 634 4558 ilhaeo
649 4509 784 4573 aliquando
804 4507 829 4557 L
918 4509 948 4559 ll
969 4509 1054 4558 nescio
1074 4509 1135 4572 quid
1153 4507 1260 4573 pinguis
1278 4506 1302 4554 L

96 4579 264 4629 lacerantur
283 4576 410 4628 mediaL
481 4574 512 4628 13
529 4578 714 4644 digammusL
788 4577 819 4628 14
834 4593 908 4641 quern
924 4577 1011 4632 aas
1084 4578 1116 4628 lb
1134 4573 1388 4644 prouenetishenos

93 4647 181 4699 dicunt
203 4647 251 4698 das
276 4648 361 4698 dicunt
382 4662 446 4713 quos
467 4662 513 4698 nas
532 4646 612 4698 dauos
632 4649 656 4698 L
728 4648 760 4700 lo
779 4649 847 4714 apud
866 4657 924 4699 cate
944 4648 1062 4699 declicos
1078 4663 1123 4698 om.
1137 4649 1170 4708 L,
1188 4647 1275 4696 addi
1344 4643 1387 4693 ille

93 4717 251 4769 aoribnntL
322 4717 355 4769 18
372 4727 435 4784 aput
453 4733 509 4770 nos.
528 4715 580 4776 1.·>
602 4716 669 4767 etL
741 4718 772 4770 19
790 4718 882 4769 habent
897 4719 930 4769 da
945 4719 1047 4786 signum
1065 4719 1137 4769 ouius
1158 4716 1182 4765 L
1257 4713 1387 4765 illdlme-

96 4787 165 4839 dium
184 4788 195 4839 1
211 4789 279 4838 etL
332 4796 392 4838 tnnc
404 4804 451 4843 om.
464 4789 497 4852 L,
516 4789 607 4839 addi
670 4787 824 4857 ibhulnus]
845 4790 919 4840 ulnus
939 4788 962 4839 L
979 4787 1100 4839 bulnust
1147 4783 1276 4851 28.q.t†
1295 4797 1387 4836 uuus

97 4857 181 4911 deleta
206 4865 267 4910 noto
283 4874 307 4910 ι.
325 4858 393 4909 cuim
411 4860 436 4910 L
506 4857 539 4912 33
562 4873 608 4925 per
625 4859 805 4925 syncopemL
1353 4912 1357 4917 ,
