3346 5506
515 394 721 457 exulantis.
746 392 784 454 lu
807 391 984 455 DONATVll
1006 392 1077 454 tle.
1100 392 1111 453 Ι
1399 395 1458 457 491

814 541 815 546 ,
1255 497 1409 551 mmmm

163 583 255 648 meu
275 592 326 646 aut
354 581 575 664 appellativum;
592 581 669 661 ¹plus
691 599 750 642 non
773 581 841 643 lacit
864 579 1003 660 qualitas,
1030 580 1087 639 nisi
1109 588 1140 640 ut
1166 585 1215 640 aut
1237 579 1389 659 proprium
1412 585 1462 639 aut

161 686 387 768 appellativum
414 684 559 746 ostendat.
603 683 676 745 haee
708 691 754 745 est
785 682 955 764 principalis
982 682 1084 742 divisio
1112 679 1275 760 qualitatis,
1307 679 1373 761 plus
1400 696 1459 740 non

160 789 262 858 facin
286 787 337 849 sed
366 785 579 848 subdivisiones
598 785 745 866 qualitatis
777 795 846 846 sunt
877 782 1028 863 plurimae.
1073 801 1140 843 uam
1173 784 1293 862 propria
1324 791 1461 863 quattuor

156 898 280 970 partas
302 889 424 961 habent,
449 888 620 969 appellativa
641 889 744 967 viginti
771 896 883 967 septem
906 894 1005 966 partes
1027 885 1146 947 habent.
1191 885 1228 946 de
1250 885 1295 946 his
1317 883 1391 945 nihil
1412 884 1461 944 hic

157 992 267 1062 dixit;
298 990 396 1053 didert
424 1008 477 1052 nos
504 989 540 1051 ad
568 988 646 1051 illam
674 999 787 1070 partem
810 1009 884 1070 quae
907 997 950 1051 est
971 987 1154 1068 prudentior.
1199 1007 1271 1069 ergo
1294 990 1318 1049 si
1340 987 1486 1068 proprias

156 1112 236 1157 non
259 1093 385 1165 tuerint,
409 1091 582 1173 appellativa
604 1101 687 1161 sunt:
710 1094 735 1153 si
757 1090 928 1171 appellativa
951 1092 1155 1160 maluerint,
1179 1092 1296 1170 propria
1319 1097 1396 1151 sunt.

261 1194 376 1257 Accidit
405 1196 491 1256 etiam
519 1196 698 1274 conparatio.
743 1196 911 1272 conparatio
940 1202 984 1255 est
1005 1211 1053 1255 res
1075 1211 1150 1273 quae
1172 1199 1361 1270 augmentum
1383 1192 1461 1255 lacit.

158 1299 231 1360 iste
256 1297 337 1359 dives
359 1304 421 1366 est;
450 1296 501 1359 sed
524 1298 619 1357 estin
642 1295 698 1357 alio
720 1295 808 1376 plus,
829 1295 879 1358 ille
900 1296 1003 1365 ditior;
1032 1294 1081 1356 ille
1103 1296 1173 1356 satis
1194 1313 1341 1375 superque
1363 1294 1462 1364 habet,

157 1399 351 1465 ditissimus.
396 1397 474 1460 unde
495 1400 662 1479 quaeritur,
685 1407 783 1459 utrum
805 1400 897 1479 possit
925 1399 1094 1479 conparatio
1115 1399 1213 1458 minus
1234 1397 1404 1467 ostendere,
1433 1405 1463 1458 et

156 1502 296 1564 videtur
321 1502 405 1582 quasi
431 1518 528 1582 posse.
573 1517 640 1561 nam
669 1500 794 1562 dicimus
821 1519 933 1581 pauper
961 1501 1119 1580 pauperior
1141 1499 1365 1580 pauperrimus.
1409 1498 1461 1561 sed
1475 1511 1499 1552 ¹⁰
1539 1541 1542 1544 >

152 1620 236 1666 non
264 1609 363 1684 potest
391 1603 469 1664 deri:
502 1620 570 1663 nam
598 1603 652 1663 ista
680 1602 841 1664 deminutio
872 1601 1050 1664 infelicitatis
1077 1608 1265 1680 augmentum
1298 1610 1351 1664 est.
1394 1601 1462 1663 ideo

156 1722 238 1768 non
265 1711 364 1785 potest
391 1705 456 1765 deri
483 1712 516 1766 ut
544 1705 655 1766 minuat
684 1707 864 1785 conparatio.
909 1705 1125 1783 conparationis
1157 1703 1265 1782 gradus
1292 1712 1361 1765 sunt
1392 1710 1461 1775 tres,

157 1807 322 1887 positivus
343 1808 547 1885 conparatirus
570 1806 772 1885 superlativus.
802 1808 942 1888 positivus
963 1807 1060 1867 omnia
1083 1823 1190 1885 genera
1206 1806 1324 1887 recipit,
1347 1823 1462 1867 maseu-

151 1904 285 1980 linum,
314 1918 347 1971 ut
374 1908 492 1980 doctus,
522 1908 709 1981 femininum,
738 1917 770 1970 ut
791 1909 891 1980 docta,
915 1916 1066 1979 neutrum,
1090 1916 1121 1970 ut
1143 1909 1277 1970 doctum:
1305 1909 1412 1987 recipit
1433 1915 1462 1970 et

152 2028 335 2075 commune
357 2027 464 2089 genus,
496 2019 529 2071 ut
550 2010 667 2082 docilis,
697 2018 783 2073 etex
805 2009 900 2073 trihus
922 2010 1094 2090 generibus,
1117 2019 1150 2073 ut
1171 2009 1249 2072 ielix.
1294 2012 1458 2091 conparati·
1474 2022 1498 2062 ¹⁵

154 2129 225 2178 vus
248 2112 360 2197 gradus
386 2112 444 2174 duo
472 2120 585 2175 tantum
608 2131 715 2193 genera
738 2114 855 2194 recipit,
885 2130 1041 2175 commune
1068 2122 1097 2175 et
1119 2121 1270 2183 neutrum,
1293 2119 1325 2173 ut
1346 2112 1461 2174 doctior

151 2214 301 2281 doctius.
344 2213 539 2296 superlativus
560 2216 616 2277 tria
639 2213 826 2294 singulariter
848 2232 958 2294 genera
979 2217 1099 2295 recipit,
1122 2214 1331 2285 masculinnm,
1354 2222 1386 2277 ut
1408 2214 1460 2277 do·

148 2319 337 2390 ctissimus,
362 2317 549 2390 femininum,
572 2326 605 2380 ut
626 2317 808 2389 doctissima,
837 2327 988 2389 neutrum,
1012 2326 1046 2379 ut
1067 2317 1277 2379 doctissimum.
1320 2319 1461 2398 positivus

145 2420 276 2499 plures
298 2419 409 2482 lormes
437 2419 540 2482 hehet:
575 2419 677 2502 [saepe
699 2419 854 2500 positivus]
878 2421 937 2482 exit
957 2420 988 2481 in
1010 2420 1269 2498 us,1utdootus,
1293 2421 1352 2481 erit
1372 2421 1403 2480 in
1425 2421 1459 2490 is,

147 2531 199 2585 ut
224 2520 348 2594 docilis,
378 2524 438 2584 exit
459 2524 489 2582 in
512 2540 578 2593 ens,
607 2528 640 2584 ut
661 2522 805 2602 prudens,
834 2524 894 2584 exit
915 2524 946 2582 in
968 2541 1016 2593 er,
1045 2529 1077 2583 ut
1099 2522 1197 2602 niger,
1228 2523 1289 2583 exit
1308 2523 1339 2583 in
1361 2523 1404 2591 ix,
1428 2529 1498 2583 ut²⁰
1531 2542 1535 2550 ·

144 2623 254 2689 felix.
300 2623 338 2684 de
358 2623 405 2684 his
426 2622 541 2704 plenius
563 2624 735 2686 referemus.
773 2626 978 2704 conparatirus
1000 2623 1073 2686 duas
1096 2631 1207 2685 tantiau
1230 2622 1340 2685 lormas
1362 2622 1459 2695 habet,

143 2721 213 2790 ior
239 2733 272 2788 et
292 2726 351 2797 ius,
376 2725 489 2787 doctior
503 2726 631 2795 doctius;
655 2725 849 2806 superlativus
871 2727 902 2787 ln
923 2725 1046 2806 singulis
1068 2726 1225 2806 generibus
1247 2725 1345 2796 binas,
1367 2727 1461 2788 simus

144 2836 195 2890 et
219 2827 334 2898 rimus,
362 2829 437 2889 sima
458 2835 488 2889 et
508 2829 597 2899 rima,
627 2830 733 2890 simum
756 2837 786 2890 et
807 2830 929 2890 rimum:
953 2828 1077 2890 dicimus
1099 2828 1177 2890 enim
1201 2827 1385 2890 doctissimus
1407 2827 1459 2889 do·

140 2929 304 2994 ctissime
326 2928 527 2992 doctissimum
549 2939 579 2992 ct
600 2933 777 3010 nigerrimus
804 2933 962 3011 nigerrima
992 2932 1195 3010 nigerrimum.
1239 2929 1311 2992 utile
1333 2937 1377 2991 est
1397 2929 1459 2991 ior·

139 3044 235 3097 mas
257 3032 330 3094 istas
352 3031 520 3112 superlativi
537 3044 744 3112 cognoscere:
773 3033 906 3095 incidunt
932 3035 1010 3093 enim
1033 3031 1129 3112 aliqua
1152 3033 1270 3094 nomina
1291 3032 1323 3092 in
1345 3028 1459 3092 dubita·
1472 3043 1497 3083 ²⁶

140 3138 285 3199 tionem
308 3140 338 3195 et
360 3134 429 3197 irinc
450 3135 612 3197 solvuntur.
656 3136 821 3215 quaeritur,
851 3142 948 3196 utrum
972 3135 1048 3196 acris
1069 3134 1202 3195 dicamus
1222 3151 1260 3194 au
1281 3150 1366 3202 acer;
1400 3132 1459 3194 En-

138 3240 238 3301 nius
269 3235 347 3297 enim
379 3230 460 3297 dixit
480 3242 580 3316 ‘post
609 3254 692 3298 acer
719 3236 863 3306 hiems’,
893 3238 964 3298 item
993 3235 1129 3298 Horatius
1158 3235 1337 3297 ‘solvitur
1359 3235 1459 3296 acris

137 3330 330 3403 hiems':
359 3339 430 3398 item
458 3336 563 3399 alacris
592 3357 630 3400 an
658 3338 770 3409 alacer,
798 3340 953 3401 Terentius
982 3336 1132 3418 ‘quidve
1159 3346 1217 3398 est
1244 3336 1407 3407 alacris’,
1430 3344 1460 3398 et

134 3433 320 3520 Vergilius
348 3437 492 3500 ‘alacer
519 3439 660 3520 palmas
688 3448 867 3521 utrasque
895 3439 1089 3502 tetendit'.
1133 3439 1202 3520 quid
1231 3447 1328 3502 tamen
1357 3456 1458 3501 verum

135 3550 228 3614 est,
265 3538 304 3601 de
336 3539 513 3620 superlativo
546 3542 639 3621 gradu
673 3541 844 3621 colligimus.
889 3549 919 3603 et
950 3541 1020 3602 lacit
1047 3541 1254 3620 superlativum
1283 3543 1457 3611 acerrimus;
1472 3552 1498 3595 ³⁰

137 3659 246 3725 ergo
267 3660 339 3704 acer
360 3644 509 3722 positivus.
540 3661 608 3705 nam
631 3663 697 3707 curn
720 3644 801 3705 dicas
822 3645 1000 3716 acerrimus,
1024 3643 1094 3724 quid
1116 3643 1205 3704 habet
1226 3661 1381 3705 remanere
1403 3645 1460 3706 uisi

134 3744 258 3809 aceri
295 3743 438 3824 quaedam
470 3746 630 3808 necessitas
663 3754 721 3816 est,
754 3763 837 3825 quae·
860 3765 915 3807 nos
948 3752 1061 3808 coartet
1086 3744 1123 3808 ad
1150 3762 1251 3808 verum
1281 3763 1457 3808 sermonem.

132 3862 246 3931 quae
276 3848 396 3908 nomina
423 3848 640 3927 conparanturi
672 3866 731 3909 non
759 3849 871 3920 omnia,
899 3849 952 3911 sed
981 3867 1015 3910 ea
1043 3867 1117 3930 quae
1145 3856 1214 3910 suut
1242 3848 1388 3930 qualitatis
1410 3855 1460 3908 aut

132 3947 351 4032 quantitatis.
396 3947 519 4029 qualitas
541 3958 571 4011 et
592 3944 737 4030 quantitas
763 3951 793 4011 in
816 3951 862 4012 his
890 3952 980 4013 rebus
1002 3952 1207 4022 aestimantur,
1236 3967 1311 4030 quae
1332 3947 1458 4013 suntab

132 4052 286 4120 animo,
309 4068 326 4111 a
348 4066 490 4131 corpore,
513 4069 529 4112 a
552 4051 685 4122 fortuna,
707 4071 723 4113 a
745 4070 898 4115 mensura:
927 4052 965 4114 ab
987 4055 1099 4122 animo,
1123 4060 1155 4113 ut
1175 4051 1307 4134 prudens
1328 4051 1457 4130 pruden·
1470 4062 1496 4105 ³⁵

129 4151 244 4223 tior,
268 4149 373 4213 stultus
395 4151 526 4222 stultior;
549 4169 566 4211 a
589 4171 729 4233 corpore,
758 4161 791 4215 ut
813 4154 955 4216 candidus
983 4154 1149 4226 candidior,
1178 4154 1325 4216 formosus
1347 4154 1453 4216 lormo

240 4407 254 4458 1
273 4413 302 4455 ut
315 4421 361 4460 om.
382 4407 452 4459 LFS
520 4408 705 4475 dappeilatiua
719 4407 816 4460 XXVII
836 4408 896 4474 (xit
915 4417 942 4460 et
961 4410 1007 4460 llll
1024 4407 1055 4469 S)
1075 4416 1160 4475 partes
1177 4409 1272 4462 hebent
1284 4409 1331 4461 FS
1346 4409 1458 4476 appelle-

138 4474 281 4530 tinorum
298 4476 390 4544 uiginti
409 4484 507 4544 septem
523 4479 547 4528 t
607 4478 639 4529 iu
656 4494 734 4546 saepe
749 4479 875 4545 positione
893 4479 955 4530 exiit
969 4479 993 4528 t
1007 4479 1061 4530 exit
1078 4480 1123 4531 FS
1190 4478 1224 4530 26
1242 4477 1349 4546 Ennius]
1371 4480 1457 4529 canat

136 4552 189 4599 0.
208 4544 264 4599 406
281 4547 323 4600 cd,
340 4547 416 4598 Vult.
486 4546 865 4616 arnorarius]eam.rt,1
936 4549 970 4600 28
985 4546 1129 4615 Terentius]
1145 4548 1256 4601 Eunoen.
1276 4551 1308 4611 il,
1327 4550 1352 4608 3,
1368 4546 1399 4598 la

143 4624 191 4666 et
205 4614 335 4682 uarglllus
353 4623 377 4665 et
396 4616 479 4668 alacer
498 4619 523 4669 L
536 4628 561 4668 et
579 4620 662 4670 alacer
679 4619 719 4670 F:
740 4621 821 4685 Verp.
838 4618 905 4674 Aea.
923 4618 958 4670 Vl
975 4619 1026 4672 685
1078 4619 1112 4671 29
1130 4627 1249 4686 utrasque
1269 4619 1319 4669 Μ’
1333 4632 1458 4681 uerasque

144 4679 184 4731 Β
256 4685 327 4750 quod
343 4694 428 4738 tamen
442 4702 531 4738 uerum
548 4695 596 4740 eat.
614 4688 647 4740 do
665 4687 822 4755 superlativae
834 4690 918 4755 gradu
931 4689 992 4742 tolla
1004 4690 1085 4740 rimm
1097 4700 1122 4739 et
1139 4688 1217 4741 iacies
1236 4689 1376 4756 positiunm
1389 4702 1456 4743 acer,

148 4764 231 4877 :til
247 4757 859 4881 carisiacensem
871 4766 1064 4885 „w
1080 4759 1169 4885 Ἦ
1193 4758 1351 4883 ”iiim
1376 4758 1460 4880 ,333

157 4840 272 4946 tondis
287 4910 302 4945 a
320 4909 440 4947 mensura
454 4841 487 4946 gb
504 4898 591 4950 animo
608 4912 655 4952 oar.
675 4896 711 4961 L,
725 4844 805 4953 σὲ
1026 4829 1096 4901 ψ
1321 4842 1382 4896 m
