3314 5506
555 1296 988 1380 PRAEFATIO

668 1555 835 1563 *-

212 1743 312 1837 Inter
334 1773 507 1856 scriptores
530 1773 608 1836 artis
630 1774 860 1855 grammaticae
882 1782 1011 1856 praeter
1026 1772 1229 1836 Priscianunr
1251 1773 1285 1836 in
1308 1775 1420 1858 primis

119 1875 217 1939 clara
244 1875 378 1938 fuerunt
404 1873 504 1938 Probi
532 1873 655 1938 Donati
683 1874 788 1939 Servii
815 1885 848 1938 et
878 1876 981 1959 Sergii
1004 1875 1149 1955 nomina,
1181 1896 1318 1960 quorum
1345 1873 1421 1940 libri

120 1977 190 2040 hoc
212 1986 329 2062 quarto
351 1977 636 2061 grammaticorum
657 1975 820 2040 volumine
843 1975 922 2040 editi
944 1987 1028 2043 sunt.
1073 2000 1159 2042 nunc
1181 1978 1336 2062 quoniam
1356 1999 1421 2042 non

122 2079 233 2142 solunt
261 2079 381 2164 quibus
408 2077 588 2143 rationibus
616 2077 736 2143 inillis
759 2077 892 2142 edendis
916 2100 993 2142 usus
1017 2080 1078 2143 sim
1100 2077 1339 2163 explicandum,
1363 2081 1421 2144 sed

123 2182 228 2244 etiam
256 2181 296 2244 de
324 2181 404 2264 ipsis
434 2179 540 2261 libris,
570 2203 651 2264 quos
679 2180 785 2259 edidi,
816 2180 989 2243 dicendum
1018 2191 1083 2261 est,
1112 2203 1186 2244 cum
1213 2181 1316 2244 multa
1337 2204 1421 2267 quae

124 2284 193 2346 buc
222 2284 385 2366 pertinent
410 2304 474 2345 non
504 2282 599 2346 unius
628 2281 704 2346 libri
732 2283 865 2367 propria
892 2281 950 2346 sed
977 2283 1160 2346 communia
1181 2281 1323 2367 plurium
1345 2284 1420 2362 siut,

124 2385 191 2448 hoc
222 2382 292 2447 loco
321 2384 361 2447 de
391 2384 430 2446 iis
461 2384 558 2448 rebus
586 2383 745 2447 disserere
774 2384 882 2447 visum
911 2393 969 2446 est.
1014 2384 1122 2470 itaque
1150 2384 1290 2470 primum
1319 2386 1358 2449 de
1381 2386 1421 2449 iis

127 2507 214 2571 quae
236 2485 335 2549 Probi
358 2486 486 2549 nomine
508 2486 665 2570 inscripta
687 2484 836 2548 feruntur
859 2484 979 2565 dicam,
1003 2484 1120 2549 deinde
1142 2485 1183 2549 de
1204 2499 1273 2552 arte
1288 2487 1420 2567 Donati,

127 2596 292 2671 postremo
321 2585 362 2650 de
391 2586 497 2652 Servii
528 2585 579 2651 vel
611 2588 717 2672 Sergii
745 2585 848 2651 libris.
892 2609 968 2650 nam
995 2586 1036 2650 de
1070 2597 1218 2651 notarum
1244 2586 1419 2666 laterculis,
1502 2590 1506 2599 '

128 2711 210 2775 quos
226 2687 416 2752 Theodorus
431 2689 651 2753 Mommsenus
673 2710 724 2753 me
748 2698 885 2773 rogante
907 2710 928 2751 a
950 2711 984 2752 se
1006 2688 1183 2753 recensitos
1206 2711 1280 2754 euru
1302 2711 1420 2774 magno

128 2789 312 2854 litterarum
344 2789 511 2855 commodo
543 2791 577 2854 in
609 2790 671 2854 hoc
698 2789 849 2855 volumen
876 2791 976 2875 recipi
1011 2789 1130 2869 voluit,
1165 2792 1244 2855 satis
1274 2790 1316 2855 ab
1350 2791 1420 2876 ipso

128 2892 253 2957 dictum
275 2900 334 2956 est.

308 3063 325 3127 I
361 3061 424 3125 DE
447 3061 690 3127 CODICIBVS
713 3062 771 3127 ΕΤ
793 3062 1089 3128 EDITIONIBVS
1111 3064 1246 3128 PROBI

214 3198 313 3264 Probi
338 3198 379 3262 de
401 3207 470 3261 arte
492 3199 705 3282 grammatica
726 3197 801 3263 libri
823 3200 879 3285 qui
901 3211 1075 3284 supersunt
1096 3201 1272 3264 maximam
1294 3210 1420 3285 partem

130 3303 347 3367 Bobiensibus
363 3299 530 3366 codicibus
552 3298 726 3380 debentur,
750 3323 830 3383 quos
852 3302 939 3364 circa
961 3324 1080 3364 annum
1102 3298 1308 3364 millesimum
1330 3301 1420 3385 quin·
1445 3347 1449 3357 .

129 3405 346 3489 gentesimum
374 3404 489 3468 Ianum
511 3400 720 3465 Parrhasium
750 3403 939 3466 tractavisse
965 3404 1000 3466 in
1027 3402 1228 3489 praefatione
1250 3402 1345 3487 primi
1365 3423 1420 3465 vo·

130 3507 261 3571 luminis
290 3505 370 3568 dixi.
416 3514 448 3567 et
476 3501 710 3580 catholicon
739 3503 868 3590 quidem
897 3503 978 3568 liber
1002 3514 1034 3579 et
1054 3506 1082 3568 is
1104 3506 1160 3589 qui
1183 3512 1232 3567 est
1254 3502 1301 3566 de
1322 3503 1419 3566 ulti-

129 3610 202 3672 rnis
231 3605 406 3692 syllabis
435 3605 481 3669 ad
511 3603 797 3670 Caelestinum
825 3607 978 3690 scriptus,
1007 3606 1062 3690 qui
1089 3605 1160 3690 ipse
1190 3626 1317 3690 quoque
1344 3604 1421 3669 olim

131 3710 230 3773 Probi
251 3707 380 3772 nomine
408 3707 582 3791 inscriptus
610 3707 792 3787 ferebatur,
820 3730 884 3770 uno
913 3707 1024 3771 codice
1046 3706 1290 3771 Vindobonensi
1316 3714 1354 3774 16
1378 3704 1421 3769 ad

130 3822 273 3875 nostram
300 3817 441 3873 aetatem
469 3820 666 3894 propagatus
695 3819 754 3872 cst.
799 3809 885 3874 hunc
919 3808 994 3874 olim
1023 3808 1218 3872 Bobiensem
1245 3807 1347 3871 suisse
1375 3808 1421 3871 in·

130 3913 261 3999 scriptio
284 3913 317 3976 in
344 3911 449 3996 prima
471 3911 591 3996 pagina
618 3911 741 3995 posita,
770 3910 872 3975 ‘liber
893 3913 996 3997 sancti
1013 3909 1205 3974 Columbani
1230 3910 1269 3973 de
1285 3907 1419 3989 Bobio’,

130 4014 261 4079 indicat.
307 4010 446 4076 eundem
467 4012 552 4074 inter
574 4010 701 4075 codices
724 4035 807 4076 anno
831 4019 912 4082 1493
935 4013 1031 4076 Bobii
1053 4021 1197 4097 repertos
1221 4012 1422 4075 enumeravit

130 4116 276 4203 Raphael
299 4114 533 4178 Volaterranus
561 4125 768 4178 commentar.
799 4115 912 4178 urban.
939 4114 960 4178 l.
984 4113 1031 4179 IV
1061 4113 1085 4177 s.
1108 4113 1186 4177 LVI
1209 4113 1259 4177 ed.
1284 4113 1433 4176 Roman·

129 4243 158 4282 a.
183 4225 276 4297 1506,
306 4216 422 4280 ‘Probi
452 4214 692 4299 Catholica’.*)
737 4228 888 4281 accurate
911 4237 984 4280 eum
1011 4215 1183 4301 descripsit
1205 4213 1421 4279 Endlicherus

210 4407 235 4470 *l
265 4408 335 4457 Tres
360 4405 470 4455 codices
493 4404 575 4453 Probi
594 4405 675 4455 Bobii
697 4407 823 4456 extitisse
847 4409 966 4456 testatur
989 4405 1071 4454 index
1093 4405 1224 4454 librorum
1244 4405 1422 4455 Bobiensium

127 4496 231 4546 decimo
250 4492 369 4544 saeculo
390 4491 509 4554 scriptus
529 4488 600 4553 apud
619 4490 805 4540 Muratorium·
819 4492 906 4554 antiq.
925 4491 1048 4540 1ta1.111
1067 4507 1092 4555 p.
1112 4493 1177 4552 820,
1196 4490 1298 4539 ‘libros
1316 4489 1423 4540 Valerii

127 4582 208 4632 Probi
227 4581 312 4630 tres'.
343 4593 358 4626 e
377 4577 476 4639 quibus
495 4573 637 4623 codicibus
656 4591 724 4624 unus
743 4575 852 4625 videtur
870 4576 956 4625 fuisse
975 4577 999 4624 is
1017 4576 1050 4625 do
1070 4590 1122 4638 quo
1141 4590 1225 4638 supra
1243 4574 1346 4623 dictum
1364 4580 1421 4634 est;

125 4667 158 4715 de
180 4667 270 4716 altero
297 4664 367 4712 itern
390 4675 462 4708 nunc
485 4659 691 4710 Vindobonensi
713 4665 812 4725 postea
835 4659 956 4722 dicetur;
984 4661 1096 4711 tortium
1118 4659 1256 4724 suspicari
1278 4675 1421 4723 possumus

125 4753 296 4802 continuisse
324 4745 551 4796 commentarium
575 4745 603 4793 in
624 4745 739 4811 Vergini
763 4745 892 4795 bucolica
917 4748 945 4794 et
967 4746 1110 4811 georgica,
1134 4760 1215 4810 quem
1238 4759 1272 4793 ex
1290 4743 1422 4795 Bobiensi

124 4837 214 4889 codice
233 4835 346 4889 editum
366 4846 427 4881 esse
445 4823 564 4881 constat.
