3314 5506
199 400 239 464 22
534 434 540 454 ι
790 396 902 460 Pnont

338 547 344 558 .
411 548 416 558 .
1294 528 1308 553 t.
1323 513 1368 555 na.

199 516 432 655 hallellllellrlis
454 586 601 647 elefantis:
630 585 737 646 dieitur
760 592 790 645 et
815 582 958 646 elefantus
977 585 1065 646 huius
1088 584 1205 646 elefanti
1226 513 1488 647 secrlndaeaedlecll·

199 691 335 751 nationis.
380 688 481 749 Latina
503 689 562 748 duo
585 688 705 768 repperi
728 685 954 755 indeclinabilia,
977 686 1034 746 boe
1056 687 1100 748 fas
1121 687 1178 746 hoc
1200 688 1290 749 nefas.
1324 706 1392 749 narn
1412 689 1489 750 fandi

198 797 286 871 atque
317 791 435 851 nefandi
461 790 682 851 anominativo
710 790 790 851 venit
815 789 872 849 hoc
897 789 1018 850 fandum
1043 797 1072 849 et
1098 789 1155 849 hoe
1178 788 1347 851 nefandum.
1392 790 1436 852 fes
1455 791 1489 852 fis

199 895 258 954 fos:
291 893 338 953 his
366 892 487 973 syllabis
510 909 572 953 non
602 893 721 972 repperi
750 891 868 952 nomina
899 893 1068 959 terminata3
1102 891 1206 952 doceat
1232 893 1283 971 qui
1313 894 1488 972 reppererit.

172 995 243 1059 sies
261 995 465 1066 inveniuntur,
492 989 545 1056 sed
567 992 707 1071 vulgaria.
752 994 799 1054 fus
827 993 974 1054 secundae
1001 994 1070 1055 sunt
1096 992 1314 1061 declinationis,
1343 995 1362 1054 n
1383 995 1491 1057 facient

198 1098 341 1176 genetivo,
362 1099 366 1174 Ι
386 1097 471 1158 rufus
494 1097 559 1166 rufi,
580 1104 609 1157 et
629 1097 711 1175 siqua
734 1094 811 1156 talia.
849 1112 901 1172 gas
925 1113 1014 1156 unum
1038 1095 1174 1156 Latinum
1197 1103 1401 1174 monoptotum
1423 1115 1489 1176 rep·

197 1200 263 1279 peri
284 1198 402 1277 generis
423 1199 534 1267 omnis,
562 1215 671 1275 nugas;
699 1197 811 1258 Graeca
838 1197 942 1258 tertiae
972 1203 1040 1257 sunt
1066 1195 1269 1259 declinationis
1296 1199 1332 1257 tis
1357 1198 1489 1261 facientia

199 1302 342 1379 genetivo,
366 1317 385 1360 n
408 1308 476 1361 ante
499 1318 564 1361 eam
587 1298 739 1367 habentia,
760 1300 849 1377 Gigas
871 1299 1011 1376 Gigantis.
1057 1317 1108 1376 ges
1131 1307 1265 1377 correpta
1289 1301 1393 1362 tertiae
1412 1311 1488 1373 snut,

198 1402 235 1462 tis
261 1402 371 1463 faciunt
398 1403 547 1480 genetivo,
580 1417 665 1477 seges
693 1402 814 1479 segetis;
856 1401 999 1480 producta
1029 1419 1098 1462 vero
1127 1403 1187 1479 gis,
1220 1411 1346 1477 strapas.
1368 1406 1488 1483 stragis:

162 1526 187 1566 n
200 1505 312 1566 Graeca
336 1522 406 1565 vero
428 1505 473 1580 gis
491 1502 537 1564 ref
557 1503 593 1563 tis
613 1501 656 1563 rel
678 1519 742 1580 gae,
762 1503 858 1583 Gyges
875 1505 965 1579 Gyen
984 1501 1028 1563 rel
1051 1503 1169 1583 Gygetis
1187 1501 1230 1564 vel
1246 1504 1354 1583 Gygae,
1373 1505 1490 1583 Ganges

200 1605 310 1683 Gangis
332 1605 376 1666 vel
399 1605 537 1683 Gangetis
557 1605 600 1664 rel
623 1607 751 1684 Gangre.
797 1606 856 1682 gis:
886 1623 944 1665 non
968 1606 1063 1666 inveni
1090 1605 1146 1694 hac
1168 1604 1277 1685 syllaba
1304 1623 1414 1668 nomen
1432 1616 1490 1669 ter·

199 1708 349 1769 minatum.
377 1724 431 1785 gos
452 1714 481 1768 et
501 1706 660 1786 corripitur
681 1715 709 1767 et
727 1706 873 1768 Graecum
895 1713 947 1776 est,
963 1703 976 1789 ΙΙ
991 1707 1048 1767 hoc
1073 1708 1167 1785 Argos
1188 1707 1276 1769 buius
1298 1710 1379 1786 Argi,
1401 1709 1489 1771 decli·

200 1811 324 1871 nationis
354 1809 511 1870 secundae.
556 1808 613 1869 hoc
645 1816 742 1869 tamen
775 1826 884 1870 nomeu
915 1827 1040 1869 numero
1067 1810 1186 1888 quidem
1211 1809 1352 1888 singulari
1381 1827 1490 1888 genere

200 1920 305 1973 neutro
324 1913 439 1982 dicitur,
461 1908 567 1991 plurali
587 1930 657 1972 vero
680 1909 855 1980 masculino,
877 1910 906 1971 hi
926 1912 1010 1989 Argi,
1032 1911 1090 1972 hoc
1111 1929 1234 1989 porrum
1258 1911 1288 1972 hi
1308 1914 1401 1992 porri.
1444 1915 1490 1976 his

163 2032 186 2074 n
201 2014 348 2075 contraria
379 2021 447 2074 sunt
478 2031 603 2074 numero
633 2011 775 2089 singulari
801 2011 963 2073 masculina
990 2012 1095 2092 plurali
1124 2021 1245 2084 neutra,
1277 2014 1325 2074 hic
1351 2014 1490 2077 Tartarus

200 2116 273 2177 haec
299 2116 435 2184 Tartara,
470 2115 517 2176 hic
542 2117 691 2193 Gargarus
719 2113 792 2174 haec
821 2111 966 2192 Gargara,
997 2115 1046 2175 bic
1072 2114 1221 2176 Maenalus
1248 2114 1321 2177 haec
1346 2116 1488 2180 ldaenala.

194 2235 255 2296 gus
276 2217 424 2278 secundae
443 2223 520 2285 sunt,
543 2218 572 2294 gi
593 2217 703 2276 faciunt
725 2217 867 2294 genetivo,
890 2234 1011 2296 mergus
1036 2219 1138 2296 mergi.
1172 2224 1241 2279 nent
1320 2221 1381 2280 icut
1399 2238 1489 2300 supra

141 2357 143 2360 ⁴
199 2319 361 2388 docuimus,
382 2337 416 2380 us
431 2319 586 2379 terminata
601 2319 698 2377 omnia
719 2325 787 2378 suut
802 2319 905 2379 tertiae
920 2233 1330 2397 declinationistifftitlo
1346 2321 1488 2393 facientia,

198 2420 292 2499 frigus
312 2420 440 2498 frigoris,
462 2420 591 2497 exceptis
606 2427 753 2500 quattuor,
777 2419 881 2498 vulgus
895 2420 1015 2500 pelagus
1034 2439 1090 2499 pus
1106 2424 1193 2491 virus,
1216 2422 1253 2483 de
1274 2423 1381 2503 quibus
1403 2426 1489 2502 paulo

91 2554 118 2616 ys
160 2528 267 2586 manle
291 2524 421 2583 tractavi.
465 2522 519 2583 lras
541 2523 643 2582 tertiae
667 2528 736 2582 sunt
756 2523 883 2592 Graeca,
914 2523 957 2583 dis
981 2524 1115 2600 genetivo
1144 2525 1268 2593 faciunt,
1298 2524 1412 2588 Orchns
1434 2526 1488 2588 Or·

198 2623 313 2687 chadis:
344 2622 488 2702 Vergilius
511 2622 720 2684 ‘Orchades
742 2627 778 2684 et‘
799 2624 924 2685 radii’.
970 2643 1061 2686 nuum
1083 2627 1179 2687 inveni
1202 2626 1362 2688 barbarum
1387 2648 1489 2690 mono·

198 2733 326 2805 ptotam,
360 2725 520 2803 naphtiras:
555 2723 709 2787 Sallustius
737 2719 842 2803 posuit.
888 2725 941 2787 hes
971 2727 1114 2804 producta
1145 2729 1258 2790 Graeca
1291 2737 1359 2790 sunt
1385 2734 1490 2793 tertiae

199 2824 399 2889 declinationis
427 2825 490 2886 ciris
519 2825 561 2886 vel
589 2828 626 2887 tis
656 2827 792 2888 facientia
821 2830 968 2907 genetivo,
1002 2829 1115 2891 Laches
1143 2830 1277 2892 Lachetis
1305 2831 1350 2893 vel
1375 2833 1488 2902 Lachis,

199 2930 339 2991 Chremes
368 2929 501 2990 Chromis
530 2927 575 2990 vel
603 2927 779 2999 Chremetis,
809 2930 917 2991 Dares:
950 2930 1106 2992 Terentius
1132 2933 1304 3008 ‘puerum
1334 2937 1489 2998 conveni

159 3031 396 3095 aaChremis’.
441 3032 486 3093 lris
509 3032 610 3092 tertiae
632 3039 709 3101 sunt,
729 3032 773 3092 dis
796 3032 906 3092 faciunt
928 3034 1071 3110 genetivo,
1096 3033 1219 3094 Bacchis
1241 3033 1404 3097 Bacchidis.
1436 3039 1489 3100 hos

198 3152 256 3194 non
278 3135 373 3195 inveni
396 3134 451 3194 nisi
472 3151 565 3195 unum
586 3132 745 3194 barbarum
768 3152 893 3194 numero
919 3134 1036 3213 semper
1063 3134 1183 3213 plurali,
1207 3135 1353 3210 Tarrhos,
1383 3157 1489 3201 nomen

198 3236 320 3296 civitatis
351 3235 459 3297 lectum
492 3236 521 3294 in
555 3232 702 3296 Sallustio.
748 3235 803 3297 hus
835 3243 961 3317 anteque
994 3256 1024 3307 c,
1054 3237 1170 3299 Orehus
1198 3237 1304 3307 Orchi,
1342 3243 1489 3303 secundae

197 3338 410 3400 declinationis.
455 3338 497 3398 ias
519 3339 631 3401 Graeca
652 3338 705 3420 'dis
729 3340 838 3401 faciunt
863 3339 997 3416 genetivo
1027 3339 1229 3400 declinationis
1252 3343 1371 3411 tertiae,
1393 3343 1489 3424 Thyes

197 3440 335 3521 Thyadis.
380 3441 422 3501 ies
444 3441 494 3500 iis:
516 3440 561 3502 his
583 3442 688 3502 fimetis
710 3441 822 3503 nullum
844 3459 951 3502 nomen
973 3444 1092 3521 repperi
1115 3442 1312 3503 terminatum.
1354 3445 1398 3504 ios
1420 3464 1488 3524 pro·

158 3542 317 3603 adductum
348 3560 438 3603 unum
469 3544 579 3613 inveni,
612 3544 663 3605 sed
692 3563 816 3606 numero
848 3542 968 3622 plurali,
989 3544 1091 3613 Veios,
1127 3543 1249 3605 ciuitatis
1282 3564 1400 3606 nomen.
1444 3549 1487 3609 ius

196 3625 418 3724 monosyllabrlu
446 3663 465 3705 u
493 3652 561 3705 aute
583 3646 623 3705 ris
654 3645 774 3708 habebit
801 3647 831 3706 'in
866 3648 1015 3724 genetivo,
1050 3648 1094 3706 ius
1122 3647 1209 3713 iuris:
1240 3645 1414 3727 disyllabum
1445 3649 1487 3710 vel

197 3744 323 3825 amplius
344 3748 541 3824 comparativa
563 3753 592 3806 et
612 3747 674 3825 ipsa
698 3749 738 3806 ris
760 3748 872 3808 faciunt
892 3750 1041 3826 genetivo,
1069 3747 1120 3808 sed
1143 3755 1210 3808 ante
1233 3767 1296 3809 eam
1319 3767 1337 3808 o
1361 3752 1486 3830 produc·

195 3853 265 3915 tam,
286 3847 379 3906 maius
394 3847 522 3915 maioris,
545 3848 629 3924 peius
643 3850 761 3927 peioris.
790 3848 843 3908 lias
865 3849 917 3910 lies
939 3848 983 3908 iris
1004 3849 1058 3909 lios
1081 3849 1150 3917 kus;
1174 3850 1221 3911 his
1237 3845 1356 3931 syllabis
1375 3853 1485 3933 nullum

195 3965 303 4009 nomen
328 3949 515 4017 terminatur,
545 3949 657 4008 ratione
679 3947 696 4006 1ι
721 3947 850 4019 litterae,
872 3969 960 4030 qoam
983 3970 1072 4030 snpra
1095 3951 1196 4022 docui,
1225 3953 1304 4032 qnod
1327 3972 1485 4037 numquam

159 4066 184 4107 se
197 4050 253 4109 nisi
274 4069 291 4110 a
313 4047 406 4110 solum
430 4057 497 4127 post
517 4066 548 4109 se
568 4049 665 4118 habet,
688 4050 765 4110 uuila
788 4051 879 4112 altera
901 4051 995 4113 littera
1018 4071 1121 4114 secum
1145 4056 1251 4116 iuncta.

280 4151 351 4220 Lae,
388 4152 412 4211 si
442 4150 570 4211 vocalem
594 4159 663 4212 ante
697 4151 854 4214 habuerint
888 4153 931 4213 rel
961 4153 1045 4216 aliam
1077 4164 1286 4217 consonantem
1321 4166 1440 4237 praeter
1467 4157 1483 4228 l,

264 4424 425 4488 drepperiet
443 4439 511 4477 corr.
531 4424 682 4489 repperierit
699 4425 725 4475 B
792 4425 925 4493 Cetrages
945 4443 991 4477 om.
1011 4427 1036 4476 B
1098 4426 1130 4478 10
1149 4427 1227 4494 Gygis
1245 4443 1290 4479 om.
1309 4428 1338 4478 B.
1414 4432 1446 4482 14
1461 4442 1482 4481 ιιι

194 4491 244 4542 hoc
262 4508 399 4558 porrums
487 4495 517 4545 21
550 4491 693 4561 Vergilius]
720 4511 809 4562 georp.
830 4498 853 4546 lf
870 4496 904 4547 811
992 4497 1201 4563 obsaturatus]
1232 4497 1395 4551 historiarum
1424 4502 1482 4551 fibro

194 4574 284 4626 quarto
303 4565 373 4628 infra
388 4579 416 4628 p.
438 4563 504 4615 1473
589 4568 622 4616 24
641 4575 668 4614 ut
687 4565 807 4628 Chremes
824 4567 1009 4618 Lindemanaus
1096 4567 1241 4634 Terentius]
1260 4570 1343 4618 Andr.
1365 4571 1387 4620 11
1407 4574 1434 4631 ’2,
1453 4570 1481 4622 31

263 4634 297 4685 211
316 4634 414 4686 tharros
432 4650 500 4684 corr.
518 4634 636 4685 tharrhos
655 4636 680 4685 B
745 4638 779 4687 27
798 4637 846 4687 hus
859 4663 892 4674 ·-
906 4636 1084 4688 declinationis
1101 4641 1125 4687 in
1141 4654 1219 4703 marg.
1239 4640 1301 4690 add.
1322 4639 1347 4688 B
1399 4652 1457 4691 arne
1470 4647 1481 4689 ἰ

193 4706 365 4768 superscripto
380 4721 430 4768 que
449 4704 474 4754 B
565 4704 599 4757 30
617 4706 696 4755 Veios
713 4707 824 4757 civitatis
843 4721 945 4773 nomen,
961 4708 1054 4759 dieitur
1072 4711 1138 4758 sicut
1155 4708 1266 4757 Tan-hos
1287 4710 1419 4760 Putrrlrr'us

194 4805 228 4860 ³6
243 4783 441 4859 airre'⁰habuerir
463 4802 477 4859 ἰ
500 4807 540 4858 uel
565 4809 641 4860 aliam
666 4821 846 4863 consonantem
866 4773 993 4879 praeterl
1013 4813 1039 4862 B
1064 4822 1122 4862 ante
1150 4813 1274 4862 habuerit.
1305 4830 1319 4862 e
1344 4814 1384 4862 uel
1410 4815 1480 4863 aliam

194 4887 373 4930 consonantem
392 4887 499 4946 praeter.
519 4878 536 4928 f.
554 4895 575 4933 r,
596 4894 614 4936 ς
