3314 5506
458 400 657 463 lNS’l'l’l'Vl'b
675 400 816 462 bll'l'lVll
838 400 1006 465 ost-696
1319 407 1378 468 149

148 520 208 561 ⁸tib
224 518 251 560 R.
1174 537 1187 560 v.
1202 522 1247 561 313.
1258 522 1282 561 71
1298 522 1325 560 V.

77 534 224 652 oralionis
245 588 375 651 babeant
397 588 636 667 significationes:
660 594 692 648 ut
715 595 786 667 puta
809 595 877 649 aute
895 589 1039 666 significat
1057 599 1086 650 et
1108 535 1278 653 advbrbium
1303 600 1375 653 tem-

78 695 171 772 poris,
194 702 229 753 ut
247 689 327 771 apud
349 690 509 766 Vergilium

237 801 323 854 aute
346 790 448 852 leves
470 806 559 867 ergo
582 798 784 867 pascentur
806 794 842 851 in
865 792 1018 853 aethere
1041 796 1158 861 cervi:

77 897 151 957 item
184 895 264 974 apud
297 892 467 955 Sallustium
499 892 699 954 ‘Antonius
732 895 861 970 paucis
896 902 980 953 ante
1012 894 1173 955 diebus'.
1219 897 1375 957 adversum

77 998 227 1075 signifieat
248 1003 277 1056 et
296 995 493 1073 participium,
517 1000 548 1053 ut
566 999 636 1072 puta
658 995 831 1054 ‘adversum
856 994 960 1055 vulnus
978 996 1119 1073 accepit’.
1153 998 1264 1057 circum
1286 999 1374 1076 signi-
1401 1024 1414 1061 s

79 1100 150 1159 licat
171 1107 201 1159 et
226 1115 334 1158 nomen
358 1096 430 1164 loci,
458 1096 508 1156 ubi
537 1094 598 1155 ludi
622 1097 769 1156 circenses
792 1102 929 1173 aguntur.
974 1105 1078 1157 corrtra
1106 1099 1251 1175 significat
1275 1107 1303 1159 et
1324 1099 1375 1159 ad·

79 1200 227 1269 verbium,
250 1206 283 1259 ut
298 1199 375 1276 apud
391 1197 551 1275 Vergilium
575 1195 659 1256 ‘ille
679 1196 740 1257 ubi
762 1216 817 1256 me
840 1206 975 1258 eontra
998 1197 1125 1259 videt'.
1160 1218 1213 1278 per
1231 1201 1376 1278 significat

78 1311 110 1364 et
137 1301 326 1369 adverbium,
360 1308 393 1360 ut
420 1307 490 1378 puta
518 1298 708 1376 perdisertus.
753 1307 870 1376 praeter
896 1300 1041 1377 significat
1068 1307 1097 1361 et
1124 1300 1311 1370 adverbium,
1343 1309 1376 1362 ut

78 1403 158 1482 apud
181 1401 352 1465 Sallustium
381 1404 553 1479 ‘praeter
580 1418 704 1460 rerum
728 1399 948 1479 capitalium
977 1402 1262 1463 condemnatis’.
1308 1412 1375 1481 post

76 1505 227 1583 signifieat
248 1512 278 1565 et
298 1502 480 1570 adverbium,
500 1509 532 1563 ut
555 1502 632 1580 apud
656 1500 813 1579 Vergilium
1387 1527 1411 1567 ,ο

231 1612 319 1685 post
338 1603 428 1664 mibi
450 1622 521 1663 rann
547 1601 663 1663 simili
684 1621 802 1681 poena
825 1606 1020 1666 commissa
1042 1605 1168 1665 luetis.
1186 1602 1199 1689 ΙΙ

75 1707 244 1785 sec-undum
262 1708 406 1784 signifieat
422 1712 452 1766 et
466 1723 574 1765 nomen
591 1706 749 1765 accusativi
769 1723 863 1766 casus.
898 1724 965 1766 eum
984 1707 1130 1783 signitieat
1148 1714 1177 1768 et
1192 1706 1373 1777 adverbium,

76 1817 110 1870 ut
130 1808 212 1888 apud
234 1810 408 1870 Ciceronem
429 1807 527 1867 ‘cum
550 1805 673 1867 fasces
696 1825 774 1867 cum
798 1812 980 1878 secures',
1003 1816 1032 1867 et
1054 1807 1130 1886 apud
1153 1809 1316 1887 Vergilium

232 1928 314 1970 eum
337 1907 408 1969 tibi
431 1907 604 1969 sollicito
626 1910 768 1969 secreti
792 1909 833 1970 ad
856 1908 1025 1969 fluminis
1047 1909 1187 1971 undam.

74 2014 146 2073 item
170 2029 240 2071 cum
262 2010 394 2071 subiecta
423 2008 649 2088 pronominibus
678 2009 723 2069 bis
746 2009 915 2070 adverbium
939 2011 1137 2080 demonstrat,
1167 2019 1286 2090 utputa
1311 2033 1372 2074 me·
1387 2035 1411 2075 rs

73 2133 144 2175 eum
166 2121 267 2174 teeum
289 2110 444 2172 nobiscum
466 2110 627 2172 vobiscum.
659 2130 713 2189 pro
735 2113 878 2190 signiticat
899 2118 928 2173 et
949 2111 1130 2182 adverbium,
1154 2121 1186 2173 ut
1207 2123 1278 2193 puta
1300 2116 1374 2194 ‘pro

73 2216 241 2296 luppiter'.
286 2232 359 2292 prae
388 2213 531 2289 signiticat
560 2220 590 2272 et
621 2212 808 2282 adverbium,
843 2221 875 2273 ut
906 2213 983 2292 apud
1005 2213 1175 2276 Terentium
1199 2220 1304 2296 ‘prae
1334 2225 1374 2279 ut

72 2318 187 2378 buius
210 2314 366 2377 rables'.
410 2314 475 2375 sine
497 2315 642 2392 signiticat
664 2324 693 2375 et
715 2315 846 2382 verbum,
871 2323 903 2375 ut
925 2315 1002 2393 apud
1025 2315 1195 2378 Terentium

534 2417 614 2476 siue
637 2435 690 2476 me
711 2418 910 2495 pervenire
933 2437 1007 2497 quo
1031 2418 1125 2478 volo.

70 2537 166 2600 super
184 2517 334 2598 significat
355 2526 385 2579 et
406 2516 587 2586 adverbium,
611 2524 643 2577 ut
665 2518 742 2596 apud
764 2516 923 2596 Vergilium

710 2627 744 2680 et
762 2639 874 2699 super
896 2622 967 2699 ipsi

232 2718 471 2782 Dardanidae
494 2720 646 2783 intensi.

71 2844 154 2888 nune
176 2825 321 2905 quoniam
342 2820 463 2900 longum
486 2831 531 2884 est
553 2830 582 2884 et
603 2831 717 2884 ceteras
738 2824 972 2902 praepositiones
995 2827 1152 2905 prosequi,
1182 2834 1211 2887 et
1230 2827 1295 2888 ideo
1316 2827 1373 2888 boe

71 2944 247 2995 monemus,
277 2933 325 2995 ut,
346 2924 465 3005 quando
485 2926 720 3004 praepositiones
747 2925 782 2985 ad
805 2944 906 2987 casum
928 2944 1015 2987 suum
1039 2945 1097 2986 non
1121 2928 1304 3006 respondere
1325 2947 1373 2990 re·

71 3030 251 3108 periuutur,
275 3026 412 3088 adverbia
435 3026 479 3088 vel
503 3027 530 3088 id
555 3026 632 3107 quod
659 3028 825 3105 significant
854 3026 1047 3107 appellentur.
1091 3048 1162 3090 sane
1187 3029 1242 3089 boe
1270 3046 1411 3094 mone-es

72 3149 155 3200 mus,
185 3129 267 3210 quod
290 3128 368 3208 apud
397 3135 426 3189 et
447 3147 540 3209 penes
562 3130 797 3207 praepositiones
823 3147 984 3209 numquam
1009 3129 1102 3199 aliud,
1128 3150 1216 3211 quam
1239 3133 1269 3192 id
1292 3134 1371 3212 quod

72 3240 154 3300 suut,
175 3230 346 3309 siguificare
364 3231 560 3309 reperiantur.
606 3231 675 3290 item
694 3249 749 3310 per
768 3238 921 3292 accentum
944 3231 1151 3293 discernuntur
1177 3236 1372 3312 praepositio·

72 3351 128 3395 ues
142 3331 181 3394 ab
202 3330 365 3394 adverbiis:
386 3338 505 3411 utputa
524 3340 602 3401 ante,
625 3333 649 3393 si
663 3350 782 3410 gravem
802 3341 956 3393 accentum
976 3332 1093 3401 babeat,
1111 3335 1166 3395 erit
1180 3337 1370 3412 praepositio,

72 3441 106 3494 ut
129 3434 210 3512 apud
232 3431 391 3511 Vergilium

229 3534 373 3596 Aeneae
393 3536 503 3597 stetit
525 3542 611 3595 ante
633 3535 761 3612 pedes;
1386 3552 1412 3591 vn

71 3639 98 3700 si
120 3654 194 3699 vero
215 3644 284 3698 aute
306 3643 423 3697 acutum
447 3642 602 3697 accentum
623 3635 745 3707 babeat,
770 3639 827 3698 erit
848 3636 1034 3709 adverbium,
1057 3647 1090 3699 ut
1110 3641 1187 3718 apud
1211 3639 1371 3719 Vergilium

229 3744 317 3798 ante
338 3746 374 3798 et
394 3738 592 3799 Trinacria
614 3737 817 3799 lentandus
840 3757 963 3800 remus
984 3740 1019 3799 in
1042 3740 1146 3801 unda.

159 3839 196 3901 ln
223 3845 255 3900 et
276 3857 333 3899 con
359 3840 595 3920 praepositiones
623 3839 865 3901 antecedentibus
885 3860 901 3901 s
922 3840 967 3903 vel
990 3842 1005 3901 l
1025 3841 1131 3903 litteris
1159 3842 1374 3923 producuntur,

71 3952 105 4004 ut
134 3948 207 4020 puta
233 3940 368 4001 insolens
393 3944 524 4002 insertus
554 3941 653 4002 inlelir
683 3942 814 4003 inierens
846 3960 1012 4004 consonans
1039 3954 1194 4005 consertus
1218 3947 1374 4014 contusum

71 4046 115 4105 sie
138 4050 170 4105 et
189 4049 288 4103 cetera
311 4042 388 4104 talia.
433 4060 469 4103 ev
493 4050 523 4102 et
544 4062 560 4102 a
583 4044 821 4121 praepositiones
846 4044 922 4105 banc
948 4044 1038 4125 aliqui
1062 4046 1163 4107 volunt
1183 4045 1294 4108 babere
1316 4048 1373 4107 dis-
1387 4057 1412 4097 ³⁵

71 4145 255 4213 cretionem,
284 4151 407 4222 utputa
431 4145 482 4224 qui
505 4145 611 4205 dixerit
632 4145 688 4206 ‘ev
712 4145 778 4205 loro
800 4147 903 4205 venio'
931 4165 965 4206 ex
988 4148 1052 4225 ipso
1076 4149 1140 4208 loro
1160 4150 1261 4209 venire
1290 4147 1374 4209 intel-

142 4372 251 4439 2apud
267 4369 425 4439 Vergilium]
443 4371 522 4422 bucol.
541 4374 565 4436 1,
585 4373 620 4424 60
688 4377 851 4424 duumuiris
868 4391 905 4425 om
934 4375 968 4434 B,
989 4375 1094 4429 adult
1164 4378 1373 4443 'lapudVevgi-

71 4440 148 4508 liner]
167 4442 251 4494 dacol-
271 4441 329 4500 'ea
411 4450 499 4491 eontra
517 4443 588 4493 uidet
604 4443 627 4493 ll
646 4444 716 4493 uidet
731 4454 818 4493 contre
835 4445 859 4493 B
944 4442 1049 4510 itnpud
1068 4445 1230 4512 Sallustium]
1250 4447 1324 4498 Catil.
1340 4447 1375 4499 :to

145 4512 181 4564 10
198 4512 268 4578 apud
284 4507 440 4577 Vergilium]
461 4511 529 4565 Aen.
550 4511 622 4564 1136
695 4514 816 4580 ldnpud
836 4511 989 4580 Vergilium]
1010 4514 1075 4564 Aea.
1095 4517 1193 4566 111389
1265 4517 1373 4566 15ςιιηι

70 4582 190 4632 subiecta
207 4582 249 4633 Br
266 4595 325 4631 eum
344 4581 486 4631 subiectam
503 4580 602 4632 emnil
656 4580 1075 4649 ltpra0111170rent.ssenuct.
1098 4585 1205 4648 113,10
1259 4584 1291 4635 1o
1305 4584 1372 4651 siue]

76 4650 184 4705 Terent.
192 4650 307 4702 sanet
325 4653 337 4700 1
356 4652 383 4709 2,
399 4651 432 4700 41
502 4651 533 4701 et
554 4659 578 4700 et
597 4666 675 4718 super
691 4653 714 4702 lt
731 4666 810 4717 super
827 4652 869 4703 B:
891 4653 972 4717 Verg.
984 4655 1049 4703 Aen.
1071 4657 1091 4705 ll
1110 4655 1140 4704 'tl
1213 4655 1246 4706 13
1264 4662 1289 4704 et
1307 4664 1374 4704 eete-

73 4737 118 4772 m
136 4721 165 4771 B
182 4730 282 4771 ectetas
300 4719 322 4769 li
411 4720 445 4768 24
464 4719 497 4769 ad
515 4735 601 4770 easrrm
622 4736 696 4772 suum
714 4722 741 4772 B
758 4722 791 4770 ad
806 4737 881 4771 suum
902 4736 976 4771 usum
994 4722 1016 4772 R
1103 4723 1137 4775 ³0
1156 4721 1267 4789 Aeneae]
1292 4725 1372 4787 Vere.

72 4792 142 4841 Aea.
162 4790 255 4841 Vddl
341 4787 375 4840 32
391 4798 448 4836 aute
466 4788 608 4840 etllaute
625 4798 649 4840 te
667 4792 707 4843 B:
729 4793 808 4856 Verg.
827 4790 892 4840 Aen.
909 4792 941 4841 lll
960 4790 1011 4842 384
1080 4794 1215 4844 lentandus
1235 4794 1258 4844 ll
1278 4793 1372 4843 laetan-

72 4861 125 4911 dua
143 4859 171 4909 B
240 4859 275 4910 34
292 4858 409 4908 insolens
425 4857 466 4907 Br
482 4859 638 4911 insulensR
706 4862 818 4910 insertus
836 4861 859 4911 n
879 4862 1001 4911 insestum
1018 4862 1045 4912 B
