3314 5506
505 377 711 440 EXPLANAT.
733 377 772 438 ΙΝ
796 376 973 439 oonatvtt
996 375 1067 438 ΗΒ.
1090 375 1115 436 ll
1389 380 1450 442 547

211 500 234 541 ρ.
247 488 280 530 as.
289 488 383 529 wem.
392 485 445 529 mv.

162 567 260 628 neutri
288 566 467 628 nominativo
495 563 574 644 quod
602 564 647 626 rel
674 564 759 643 quid,
788 563 916 642 genitivo
945 564 1044 633 cuius,
1072 561 1168 624 dativo
1196 562 1258 633 cui,
1287 564 1451 622 accusativo

160 667 241 748 quod
264 667 309 728 rel
331 667 415 749 quid,
439 668 567 728 vocativo
589 685 621 736 o,
652 664 777 727 ablativo
799 684 816 726 a
836 683 895 745 quo
917 663 962 724 rel
984 682 1000 725 a
1022 665 1083 744 qni.
1126 665 1197 725 item
1219 680 1384 743 pronomen
1406 665 1452 723 in·

161 770 278 832 linitum
300 768 418 849 generis
439 767 594 830 masculini
616 768 733 829 numeri
754 765 926 844 singularis,
950 764 1029 846 quod
1051 762 1247 826 declinabitur
1267 767 1324 826 ric:
1359 764 1453 828 nomi·

164 873 262 933 nativo
292 879 373 941 uter,
403 871 531 948 genitivo
559 871 666 940 utrius,
695 868 791 931 dativo
818 869 892 938 utri,
926 869 1089 929 accusativo
1122 875 1236 936 utrum,
1268 868 1398 927 vocativo
1426 885 1453 937 o,

163 971 290 1034 ablativo
318 971 355 1033 ah
382 981 466 1040 utro;
495 979 525 1033 et
552 970 705 1051 pluraliter
727 971 906 1031 nominativo
928 971 1001 1039 utri,
1030 970 1159 1047 genitivo
1186 975 1335 1036 utrorum,
1359 968 1481 1029 dativus

164 1076 254 1144 utris,
278 1075 442 1136 accusativo
457 1082 553 1143 unos,
577 1073 708 1134 vocativo
730 1091 765 1143 o,
789 1070 914 1133 ablativo
929 1070 966 1133 ab
982 1072 1069 1132 utris:
1092 1072 1162 1132 item
1184 1071 1303 1148 generis
1324 1070 1457 1132 seminini

165 1177 449 1244 nominativorum
478 1175 606 1254 genitivo
636 1175 745 1244 utrius,
776 1173 873 1234 dativo
895 1174 954 1235 utri
974 1171 1021 1233 vel
1043 1181 1141 1243 utrae,
1165 1173 1330 1234 accusativo
1351 1181 1456 1242 utram,

165 1279 297 1339 vocativo
318 1297 352 1347 o,
375 1275 500 1338 ablativo
522 1275 559 1338 ab
581 1285 663 1346 utra:
685 1284 715 1336 et
736 1273 889 1355 pluraliter
912 1275 1090 1336 nominativo
1104 1282 1207 1343 utrae,
1230 1275 1357 1352 genitivo
1378 1283 1458 1336 utra-

165 1399 249 1452 rum,
279 1379 375 1442 dativo
402 1379 490 1447 utris,
521 1379 685 1440 accusativo
713 1386 809 1447 utras,
838 1378 968 1438 vocativo
996 1395 1028 1446 o,
1058 1375 1183 1437 ablativo
1211 1374 1248 1437 ab
1271 1377 1358 1437 utris:
1387 1377 1457 1437 item

167 1483 287 1561 generis
311 1481 412 1542 >nerum
443 1480 622 1543 nominativo
648 1488 763 1550 uuum,
792 1481 920 1558 genitivo
942 1480 1050 1548 unius,
1079 1479 1175 1538 dativo
1197 1479 1270 1548 utri,
1294 1478 1458 1539 accusativo
1473 1492 1497 1533 m

167 1593 285 1654 uuum,
314 1583 445 1643 vocativo
467 1600 501 1650 o,
530 1580 654 1643 ablativo
676 1579 714 1642 ab
736 1589 819 1649 utro;
849 1589 880 1640 et
900 1579 1053 1660 pluraliter
1074 1580 1252 1639 nominativo
1274 1588 1354 1649 utra,
1377 1581 1460 1658 geni·

168 1687 229 1747 tlro
250 1693 401 1753 utrorum,
431 1682 526 1744 dativo
548 1684 636 1752 utris,
666 1683 829 1744 accusativo
851 1691 932 1751 utra,
960 1683 1089 1743 rocativo
1112 1700 1146 1750 o,
1169 1679 1294 1741 ablativo
1316 1680 1354 1742 ab
1376 1683 1460 1743 utris.

172 1788 216 1849 sic
238 1784 402 1849 declinatur
424 1793 529 1846 neuter
551 1792 656 1846 neutra
678 1792 817 1845 nentrum
840 1792 869 1844 et
890 1781 968 1844 talia.
1006 1785 1075 1844 item
1098 1801 1263 1863 pronomen
1284 1781 1460 1849 doleotimm

171 1889 292 1968 generis
320 1887 495 1965 numerique
523 1886 702 1956 communis,
725 1881 739 1969 ΙΙ
758 1885 876 1966 quoda
903 1886 1031 1964 genitivo
1052 1884 1218 1947 declinatur
1238 1889 1297 1948 sto:
1333 1887 1461 1964 genitivo

171 1991 236 2052 ‘sui
264 2007 351 2050 causa
380 1986 538 2049 laborarit’
568 1996 599 2049 et
627 1988 691 2047 ‘sui
718 2006 805 2050 causa
832 1985 1067 2057 laboraverunt',
1097 1986 1192 2048 dativo
1220 1986 1294 2048 ‘sibi
1317 1988 1405 2048 iecit'
1434 1996 1463 2047 et
1476 2003 1501 2044 rs

172 2091 249 2154 ‘sibi
279 2090 440 2159 lecerunt',
469 2090 634 2150 accusativo
662 2094 711 2149 ‘se
738 2091 769 2150 in
799 2087 962 2169 periculum
990 2090 1088 2152 misit’
1116 2098 1146 2149 et
1175 2094 1224 2150 ‘se
1246 2091 1276 2150 in
1299 2089 1462 2169 periculum

172 2195 347 2257 miserunt'.
391 2209 427 2253 ex
455 2191 511 2252 hoc
538 2192 614 2253 liunt
649 2190 805 2253 derivativa
833 2190 878 2251 rel
910 2192 1072 2270 possessiva
1104 2197 1279 2271 pronomina
1309 2209 1380 2254 sans
1411 2209 1464 2251 sua

174 2313 275 2366 suun,
299 2312 375 2374 quae
397 2311 451 2372 per
472 2310 577 2354 omnes
598 2309 683 2355 casus
704 2310 759 2372 per
774 2301 931 2374 utrumque
953 2311 1109 2356 numerum
1130 2295 1247 2372 integre
1269 2291 1464 2360 nectimur.

172 2399 245 2460 item
267 2412 432 2476 pronomen
455 2402 575 2473 gentem
596 2394 765 2471 significans
787 2393 951 2456 declinatur
972 2397 1030 2456 sic:
1052 2395 1101 2457 hic
1123 2403 1153 2457 et
1174 2395 1249 2463 haec
1270 2397 1360 2468 cuias,
1382 2396 1465 2474 geni·

174 2500 234 2561 tiro
261 2497 349 2560 liuius
376 2498 499 2569 cuiatis,
528 2495 624 2557 dativo
652 2494 721 2558 huie
750 2497 854 2566 cuiati,
882 2499 1048 2559 accusativo
1075 2498 1154 2566 hunc
1182 2505 1211 2563 et
1232 2495 1309 2563 hanc
1330 2499 1465 2566 cumn,
1479 2513 1505 2553 ao

175 2601 307 2663 vocativo
330 2618 348 2660 o
370 2599 466 2669 cuias,
493 2596 620 2660 ablativo
642 2596 679 2659 ab
701 2597 758 2661 hoc
780 2607 811 2660 et
831 2597 867 2661 ab
890 2598 945 2661 hac
967 2600 1078 2668 roiate:
1107 2607 1138 2660 et
1157 2597 1312 2679 pluraliter
1333 2600 1466 2663 nomina·

176 2705 236 2767 tiro
258 2702 290 2763 lri
312 2711 342 2762 et
364 2701 419 2763 hae
442 2701 553 2763 cuiates
575 2709 605 2763 et
625 2700 700 2762 haec
722 2701 842 2771 caiam.
873 2703 1000 2781 genitivo
1021 2701 1128 2764 lmrum
1150 2710 1181 2764 et
1201 2702 1307 2767 bartam
1329 2703 1466 2770 colatum

180 2805 278 2868 dativo
300 2803 345 2866 his
367 2801 526 2871 cuiatibus,
549 2803 714 2864 accusativo
735 2800 789 2864 laos
811 2812 841 2865 et
855 2803 908 2865 has
923 2804 1034 2873 cuiates
1054 2780 1179 2867 et‘lraec
1201 2804 1315 2873 cuiatiu
1338 2805 1468 2867 vocativo

176 2925 196 2968 o
217 2907 329 2969 curiates
351 2912 383 2966 ct
403 2925 421 2967 o
442 2905 564 2975 eulatia,
592 2901 718 2966 ablativo
747 2904 783 2965 ab
807 2904 853 2966 liis
874 2904 1028 2967 cuiatiltm.
1071 2905 1115 2965 sic
1136 2903 1302 2967 declinatur
1323 2912 1469 2967 nostrates

177 3017 208 3070 et
229 3016 372 3070 vestrates
399 3015 428 3069 ct
456 3005 532 3068 talia.
576 3008 647 3072 item
675 3022 842 3085 pronomen
868 3005 982 3068 ordinis
1009 3005 1174 3071 declinatur
1199 3006 1256 3067 sic:
1289 3008 1468 3074 nominativo
1482 3023 1507 3063 as

178 3118 301 3193 quotus,
324 3108 453 3189 genitivo
475 3108 573 3187 quoti,
596 3104 692 3167 dativo
707 3115 812 3186 quoto,
835 3109 1000 3170 accusativo
1022 3117 1160 3188 quotum,
1184 3109 1313 3171 vocativo
1334 3127 1367 3180 o,
1390 3106 1470 3169 abla-

179 3213 242 3274 tiro
270 3228 288 3273 a
317 3218 421 3291 quotn;
451 3218 481 3269 et
507 3207 660 3289 pluraliter
687 3210 864 3273 nominativo
891 3211 988 3289 quoti,
1017 3210 1146 3290 genitivo
1172 3217 1345 3289 quomrum,
1375 3209 1471 3271 datiro

180 3314 296 3395 quotis,
323 3311 487 3373 accusativo
514 3318 632 3389 qantos,
668 3312 798 3372 vocativo
830 3330 861 3381 o,
894 3309 1058 3373 ablativos
1086 3314 1197 3392 quotis:
1231 3313 1274 3373 sic
1307 3310 1472 3374 declinatur

179 3414 356 3476 lernininum
379 3421 409 3474 et
430 3419 570 3474 neumam
592 3420 680 3491 quota
702 3420 833 3492 quotum.

268 3514 379 3595 Virique
408 3514 504 3575 trinus
531 3530 673 3575 uumerus
699 3515 819 3594 pouimr
847 3531 1056 3594 personarum,
1085 3533 1140 3593 ego
1169 3523 1201 3577 tu
1228 3513 1293 3576 ille:
1321 3515 1351 3574 in
1374 3514 1471 3576 verbis
1485 3528 1510 3570 aa

181 3617 244 3679 dixi
265 3634 337 3696 ego,
365 3616 463 3678 dixisti
491 3623 537 3686 tu,
567 3613 640 3677 dixit
664 3613 729 3678 ille:
762 3616 794 3676 in
820 3615 1046 3696 pmnomindms
1075 3618 1170 3696 prima
1199 3634 1341 3698 persona,
1369 3616 1400 3678 id
1428 3626 1473 3678 cst

182 3736 255 3798 ogo,
278 3718 395 3797 generis
417 3725 461 3777 est
482 3717 595 3788 omnis,
618 3735 673 3796 ego
701 3717 762 3779 dixi
783 3717 946 3790 masculus,
970 3736 1025 3796 ego
1047 3718 1171 3787 femina:
1195 3727 1227 3779 tu
1248 3717 1321 3780 dicis
1343 3719 1419 3790 vua,
1442 3728 1473 3780 tu

183 3819 259 3882 dicis
287 3819 423 3880 feminae.
469 3817 525 3879 hoc
552 3820 689 3900 congruit
716 3828 821 3902 neuim
849 3821 952 3899 generi
978 3821 1009 3885 in
1031 3820 1078 3882 his
1099 3820 1214 3883 duobus
1235 3822 1380 3901 personis.
1424 3819 1474 3881 ille

183 3923 304 4000 generis
325 3930 370 3984 est
390 3919 554 3982 masculini.

271 4023 308 4085 111
330 4040 415 4084 casus
436 4024 615 4111 conveniunt
634 4022 873 4103 pronominibus,
889 4026 940 4104 qui
962 4032 991 4084 et
1013 4024 1190 4087 nominibus.
1215 4024 1298 4106 [nam
1321 4025 1384 4090 sine
1405 4025 1475 4087 arti-
1488 4041 1513 4082 ss

187 4123 256 4187 culo
277 4126 395 4186 nomina
418 4124 562 4187 declinati
584 4141 643 4184 non
665 4133 803 4205 possunt,
826 4125 928 4186 uthis
950 4127 1091 4204 magister
1113 4126 1200 4186 nutus
1222 4125 1381 4208 magistri]

272 4225 395 4287 Veteres
409 4227 585 4306 pronomina
600 4225 685 4288 aliter
700 4225 922 4289 declinaremnt
943 4226 1039 4288 dativo
1060 4227 1109 4288 illa
1131 4229 1204 4309 ipsa,
1228 4239 1260 4290 ut
1282 4228 1426 4306 genitivus
1448 4237 1478 4289 et

258 4445 333 4498 luel
349 4454 406 4497 utra
424 4445 449 4496 h
538 4447 571 4500 19
589 4455 691 4514 gentem
711 4447 837 4514 significat
857 4449 879 4499 L
947 4449 980 4500 21
1001 4449 1120 4499 uocatiuo
1139 4463 1154 4499 o
1172 4451 1267 4500 curiates
1284 4447 1309 4497 L
1377 4448 1411 4501 32
1430 4465 1479 4514 ego

190 4514 256 4569 dixit
273 4516 403 4566 mascalas
420 4533 468 4582 ego
485 4515 581 4568 lamina
596 4527 623 4569 tu
641 4517 682 4567 dic
697 4527 804 4583 utroque
818 4519 897 4580 (carr.
916 4516 984 4580 uiro)
1001 4528 1028 4569 tu
1040 4519 1106 4569 dicis
1123 4519 1147 4568 L
1216 4519 1252 4570 ³5
1271 4534 1328 4569 nam
1347 4544 1378 4554 —
1397 4521 1479 4584 mogi-

189 4588 251 4646 αεὶ,
275 4601 341 4652 pisae
365 4587 401 4636 ad
417 4587 584 4652 diffundum
603 4590 757 4652 pronarnirrla
775 4596 800 4638 et
820 4590 923 4638 articuli
942 4591 1084 4652 parmam,
1102 4604 1138 4638 ex
1154 4591 1207 4652 fine
1221 4592 1330 4653 capitis,
1349 4589 1391 4638 ndi
1402 4591 1479 4650 plura

189 4654 293 4708 wicta
309 4671 365 4708 ease
381 4656 559 4721 adparatum
576 4662 733 4720 naruporita
749 4674 806 4710 erae
818 4657 936 4708 uideatur
1004 4658 1038 4710 37
1057 4659 1100 4708 dat
1121 4658 1165 4708 illa
1184 4660 1240 4725 ipsa
1258 4659 1328 4724 igeri
1343 4666 1367 4706 et
1383 4657 1434 4708 dat*
1444 4658 1479 4712 L.

190 4734 337 4792 eornptm
354 4726 450 4777 codicia
466 4730 618 4792 scripturam
634 4730 732 4793 reliqui.
755 4737 863 4779 aeterm
880 4728 932 4780 duo
948 4729 1064 4792 exempla
1080 4731 1174 4780 meris
1189 4729 1361 4779 declinationis
1375 4731 1401 4777 iu
1419 4745 1481 4794 pro-

189 4796 329 4850 naraln'dtoe
346 4797 387 4847 ille
406 4806 431 4847 et
452 4799 508 4863 ipse
524 4802 640 4861 manicae
659 4798 758 4850 ridetur
771 4800 962 4864 manatione,
981 4800 1086 4849 altem
1104 4801 1242 4864 ainpulatia
1258 4800 1360 4860 armni,
1378 4805 1407 4848 at
1422 4800 1481 4848 illae

192 4867 267 4933 ipssa
285 4866 412 4917 diceretur
428 4875 477 4917 tam
494 4869 577 4919 datiam
590 4884 662 4933 quara
677 4870 791 4933 praedae
808 4883 870 4923 wart
880 4869 994 4933 fernum
1003 4873 1114 4934 perraria,
1133 4871 1239 4918 alterum
1255 4869 1365 4931 pluralis
1382 4869 1482 4933 ipsiius

1215 4955 1281 5022 35³
