3346 5506
188 372 250 435 270
778 372 892 435 PROBl

188 564 300 624 Romani
316 565 334 623 1.
352 568 408 620 lan.
426 569 482 620 iso.
512 564 633 640 Exempli
646 565 791 622 Berneusis
806 583 821 621 a
836 582 879 622 me
899 565 991 624 collati
1012 566 1119 640 plenam
1133 569 1289 624 varietatem
1311 567 1407 624 rettuli
1429 564 1481 625 sub

188 661 254 709 nota
268 650 308 706 M.
338 652 494 708 blarcanova
515 651 567 706 etsi
587 659 711 708 accurate
732 653 798 708 satis
818 650 941 707 libellum
962 650 1084 708 exhibuit
1102 651 1213 708 omnino
1234 650 1428 726 depromptum
1449 669 1481 708 ex

188 737 359 810 autographo
374 736 529 798 liiriacano.
558 744 645 793 tamen
667 742 695 791 et
710 735 834 792 traditam
849 736 1053 811 inscriptionem
1068 735 1220 793 immutavit
1240 742 1268 790 et
1282 743 1376 793 notam
1391 744 1481 793 eatre-

188 838 272 882 mam.
289 836 358 894 quac
373 822 400 876 in
415 823 526 895 antiquo
541 820 635 877 codice
649 829 757 895 reperta
773 829 814 876 est
829 821 937 885 mutila,
959 820 1057 877 abiecit
1071 829 1171 885 totam:
1197 819 1251 876 nisi
1266 820 1340 895 quod
1355 820 1439 877 buius
1453 821 1481 877 in

188 905 362 962 adnotatione
379 905 529 978 marginali,
545 922 623 978 quam
640 905 721 961 habet
735 904 812 961 solus
822 906 974 968 bernensis,
990 905 1100 979 aliquod
1116 904 1258 979 vestigium
1274 921 1422 980 superesse
1435 905 1482 962 ad·

188 990 293 1046 notatio
306 990 400 1046 critica
411 990 539 1045 ostendit.
551 1019 593 1029 -
603 989 669 1045 Post
679 990 865 1047 llarcanovam
876 1007 907 1046 er
923 989 1132 1064 inscriptionum
1147 988 1342 1047 collectoribus
1357 991 1481 1064 quicum·

189 1091 243 1146 que
256 1073 375 1130 Probum
396 1081 571 1147 receperunt,
597 1074 630 1130 ab
652 1074 699 1129 illo
720 1090 781 1131 eum
801 1083 992 1149 sumpserunt:
1014 1077 1052 1131 ita
1066 1074 1139 1131 Pelia
1159 1073 1324 1136 dolicianus,
1349 1074 1480 1150 quicum

189 1160 283 1231 posuit
303 1168 357 1214 tam
378 1159 405 1213 in
421 1159 491 1214 libro
508 1159 640 1215 biarciano
656 1158 713 1215 Lat.
728 1159 759 1214 ll.
775 1161 826 1214 196
841 1176 920 1233 quam
936 1160 964 1216 in
979 1159 1041 1216 inde
1056 1159 1195 1234 descripto
1216 1158 1282 1215 bibl.
1297 1159 1381 1233 capit.
1397 1158 1481 1215 Vero·

189 1245 281 1298 nensis
296 1260 322 1297 n.
339 1238 429 1306 2611*;
455 1243 552 1300 Petrus
567 1243 682 1299 Sabinus
696 1243 756 1300 cod.
772 1244 852 1302 blare.
867 1243 925 1301 bat.
941 1243 971 1300 li.
988 1246 1037 1298 195
1052 1244 1071 1300 i.
1088 1246 1134 1307 18;
1149 1243 1331 1317 Peotiugerns
1345 1245 1373 1300 in
1388 1242 1482 1300 codice

189 1326 368 1384 bibliothecae
390 1327 559 1402 municipalis
574 1329 748 1402 augustanae
764 1345 790 1384 n.
804 1332 857 1383 526
871 1329 890 1385 1.
908 1331 964 1384 110.
981 1331 1039 1383 111.
1068 1327 1165 1385 lirtam
1187 1329 1268 1384 etiam
1290 1327 1400 1385 codices
1421 1328 1482 1402 qul·

189 1411 258 1473 dam,
274 1413 301 1466 in
317 1412 415 1486 quibus
429 1411 535 1469 Probus
551 1414 684 1487 genuinus
699 1413 819 1469 retertur
833 1429 864 1469 ex
879 1416 1038 1470 recensione
1053 1413 1260 1474 llarcanovana.
1277 1411 1325 1469 sed
1340 1412 1481 1469 solitarius

189 1512 276 1568 neque
292 1497 363 1551 inter
386 1497 580 1570 inscriptiones
601 1497 764 1560 collocatus:
792 1497 880 1572 qualis
902 1505 944 1554 est
964 1505 1073 1572 praeter
1087 1497 1145 1554 Vat.
1160 1495 1251 1554 (lttob.
1266 1513 1293 1553 u.
1307 1499 1375 1562 874,
1398 1512 1481 1571 quem

189 1597 244 1636 non
259 1581 322 1636 novi
338 1580 391 1637 nisi
407 1597 438 1636 ea
450 1580 524 1637 brevi
538 1581 617 1638 amici
632 1582 770 1639 cuiusdam
786 1583 893 1645 notitia.
908 1583 992 1640 codex
1008 1582 1055 1657 qui
1071 1583 1123 1638 init
1133 1581 1248 1657 Conradi
1259 1579 1344 1638 Celtis
1356 1577 1481 1654 stiam).

189 1671 286 1739 postea
301 1664 454 1723 Sebastiani
469 1666 638 1739 'lengnagel,
653 1682 726 1723 nunc
740 1674 783 1723 est
798 1667 979 1724 bibliothecae
994 1668 1140 1724 Caesareae
1155 1665 1373 1724 Vindobonensis
1387 1681 1416 1720 n.
1432 1667 1481 1719 114

191 1744 227 1822 (ιι.
244 1752 294 1804 358
308 1747 450 1821 Endlicb.).
480 1750 528 1807 Cui
543 1751 613 1808 libro
629 1769 690 1808 cum
706 1753 823 1824 primum
838 1752 871 1808 ad
885 1751 1004 1808 Probum
1025 1751 1157 1808 edendum
1179 1753 1282 1808 accessi
1302 1751 1416 1807 nimium
1433 1751 1480 1807 tri·

190 1833 245 1896 bui.
262 1835 339 1890 libris
355 1834 514 1892 melioribus
528 1836 677 1892 destitutus
693 1843 750 1891 tum
765 1843 793 1891 et
807 1852 838 1891 ιο
854 1838 967 1893 maxime
982 1836 1126 1911 deceptus,
1143 1836 1216 1910 quod
1230 1834 1311 1892 Probi
1326 1835 1439 1908 genuini
1455 1841 1482 1889 et

189 1919 223 1976 ab
239 1919 356 1976 recentis
370 1922 468 1976 aetatis
483 1920 678 1977 adiectionibus
694 1919 772 1977 liberi
788 1937 820 1977 eo
837 1929 959 1996 tempore
974 1921 1052 1996 copia
1066 1922 1132 1977 mihi
1148 1919 1222 1977 nulla
1237 1919 1290 1977 luit
1305 1921 1357 1975 nisi
1372 1936 1405 1975 es
1421 1918 1481 1975 solo

190 2003 259 2060 libro
277 2004 485 2061 vindobonensi.
516 2006 568 2062 lam
584 2021 647 2061 vero
672 2013 818 2080 postquam
840 2007 941 2063 iustum
957 2006 1080 2063 codIcum
1095 2020 1235 2061 numerum
1251 2010 1379 2061 excutere
1394 2003 1481 2064 licuit.

189 2092 316 2162 appamit
331 2096 385 2145 tam
400 2089 523 2163 reliquos
538 2107 611 2164 quos
626 2091 678 2146 boc
692 2091 781 2166 capite
796 2092 948 2147 enumeravi
964 2107 1044 2163 quam
1060 2090 1149 2165 ipsum
1165 2088 1400 2146 vindobonensem
1416 2104 1482 2162 pen·

190 2175 254 2230 dere
270 2189 301 2228 er
317 2174 488 2236 Maroneum:
511 2191 572 2230 narn
593 2182 621 2231 et
636 2177 839 2249 inscriptionem
855 2173 917 2232 libri
939 2175 1039 2232 habent
1053 2192 1109 2232 non
1125 2190 1155 2229 ιι
1172 2173 1335 2248 antiquitate
1356 2174 1481 2230 traditam

190 2257 275 2315 ‘iuris
290 2258 445 2320 notarum’,
469 2260 517 2316 sed
532 2258 584 2315 ‘de
599 2259 672 2316 notis
687 2257 824 2334 antiquis'
846 2267 874 2315 et
888 2268 982 2316 carent
996 2267 1061 2316 nota
1075 2268 1194 2316 extrema
1213 2257 1317 2316 mutila.
1347 2258 1423 2314 Unde
1438 2273 1482 2312 ιι-

190 2351 270 2417 cepto
286 2343 414 2399 bernensi
429 2344 601 2400 llarcanovae
615 2344 738 2419 exemplo
760 2346 812 2402 boc
826 2361 913 2419 genus
928 2347 1084 2401 universum
1099 2344 1185 2400 abieci
1206 2343 1372 2400 nectariam
1387 2341 1484 2397 lectio·

190 2443 251 2482 uem
267 2426 329 2482 inde
343 2427 437 2483 rettuli
452 2436 561 2501 praeter
575 2445 710 2503 perpauca
726 2430 839 2486 notitiae
853 2446 934 2486 causa
949 2436 1064 2486 retenta.
1083 2459 1119 2469 -
1137 2426 1222 2484 ldulto
1237 2427 1325 2499 magis
1340 2427 1482 2500 suppressi

191 2527 261 2585 quae
275 2526 307 2565 er
318 2510 407 2567 Probo
423 2515 540 2583 genuino
556 2521 666 2587 recepta
681 2515 786 2569 suntin
802 2522 978 2587 personatum
993 2512 1163 2588 alphabetico
1179 2511 1275 2569 ordine
1289 2510 1436 2584 digestum,
1451 2508 1484 2564 de

191 2612 245 2670 quo
262 2594 331 2651 inira
346 2602 457 2670 agetur:
483 2598 616 2653 venerunt
635 2599 706 2653 enim
727 2599 755 2653 in
770 2614 830 2654 eum
854 2614 902 2672 per
923 2597 1010 2655 solum
1026 2598 1209 2653 ldarcanovam
1230 2612 1320 2669 neque
1334 2594 1483 2669 quidquam

191 2679 317 2736 utilitatis
343 2681 442 2737 habent
471 2683 503 2738 ad
532 2681 675 2739 lectionem
701 2682 927 2739 constituendam.
970 2680 1063 2738 Solum
1088 2679 1223 2737 adnotabo
1247 2677 1384 2736 hocloco
1412 2677 1484 2752 apud

192 2765 355 2839 posterioris
370 2768 467 2822 aetatis
483 2768 691 2841 inscriptionum
706 2765 869 2823 collectores
891 2766 952 2822 inde
967 2784 981 2822 a
996 2765 1141 2822 Perrarino
1156 2782 1219 2821 raro
1235 2765 1349 2838 reperiri
1365 2762 1483 2820 Probum

192 2850 280 2906 iorma
294 2852 419 2922 genuina.
435 2852 577 2924 expulsum
593 2850 688 2908 fictitio
704 2850 751 2907 illo
768 2851 858 2925 specie
872 2850 1002 2913 auctiore,
1018 2866 1048 2906 ιι
1063 2848 1238 2924 interpolato.

277 2933 454 2990 Einsidlonsis
469 2934 617 2992 laterculus
632 2933 698 3007 (E),
715 2952 795 3009 quem
810 2936 880 2992 inira
895 2953 921 2991 n.
936 2935 979 2991 llll
995 2937 1133 3007 integrum
1149 2934 1294 2994 edidimus,
1318 2948 1387 3005 quae
1404 2932 1485 2987 habet

192 3019 273 3075 Probi
289 3026 335 3074 aut
351 3019 490 3075 redeuntia
506 3022 532 3075 in
549 3037 580 3076 eo
597 3021 644 3095 qui
660 3026 786 3094 superest
800 3022 992 3076 commentario
1008 3028 1055 3075 aut
1069 3019 1212 3092 desumpta
1226 3034 1258 3073 er
1273 3023 1351 3090 parte
1366 3024 1484 3072 extrema

194 3102 272 3158 hodie
288 3103 435 3177 deperdita,
452 3105 510 3158 suis
526 3120 649 3178 quaeque
665 3105 734 3160 locis
749 3112 780 3160 ut
795 3121 844 3179 par
859 3111 917 3160 erat
932 3104 983 3159 hoc
997 3103 1086 3176 capite
1101 3102 1281 3158 exhibuimus.

278 3188 313 3242 lle
322 3187 487 3243 editionibus
499 3188 581 3244 Probi
596 3191 707 3260 genuini
718 3188 814 3244 melius
826 3188 894 3243 inira
906 3188 1033 3248 dicemus,
1049 3187 1097 3242 uhi
1108 3184 1307 3260 disputabimus
1321 3184 1355 3240 de
1365 3184 1486 3242 Pseudo·

192 3272 279 3346 probo
301 3271 471 3345 alphabetico
492 3272 520 3326 in
536 3275 568 3327 iis
590 3290 651 3328 cnm
666 3290 729 3329 vero
754 3275 805 3329 hoc
825 3273 881 3328 iere
901 3272 1016 3329 coniuso
1038 3273 1124 3344 magis
1140 3287 1220 3344 quarn
1235 3271 1391 3327 coniuncto.
1421 3269 1486 3326 Pro·

194 3359 280 3431 priam
302 3357 447 3413 utilitatem
477 3357 578 3412 habent
607 3356 722 3419 nnllam:
753 3357 883 3430 quaedam
915 3365 1003 3414 tamen
1033 3364 1088 3412 tam
1114 3371 1146 3410 ιι
1167 3353 1331 3411 hrcursiana
1353 3370 1435 3428 qnam
1456 3369 1485 3408 ιι

194 3441 335 3497 Ernstiana
351 3443 378 3496 in
394 3443 466 3497 varia
480 3441 599 3497 lectione
613 3441 762 3497 attulimus.

263 3623 275 3652 ⁸
295 3624 436 3673 Feliciones
455 3625 613 3687 transposuit
639 3623 695 3674 libri
714 3623 835 3673 Marciani
859 3623 937 3684 iolla,
965 3626 990 3674 in
1008 3624 1099 3686 quibus
1114 3622 1223 3672 Probum
1247 3621 1435 3686 descripserat,
1454 3622 1487 3669 ita

195 3703 222 3743 ut
241 3693 330 3743 tierent
351 3693 488 3745 120·l’24
513 3710 572 3744 vere
596 3697 634 3745 sic
658 3694 811 3744 ordinanda:
841 3693 899 3744 let.
920 3694 978 3744 120.
998 3692 1056 3745 123.
1079 3692 1137 3745 122.
1157 3692 1216 3742 124.
1254 3691 1282 3740 In
1300 3690 1390 3740 codice
1408 3690 1486 3739 Vero·

195 3765 277 3826 mensi,
296 3764 339 3811 ubi
359 3763 455 3813 Probus
474 3765 567 3831 legitur
585 3765 609 3813 in
627 3764 717 3828 primis
734 3764 815 3813 tribus
834 3761 903 3811 loliis
922 3778 971 3811 uon
989 3765 1127 3813 numeratis
1144 3769 1234 3824 quarto
1251 3760 1401 3825 deperdito,
1420 3768 1488 3809 recte

195 3833 319 3884 ordinatis
339 3832 408 3883 ioliis
422 3833 498 3883 hodie
517 3851 530 3882 a
545 3833 693 3898 bibliopega
710 3833 820 3882 traiectis
836 3840 859 3881 et
875 3832 958 3894 quarti
971 3833 1020 3880 iam
1036 3831 1178 3880 deliciantis
1197 3831 1293 3882 ratione
1306 3828 1394 3880 habite
1406 3837 1486 3879 traua·

195 3903 288 3968 positio
306 3903 378 3952 adest
393 3903 483 3953 eedem
501 3904 616 3963 omnino,
634 3903 679 3952 scd
697 3904 733 3951 ite
750 3909 910 3967 comparate,
932 3908 959 3949 ut
977 3901 1001 3949 in
1020 3899 1068 3949 hoc
1088 3900 1153 3948 libro
1172 3901 1195 3948 ei
1215 3914 1264 3948 nou
1282 3899 1400 3949 medeare
1421 3898 1488 3949 toliis

183 3969 251 4021 ‘eius
270 3973 344 4022 aliter
362 3973 495 4023 ordinatis.
532 3972 604 4031 Quod
624 3972 758 4029 adnotari,
784 3972 902 4034 quoniam
923 3971 961 4020 vel
981 3970 1041 4019 inde
1058 3977 1171 4024 constat.
1196 3968 1264 4031 quod
1284 3968 1362 4018 etiam
1380 3982 1414 4018 ex
1431 3967 1488 4017 aliis

195 4042 298 4092 iudiciis
315 4041 448 4107 permultis
466 4041 630 4106 deprehendi,
650 4042 824 4090 veronensem
842 4041 998 4105 descriptum
1017 4054 1074 4089 esse
1092 4054 1125 4088 ex
1143 4037 1280 4087 Marciano.
