3346 5506
233 119 295 180 aaa
723 110 843 173 sunvu
869 110 1022 194 [sancu]

1315 247 1322 261 .
1334 222 1391 264 resa.
1404 223 1431 264 as
1443 220 1466 266 e.

231 299 310 380 plum
334 305 429 360 aute'.
474 299 526 361 sed
550 307 646 359 tamen
669 306 713 359 est
735 317 792 360 una
815 299 992 377 praepositio
1013 316 1088 378 quae
1116 318 1171 380 pro
1194 234 1317 362 arbitrib
1338 309 1443 363 umtro
1462 319 1513 382 po·

233 403 323 472 nitur,
347 409 380 462 ut
400 409 499 463 tenus:
523 399 647 462 dicimus
668 400 747 462 enim
763 408 793 461 et
814 399 911 481 ‘pube
933 405 1034 463 tenus’
1057 408 1088 463 et
1109 406 1212 463 ‘tenus
1226 401 1334 482 pube’.
1361 404 1435 469 ἰῑοιιι
1450 422 1514 467 cuns

231 503 405 584 plerumque
426 504 468 564 sic
491 504 649 583 postposita
671 503 833 572 invenitur,
857 510 889 564 ut
910 503 1054 583 praeponi
1075 504 1197 566 omnino
1218 521 1278 565 non
1300 505 1409 585 possin
1438 507 1535 588 quod,

231 607 330 685 utique
358 613 459 668 contra
486 610 579 666 artem
608 604 754 676 videmus,
782 613 815 666 ut
842 622 909 665 cum
937 604 1062 667 dicimus
1088 623 1204 666 mecum
1231 613 1330 668 tecum
1362 605 1515 670 nobiscum

204 706 389 772 avobiscum.
412 708 590 786 praepositio
605 714 702 769 autem
718 713 768 768 aut
782 705 921 767 cohaeret
942 728 960 760 a
976 714 1028 767 aut
1048 713 1207 787 utrumque
1221 706 1325 779 elficit,
1341 726 1400 771 con
1414 708 1447 771 di
1461 708 1515 772 dis.

229 811 268 871 ita
290 811 368 870 eninr
391 806 553 888 loquimur,
578 808 730 872 ‘conduco
745 806 825 879 tihi',
849 807 996 870 ‘distraho
1019 806 1099 880 tibi',
1123 827 1182 871 non
1197 815 1249 871 aut
1263 815 1337 871 ‘con
1350 809 1408 873 tibi
1422 809 1516 875 duco’

228 919 279 972 aut
306 911 368 971 ‘dis
395 909 449 971 tibi
477 910 590 972 traho’.
633 919 809 991 separantur
842 909 920 988 apud
952 918 982 971 et
1013 927 1114 990 penes.
1158 911 1268 973 etenim
1295 929 1364 974 cum
1391 912 1518 977 dioimm

228 1012 324 1093 ‘gapud
359 1013 518 1084 amicum',
547 1012 622 1074 duae
649 1022 750 1092 partes
783 1012 925 1073 orationis
957 1020 1037 1082 sunt;
1070 1017 1180 1092 ‘penes
1207 1010 1352 1076 arbitros'
1380 1013 1518 1077 similiter

229 1115 312 1177 duae.
358 1113 432 1175 aliae
459 1132 529 1176 vero
557 1120 587 1175 et
613 1113 772 1176 cohaerere
806 1120 836 1175 et
863 1115 979 1175 secerni
1007 1123 1144 1194 possunt,
1173 1121 1205 1176 ut
1231 1132 1312 1194 prae.
1356 1134 1427 1180 uam
1448 1135 1517 1181 cum

193 1231 217 1272 ιι
231 1217 297 1278 dIco
326 1215 477 1297 praetulit,
507 1217 607 1297 utique
635 1215 797 1277 cohaerens
821 1216 983 1286 invenitur:
1011 1234 1078 1278 cum
1106 1224 1204 1279 autem
1227 1222 1316 1298 ‘prae
1337 1223 1450 1289 mettr',
1472 1236 1517 1280 sa·

228 1327 350 1398 gregata
378 1328 430 1381 est.
474 1319 505 1378 in
533 1319 703 1379 accusativis
730 1318 1012 1398 praepositionibus,
1044 1337 1121 1400 quae
1146 1319 1267 1398 triginta
1294 1326 1411 1383 munem
1438 1327 1517 1392 sunt,

228 1419 295 1482 illae
318 1420 393 1483 duae
415 1427 538 1501 possunt
558 1423 589 1481 in
612 1421 812 1500 quaestionem
829 1421 940 1490 vocari,
963 1420 1041 1501 apud
1055 1429 1086 1482 et
1107 1420 1153 1492 ad,
1176 1438 1212 1483 eo
1233 1420 1312 1501 quod
1332 1423 1420 1499 opud
1439 1440 1517 1485 sem·

228 1541 282 1604 per
303 1524 335 1584 in
358 1520 422 1584 loco
445 1532 503 1593 est,
527 1529 560 1584 ut
581 1522 675 1602 ‘apud
698 1523 825 1584 amicum
847 1526 945 1592 sum';
968 1521 1003 1584 ad
1019 1540 1089 1583 vero
1103 1522 1265 1585 secundum
1286 1531 1382 1585 artem
1397 1540 1518 1604 semper

228 1624 267 1686 ad
288 1623 403 1695 locum,
432 1633 465 1686 ut
488 1624 542 1685 ‘ad
570 1626 696 1686 amicum
726 1623 831 1685 vado'.
875 1642 1052 1703 quamquam
1074 1633 1104 1686 et
1125 1625 1286 1687 secundum
1309 1627 1517 1689 auctoritatam

191 1728 375 1788 reinvenitur
396 1729 427 1787 iu
449 1725 529 1796 loco,
553 1734 585 1788 ut
607 1726 667 1787 ‘ad
689 1725 849 1787 llarcum
872 1725 1023 1786 Laecam
1047 1733 1081 1787 te
1103 1726 1302 1788 babitare’.
1337 1745 1436 1808 usque
1459 1746 1517 1790 non

228 1827 343 1891 videtur
365 1828 498 1909 plurimis
520 1829 714 1908 praepositio,
737 1828 874 1907 quoniam
897 1829 940 1889 sic
961 1826 1016 1889 alia
1038 1829 1217 1908 praepositio
1231 1846 1291 1891 non
1314 1836 1416 1910 potest
1436 1832 1516 1910 poni.

228 1932 336 1992 etenim
372 1930 495 1992 dicimus
529 1936 637 2010 ‘usque
673 1928 712 1990 ad
745 1929 842 1990 iorum
871 1929 975 2000 vado’,
1004 1936 1037 1990 ut
1057 1929 1202 2009 Vergilius
1230 1929 1288 1991 ‘ad
1312 1949 1433 2012 usque
1456 1949 1517 1993 co·

227 2031 370 2094 lumuas
392 2030 548 2094 exulat'.
579 2050 648 2094 nam
670 2032 695 2092 si
716 2029 806 2092 babet
827 2030 949 2092 alteram
971 2034 1228 2112 praepositionem,
1250 2034 1313 2112 ipsa
1335 2035 1518 2114 praepositio

229 2152 293 2196 csse
316 2152 374 2194 non
397 2142 506 2214 potest:
529 2151 689 2214 numquam
711 2134 789 2194 enim
811 2134 991 2214 praepositio
1019 2132 1104 2194 alteri
1127 2135 1337 2215 praepositioni
1365 2136 1517 2198 cohaeret

190 2253 215 2295 so
228 2236 339 2298 idcireo
367 2234 510 2297 debemus
538 2235 637 2296 dicere
659 2253 752 2316 usque
775 2233 944 2297 adverbium
967 2253 1040 2306 esse,
1063 2236 1140 2317 quod
1162 2236 1269 2298 iterum
1292 2238 1368 2298 ratio
1391 2237 1516 2301 refutat:

227 2340 335 2401 etenim
364 2337 503 2399 adverbio
532 2336 709 2417 praepositio
737 2338 896 2417 separatim
923 2356 1083 2419 numquam
1112 2337 1258 2400 cohaeret.
1298 2339 1323 2400 si
1345 2346 1446 2402 autem
1469 2358 1518 2401 ro·

228 2440 332 2512 lueris,
355 2448 388 2502 ut
402 2441 581 2501 coniunctim
604 2437 777 2510 cohaereat,
799 2457 859 2500 nou
880 2441 938 2500 iam
961 2439 1131 2501 adverbium
1154 2440 1224 2510 erit,
1246 2439 1299 2501 sed
1321 2443 1420 2521 potins
1443 2443 1517 2503 reci·

227 2545 271 2624 pit
292 2550 427 2605 naturam
449 2559 548 2603 suam:
580 2558 648 2602 nam
672 2549 701 2601 et
728 2541 976 2621 praepositionem
999 2542 1209 2621 praepositioni
1230 2543 1273 2603 sic
1294 2541 1517 2613 cohaerentem,

227 2653 259 2706 ut
287 2663 341 2726 pro
369 2662 426 2706 una
454 2651 538 2722 parte
566 2644 707 2705 orationis
735 2642 913 2713 habeantur,
940 2642 1105 2705 invenimus
1126 2645 1243 2723 saepius
1264 2643 1343 2723 apud
1364 2644 1518 2719 Catonern,

190 2767 214 2806 aa
229 2755 261 2809 ut
282 2747 488 2816 circumcirca,
520 2745 551 2806 id
583 2753 628 2807 est
655 2746 743 2807 circa.
786 2746 818 2805 in
847 2743 978 2807 ablativis
1003 2743 1269 2825 praepositionibus
1291 2763 1308 2807 e
1330 2754 1361 2809 ct
1382 2764 1419 2809 ex
1442 2746 1519 2811 hanc

228 2848 338 2912 habent
365 2845 615 2918 observationem,
645 2855 693 2919 ut,
716 2847 742 2908 si
763 2845 871 2908 vocalis
893 2855 1047 2927 sequatur,
1078 2864 1114 2907 ex
1142 2865 1375 2927 praeponamus,
1404 2857 1439 2910 ut
1460 2856 1518 2911 ‘ex

228 2953 321 3012 amico
355 2950 483 3017 audivi';
517 2951 542 3009 si
574 2957 671 3010 autem
705 2966 884 3018 consonans,
914 2968 930 3009 e
958 2956 1170 3029 praeponatur,
1200 2957 1233 3010 ut
1255 2954 1289 3010 ‘e
1311 2950 1378 3011 foro
1401 2953 1516 3013 venio’.

226 3051 299 3112 illud
328 3052 582 3112 vehementissime
611 3051 768 3112 observare
796 3049 953 3122 debemus,
983 3063 1015 3111 ut
1045 3069 1100 3111 con
1124 3058 1153 3110 et
1174 3052 1223 3120 in,
1252 3053 1518 3135 quotienscumque

227 3162 294 3234 post
315 3172 346 3213 se
369 3152 479 3214 habent
500 3171 514 3212 s
539 3151 583 3213 vel
605 3154 619 3212 1
638 3151 781 3223 litteram,
804 3152 953 3213 videamus
967 3172 1054 3232 quem
1076 3152 1111 3214 ad
1134 3150 1252 3213 modum
1275 3155 1516 3233 pronuntientur.

123 3260 126 3267 '
188 3277 214 3318 ao
228 3254 401 3336 plerumque
430 3256 507 3316 enim
536 3273 594 3315 nou
626 3253 815 3316 observantes
843 3258 873 3315 in
902 3253 1101 3315 barbarismos
1123 3255 1310 3315 incurrimus.
1355 3274 1425 3317 narn
1450 3275 1515 3319 crem

228 3360 358 3438 ipsarum
382 3366 485 3418 natura
509 3356 606 3416 brevis
628 3358 679 3426 sit,
702 3365 816 3426 tamen,
840 3358 865 3417 si
887 3364 1048 3435 sequantur
1069 3373 1159 3435 supra
1181 3354 1276 3416 dictae
1299 3353 1432 3429 litterae,
1456 3357 1516 3439 ple·

227 3477 351 3539 rumque
374 3463 404 3519 in
426 3454 439 3542 ll
461 3458 673 3537 longitudinem
697 3460 816 3529 transit,
845 3466 879 3518 ut
905 3476 972 3519 cum
1002 3457 1127 3519 dicimus
1149 3457 1238 3518 confit
1260 3458 1423 3530 consessio,
1447 3463 1515 3522 item

229 3559 383 3622 coresilium
408 3559 563 3621 consuluit.
608 3560 653 3619 his
675 3561 754 3620 enim
777 3558 849 3620 locis
871 3558 1105 3639 pronuntiandae
1127 3568 1196 3620 sunt
1217 3569 1249 3621 ut
1270 3558 1390 3638 longam
1414 3561 1516 3623 simili·

227 3673 272 3723 ter
294 3661 389 3721 insula
416 3660 517 3721 inlula.
562 3660 640 3740 quod
672 3662 765 3740 magis
793 3662 907 3722 aurium
935 3661 1044 3723 iudicio
1071 3679 1158 3741 quam
1187 3662 1258 3722 artis
1285 3663 1402 3723 ratione
1436 3663 1515 3726 colli·

188 3765 333 3842 cogimus.
378 3763 610 3842 praepositiones
632 3770 683 3823 aut
703 3764 765 3843 ipsa
788 3762 877 3824 verba
900 3772 1109 3843 corrumpunt,
1139 3772 1171 3824 ut
1193 3765 1331 3832 conficio:
1362 3782 1433 3828 nans
1456 3774 1518 3828 erat

226 3866 374 3942 integrum
398 3864 488 3924 lacio:
512 3872 562 3924 aut
582 3865 663 3943 ipsae
686 3873 917 3944 corrumpuntur
933 3864 969 3926 ab
984 3865 1107 3943 integris
1129 3863 1240 3935 verbis,
1264 3874 1296 3926 ut
1318 3865 1426 3937 aliero:
1452 3888 1520 3931 nant

310 4055 327 4101 4
346 4052 432 4115 ntique
446 4065 464 4108 ς
479 4053 579 4115 utrique
593 4050 619 4099 P
704 4052 781 4103 bant
799 4060 933 4117 utrumque
955 4052 1034 4103 ellicit
1051 4068 1099 4118 quo
1115 4054 1244 4118 pertinent
1261 4067 1310 4103 reon
1326 4055 1392 4106 sctis
1411 4066 1528 4109 wasta.

225 4124 273 4173 sed
288 4122 350 4171 illud
370 4123 480 4185 adparet
500 4125 683 4186 promerueram
706 4126 863 4186 exposuisse,
881 4123 948 4189 quod
960 4123 1119 4188 praepositio
1133 4125 1172 4173 ael
1188 4121 1308 4173 cohaeret
1323 4127 1363 4175 oet
1379 4137 1532 4189 ceparum

225 4194 303 4242 velet
319 4190 436 4242 mbaeret
450 4199 474 4242 et
490 4200 634 4256 separatur.
668 4207 749 4258 quare
766 4194 880 4243 hennam
894 4193 1003 4244 indicant
1086 4191 1168 4244 daut
1190 4207 1237 4242 con
1256 4192 1302 4243 tibi
1321 4194 1389 4245 duco
1409 4206 1457 4246 aut
1474 4213 1530 4248 eon

226 4263 270 4311 tibi
287 4259 399 4313 distraho
418 4263 443 4311 P
500 4263 684 4326 iseparantur
701 4276 717 4318 ς
733 4272 865 4328 separatur
883 4263 908 4312 P
977 4262 1009 4314 10
1024 4278 1085 4330 prae
1099 4269 1193 4313 metum
1209 4264 1235 4313 P
1305 4263 1422 4331 ltapnd
1437 4269 1538 4319 utrem

225 4333 280 4382 loeo
291 4347 337 4383 om.
358 4332 383 4381 P
451 4330 484 4381 lh
502 4332 534 4381 ad
547 4347 659 4383 marcum
678 4331 776 4382 lechem
793 4341 819 4382 te
837 4330 951 4382 habitare
963 4334 988 4383 P
1004 4336 1036 4383 sd
1053 4333 1087 4388 bl.
1102 4333 1211 4383 Larisam
1229 4341 1253 4383 te
1270 4332 1387 4385 babitare
1405 4335 1475 4387 dixit
1488 4348 1540 4395 5:

225 4402 277 4455 cta.
299 4401 412 4452 inCctr't.
432 4399 482 4464 18,
500 4400 531 4451 19
603 4402 635 4453 17
653 4400 796 4470 Vergilius]
815 4401 881 4453 Aen.
900 4401 1001 4455 X1262
1088 4401 1274 4455 ldcboeretP
1358 4405 1388 4456 st
1412 4400 1533 4472 etenim]

225 4481 249 4518 et
262 4473 287 4520 P
367 4470 469 4521 choeret
492 4472 517 4521 P
601 4474 635 4524 22
657 4481 686 4523 ut
701 4473 855 4523 coniunctim
873 4471 1007 4524 cohaereat
1024 4487 1042 4529 ς
1059 4482 1084 4523 et
1101 4473 1254 4523 coniunctim
1269 4471 1390 4532 cohaeret
1410 4475 1435 4525 P

225 4538 259 4589 ‘23
282 4540 458 4592 elucescentem
476 4543 501 4593 P
585 4544 618 4592 24
646 4540 779 4609 orationis]
806 4541 1045 4609 praepositionisl’
1127 4541 1261 4593 habeatur:
1284 4543 1433 4596 inserimus
1450 4547 1535 4596 enirn

225 4625 332 4676 saepes
402 4613 435 4662 tt
455 4613 682 4678 eproponnturP
749 4612 784 4664 30
802 4613 828 4661 in
846 4628 892 4663 orn.
910 4613 936 4662 P
1003 4611 1037 4663 st
1056 4610 1294 4680 eonnqquotnp
