3346 5506
222 365 281 428 184
811 358 926 421 enom

346 509 352 521 .
422 505 430 520 .
1320 475 1353 517 ‚a
1382 473 1423 516 ‚aa
1436 472 1466 515 v.

221 573 256 614 ex
270 478 511 630 l'elllawplrsona
534 549 648 610 numeri
669 545 792 627 pluralis
812 554 867 608 unt
887 545 992 608 litteris
1014 553 1080 624 post
1099 486 1318 607 consonantenl
1333 475 1517 609 ollnclndnu·

221 662 278 724 tur,
302 655 376 714 haec
397 654 428 713 in
448 651 552 712 codam
574 651 730 711 indicativo
753 652 841 711 modo
865 649 1006 726 temporis
1027 648 1192 727 praesentis
1214 666 1249 708 ex
1271 649 1367 727 prima
1389 664 1518 725 persona

221 755 337 816 numeri
357 750 515 831 singularis
536 771 554 811 o
575 749 670 813 littera
690 760 758 830 post
780 758 991 811 consonantem
1014 749 1209 820 deliniuntur,
1236 757 1362 830 utputa
1384 748 1518 813 scribunt

221 855 329 919 scribo.
375 872 454 915 nunc
473 872 540 915 cum
564 854 641 914 dicat
660 851 806 931 Vergilius

195 986 208 1024 5
627 953 756 1015 lavant
775 955 963 1031 frigentis
984 961 1020 1014 et
1040 959 1199 1032 ungunt,

222 1061 324 1136 utique
347 1059 404 1119 iarn
424 1074 513 1135 ungo,
537 1074 597 1118 non
620 1074 717 1135 ungeo
740 1056 838 1118 lacere
860 1051 1070 1135 pronuntiavit.
1115 1057 1184 1117 item
1207 1054 1263 1116 alic
1284 1054 1439 1136 probatio,
1462 1072 1518 1135 qm

222 1176 312 1237 ungo,
333 1177 393 1219 nou
416 1176 512 1237 nngeo
535 1158 633 1219 lacere
653 1158 875 1237 pronuntiatum
905 1157 1017 1218 scilicet
1038 1158 1178 1236 quoniam
1202 1175 1409 1238 quaecumque
1431 1155 1518 1219 rerba

223 1263 312 1322 modo
334 1262 445 1322 infinito
469 1261 610 1339 temporis
632 1260 795 1339 praesentis
815 1260 1033 1337 corripiuntur,
1063 1258 1137 1321 baec
1159 1259 1313 1321 indicativo
1335 1258 1427 1320 modo
1448 1266 1519 1320 tem-

223 1365 305 1441 poris
326 1362 490 1441 praesentis
516 1379 552 1422 ex
573 1362 667 1441 prima
689 1379 814 1440 persona
843 1364 960 1424 numeri
987 1361 1145 1441 singularis
1173 1378 1335 1441 numquam
1357 1378 1395 1423 eo
1418 1360 1521 1423 bueria

186 1490 212 1531 n
225 1464 416 1527 deliniuntur.
460 1481 539 1523 nunc
558 1482 625 1525 cunr
645 1463 722 1523 dicat
738 1461 884 1542 Vergilius
903 1466 1061 1540 ‘ungere
1081 1462 1155 1525 tela
1177 1467 1314 1532 manu',
1338 1463 1444 1543 utique
1464 1463 1521 1524 ian

224 1583 315 1645 ungo,
338 1583 397 1625 non
417 1583 515 1643 ungeo
538 1564 637 1627 lacere
660 1565 877 1643 pronuntiatur.

312 1664 484 1737 Quaeritur,
513 1686 572 1748 qua
595 1667 632 1728 de
654 1684 742 1728 causa
768 1667 842 1727 adeo
866 1673 895 1727 et
922 1685 982 1728 non
1007 1666 1074 1728 adio
1103 1666 1227 1728 dicatur.
1271 1667 1329 1731 hac
1357 1666 1395 1728 de
1423 1684 1524 1738 muca,

226 1770 366 1847 quioniam
393 1786 598 1848 quaecumque
621 1767 710 1829 verba
739 1769 820 1829 modi
842 1769 991 1830 indicativi
1015 1770 1159 1847 temporis
1185 1770 1349 1847 praesentis
1377 1787 1414 1831 ex
1436 1771 1525 1831 tertia

226 1888 353 1950 persona
376 1871 491 1932 numeri
513 1869 635 1949 pluralis
660 1877 732 1931 eunt
754 1869 860 1931 litteris
881 1868 1113 1942 concluduntur,
1135 1870 1209 1932 haec
1230 1872 1261 1930 in
1283 1870 1389 1933 eodem
1411 1870 1526 1933 indica-

190 1973 287 2040 1stir0
309 1971 397 2032 modo
422 1973 564 2051 temporis
584 1973 748 2051 praesentis
777 1991 812 2032 ex
833 1973 927 2049 prima
950 1990 1076 2051 persona
1099 1973 1215 2033 numeri
1237 1972 1396 2051 singularis
1419 1990 1458 2033 eo
1479 1971 1527 2033 lit·

227 2076 298 2137 teris
319 2073 516 2143 deliniuntur,
546 2080 666 2153 utputa
690 2081 760 2134 eunt
783 2093 827 2134 eo.
873 2090 953 2134 nunc
981 2093 1048 2135 cnm
1075 2074 1153 2135 dicat
1175 2073 1319 2153 Vergilius
1345 2072 1527 2135 ‘delubra

227 2175 396 2244 adeunt’,
420 2176 521 2254 utique
543 2176 599 2236 iam
622 2176 706 2245 adeo,
730 2193 790 2235 nou
813 2175 880 2237 adio
904 2177 1002 2236 lacere
1019 2176 1225 2253 pronuntiarit.

314 2275 486 2346 Quaeritur,
520 2296 577 2356 qua
607 2278 644 2339 de
673 2296 760 2339 causa
791 2278 898 2357 prandi
930 2284 958 2337 ct
980 2295 1039 2339 non
1066 2277 1202 2355 prandidi
1236 2277 1358 2339 dicatur.
1404 2277 1463 2339 bac
1490 2278 1529 2341 de

229 2395 332 2448 causa,
367 2381 507 2459 quoidam
535 2380 682 2440 secundae
709 2380 923 2458 coniugationis
947 2378 1036 2440 verba
1065 2380 1093 2440 in
1122 2381 1231 2459 spcsscia
1258 2379 1389 2458 perlecta
1415 2387 1446 2441 et
1474 2398 1530 2459 per

190 2507 217 2549 20
230 2498 303 2560 quas
326 2498 375 2541 res
397 2481 472 2558 regit
491 2481 605 2559 species
624 2483 755 2561 perlecta
774 2481 970 2562 prohibentur
992 2483 1143 2559 geminare
1166 2481 1195 2542 di
1215 2479 1374 2562 syllabam
1405 2488 1436 2543 et
1458 2481 1528 2544 ideo

229 2582 345 2660 prandi,
366 2600 425 2642 non
447 2582 584 2660 prandidi
604 2582 702 2645 lacere
725 2585 942 2662 pronuntiatur.

315 2682 486 2754 Quaeritur,
515 2704 572 2765 qua
594 2685 631 2747 de
655 2703 743 2747 causa
765 2685 899 2747 redibam
922 2693 951 2745 et
972 2701 1032 2745 nou
1054 2683 1205 2745 rediebam
1226 2685 1324 2746 lacere
1347 2686 1529 2764 reperiatur.

230 2785 287 2847 hac
309 2786 346 2846 de
363 2804 466 2855 causa,
488 2788 627 2867 quoniam
648 2804 853 2868 quaecumque
875 2785 964 2849 rerba
986 2786 1142 2848 indicativo
1164 2789 1252 2850 modo
1274 2789 1419 2867 temporis
1440 2804 1533 2866 prae·

231 2890 322 2949 sentis
347 2907 381 2948 cx
404 2889 496 2966 prima
520 2908 647 2968 persona
677 2890 791 2950 nunreri
816 2888 973 2965 singularis
996 2907 1031 2949 eo
1053 2888 1157 2949 litteris
1178 2888 1372 2959 definiuntur,
1400 2889 1478 2951 baec
1499 2892 1530 2952 in

193 3018 218 3057 25
232 2990 336 3052 eodem
359 2990 447 3050 modo
476 2992 617 3070 tenrporis
640 2992 790 3070 praeteriti
819 2992 918 3070 specie
938 2990 1112 3069 imperfecta
1136 2998 1205 3052 ante
1229 2990 1359 3053 ultimam
1385 2989 1533 3072 syllabam

232 3111 392 3172 numquam
416 3112 432 3153 e
449 3093 575 3154 litteram
596 3093 707 3154 habent
727 3096 924 3159 constitutam.
944 3099 977 3154 ut
994 3099 1064 3172 puta
1087 3111 1123 3154 eo
1141 3092 1229 3154 ibam.
1259 3110 1338 3153 nuuc
1357 3111 1428 3154 cnm
1450 3092 1535 3155 dicat

232 3192 387 3255 Sallustius
416 3195 476 3255 ‘ad
501 3196 693 3273 inceptum
723 3194 863 3264 redeo’,
892 3196 992 3275 utique
1022 3197 1080 3255 iarn
1109 3194 1258 3262 redibam,
1288 3211 1346 3254 non
1375 3195 1533 3257 rediebam

233 3295 330 3357 iacere
353 3298 571 3375 pronuntiatur.

319 3396 491 3468 Quaeritur,
521 3416 577 3477 qua
602 3398 638 3459 de
661 3415 748 3458 causa
775 3396 862 3458 obrui
891 3405 919 3458 ct
940 3415 999 3457 non
1023 3397 1116 3458 obrivi
1146 3406 1197 3459 ant
1217 3398 1295 3459 ebrii
1321 3399 1422 3459 lacere
1444 3417 1536 3477 repe-

196 3526 221 3566 ao
234 3502 335 3561 riatur.
381 3500 436 3560 hac
459 3500 496 3561 de
517 3519 620 3571 causa,
644 3501 782 3578 quoniam
802 3518 1007 3580 qtraecnmquc
1028 3499 1117 3560 rerba
1139 3500 1221 3562 modi
1246 3499 1392 3561 indicativi
1414 3509 1535 3581 tempo·

234 3603 275 3661 ris
295 3603 458 3680 praesentis
478 3621 513 3663 er
537 3604 629 3681 prima
653 3620 779 3681 persona
801 3601 916 3662 numeri
937 3601 1094 3679 singularis
1117 3621 1156 3663 uo
1174 3601 1278 3663 litteris
1302 3601 1439 3665 discretis
1460 3603 1536 3665 defi·

234 3704 370 3772 niuntur,
391 3704 465 3765 haec
487 3705 516 3763 in
540 3704 752 3765 eodemmodo
775 3704 873 3782 specie
895 3703 1026 3781 perlecta
1048 3721 1209 3783 numquam
1232 3705 1240 3762 i
1264 3703 1359 3763 littera
1382 3706 1535 3781 geminata

235 3811 284 3864 ant
309 3806 336 3865 vi
365 3804 473 3885 syllaba
502 3804 734 3874 concluduntur;
770 3812 797 3865 et
820 3806 886 3867 ideo
916 3804 1018 3874 obrui,
1047 3824 1108 3865 non
1133 3805 1302 3866 obriti-aut
1323 3802 1401 3866 obrii
1431 3805 1536 3869 lacere

236 3909 453 3983 pronuntiatur.

197 4025 222 4067 es
320 4007 492 4080 Quaeritur,
527 4008 646 4090 quade
673 4027 762 4071 causa
789 4009 858 4071 fode
882 4017 912 4072 ct
938 4027 997 4070 non
1022 4008 1082 4068 todi
1110 4009 1233 4070 dicatur.
1277 4009 1333 4071 bac
1366 4010 1404 4070 de
1432 4029 1534 4080 causa,

237 4111 374 4189 (turoniam
398 4130 600 4191 quaecumque
629 4112 732 4173 tertiae
760 4114 974 4190 coniugationis
1002 4119 1156 4191 correptae
1179 4111 1269 4172 verba
1297 4112 1411 4172 infinito
1433 4112 1537 4195 mojldo

236 4213 378 4289 temporis
407 4214 571 4291 praesent-is
604 4211 647 4272 rel
679 4216 797 4292 optativi
828 4222 876 4275 aut
903 4215 1081 4275 coniunctivi
1115 4215 1145 4273 in
1174 4215 1273 4292 specie
1299 4214 1534 4292 imperfectam

237 4311 367 4391 qualibet
388 4332 515 4392 persona
544 4317 659 4377 numeri
681 4315 838 4395 singularis
866 4317 996 4378 ultimam
1020 4314 1161 4395 syllabam
1184 4318 1324 4377 omittunt
1351 4322 1381 4376 et
1401 4317 1537 4395 imper·-

236 4416 285 4474 tivi
305 4415 386 4476 modi
405 4418 563 4479 secundam
587 4436 745 4497 personam
772 4420 889 4478 numeri
916 4417 1073 4498 singularis
1096 4418 1271 4487 ostendunt,
1300 4424 1333 4479 ut
1360 4423 1431 4497 puta
1459 4418 1540 4479 acri·

306 4694 478 4763 Uergilius]
498 4698 564 4750 Aen.
585 4699 618 4747 Vl
638 4697 689 4749 219
763 4698 795 4749 lQ
813 4696 957 4765 Vergilius]
979 4700 1045 4752 Aen.
1067 4700 1136 4749 Vllll
1155 4698 1206 4751 77³
1273 4699 1305 4750 lt
1323 4696 1549 4765 pluralitr-nln-

238 4765 334 4831 guterre
351 4765 416 4886 nest
462 4768 494 4820 ic
513 4765 652 4835 vergrrrus]
674 4768 742 4822 Aen.
762 4768 806 4818 nu
825 4769 860 4819 ac
930 4771 962 4820 ar
981 4768 1127 4837 seirannus]
1146 4769 1242 4836 luna
1309 4767 1344 4820 aa
1362 4760 1549 4835 rums

239 4851 271 4885 ex
287 4850 375 4901 npecic
1468 4850 1542 4871 ··‘
