3314 5506
723 377 932 440 PRAEFATIO
1414 391 1475 440 xus

196 573 325 645 auctore,
341 573 508 650 tamquam
523 564 684 629 communi
698 563 798 646 fonte,
814 569 950 650 uterque
965 586 1057 628 suam
1072 564 1251 629 doctrinam
1266 563 1473 629 derivaverit.

196 690 258 732 nam
286 675 325 731 ut
349 668 440 753 apud
461 665 653 730 Diomedem
681 667 790 730 omnia
816 667 980 752 copiosius
1009 675 1041 730 et
1069 665 1195 730 doctius
1218 667 1368 750 exposita
1389 675 1473 745 sunt,

194 792 282 854 quam
302 768 392 854 apud
413 769 594 848 Donatum,
627 769 674 832 ita
703 767 756 832 hic
785 768 871 830 iusto
900 790 1007 832 rerum
1030 768 1142 832 ordine
1164 777 1197 831 et
1218 769 1343 833 ratione
1365 768 1474 853 dispu-

194 872 274 935 tandi
297 892 396 957 saepe
417 871 558 955 vestigia
579 869 739 957 quaedam
762 871 952 955 antiquioris
968 869 1133 934 doctrinae
1148 869 1319 933 retinuisse
1334 869 1473 934 videtur.

193 981 353 1058 praeterea
372 970 490 1052 multa,
512 973 654 1037 maxime
675 973 708 1035 in
730 973 770 1035 iis
793 994 876 1058 quae
898 975 931 1036 in
953 983 1099 1037 extrema
1120 980 1212 1057 parte
1233 969 1308 1036 iibri
1329 971 1371 1035 de
1384 973 1475 1036 vitiis

193 1084 219 1138 et
243 1076 420 1139 virtutibus
450 1076 605 1139 oratIonis
633 1075 755 1160 scripta
782 1082 873 1154 sunt,
907 1096 971 1139 non
994 1075 1097 1138 solum
1119 1096 1193 1139 eum
1214 1073 1388 1153 Diomede,
1417 1072 1474 1137 sed

191 1177 281 1240 etiam
302 1199 378 1244 curn
400 1175 549 1241 Charisia
571 1177 617 1241 ita
638 1177 858 1256 consentiant,
885 1186 923 1241 ut
949 1176 1030 1241 haec
1057 1176 1165 1240 omnia
1186 1198 1227 1249 ex
1251 1175 1361 1238 eodem
1384 1174 1473 1238 fonte

191 1279 283 1343 ducta
305 1299 377 1343 esse
398 1278 494 1365 piane
516 1278 682 1364 adpareat.
713 1300 815 1365 quare
836 1301 920 1365 quae
935 1278 976 1343 de
993 1278 1190 1357 auctoribus,
1210 1298 1289 1363 quos
1306 1275 1474 1342 Charisius

190 1391 219 1445 et
239 1381 416 1445 Diomedes
439 1382 542 1446 secuti
572 1388 663 1461 sunt,
695 1381 730 1444 in
757 1381 958 1466 praefatione
985 1381 1080 1466 primi
1108 1378 1281 1444 voluminis
1304 1401 1336 1464 p.
1358 1376 1474 1442 XLIX

188 1505 252 1570 sqq.
282 1483 449 1569 disputavi
482 1483 579 1547 etiam
607 1482 650 1547 ad
676 1483 841 1548 Donatum
870 1482 1011 1569 quodam
1037 1482 1133 1547 modo
1159 1483 1337 1567 pertinent,
1370 1501 1474 1567 neque

186 1607 268 1650 nune
289 1586 424 1651 uberius
446 1607 518 1650 eam
539 1607 606 1650 rem
626 1606 812 1673 persequar.

439 1772 489 1838 IV
520 1773 584 1837 DE
606 1771 758 1837 SERVII
780 1772 870 1837 VEL
893 1771 1045 1838 SERGII
1066 1771 1217 1837 LIBRIS

268 1910 403 1975 Servii
432 1911 744 1974 commentarius
774 1911 815 1972 in
842 1919 967 1973 artem
989 1908 1137 1972 Donati
1164 1907 1206 1972 ad
1233 1907 1330 1972 fidem
1353 1908 1474 1973 codicis

183 2013 322 2078 Parisini
338 2021 421 2084 7530
444 2021 560 2076 octavo
583 2011 712 2077 saeculo
735 2012 848 2096 scripti
863 2010 887 2074 f.
906 2015 1071 2081 156-183
1094 2010 1198 2075 editus
1221 2010 1315 2094 est.*)
1346 2021 1475 2096 praeter

248 2236 274 2302 ¹)
292 2237 517 2302 Descriptionern
535 2236 639 2288 codicis
656 2236 722 2287 olim
741 2253 758 2286 a
776 2251 818 2286 mo
836 2235 987 2285 exhibitam
1006 2236 1034 2284 iu
1052 2235 1194 2286 anecdotis
1207 2236 1341 2285 Parisinis
1358 2234 1474 2285 rhetori·

181 2324 222 2373 cis
240 2323 275 2373 ab
288 2321 453 2374 Echsteinio
472 2322 553 2372 editis
570 2321 652 2372 Halis
670 2337 695 2372 a.
710 2322 775 2372 1852
793 2320 845 2371 hoc
862 2320 925 2371 loeo
937 2327 1070 2384 repetam,
1088 2325 1235 2386 propterea
1252 2319 1324 2384 quod
1345 2319 1476 2385 conplura

182 2425 216 2458 ex
235 2425 268 2458 eo
286 2407 383 2457 codice
402 2407 431 2456 in
449 2407 500 2459 boc
518 2406 656 2458 volumine
680 2406 754 2456 edita
775 2411 850 2456 sunt.
886 2405 972 2455 codex
993 2405 1137 2455 Parisinus
1156 2407 1222 2456 7530
1243 2406 1342 2458 memb.
1360 2405 1377 2454 4
1398 2419 1474 2457 saec.

181 2494 249 2543 VIII
272 2492 376 2542 litteris
398 2491 604 2558 longobardicis
632 2492 764 2556 scriptus:
798 2491 834 2542 ct.
858 2490 1010 2553 Quicbarat
1036 2488 1226 2554 bibliotheque
1249 2489 1283 2541 de
1304 2487 1404 2541 l’e'cole
1427 2488 1475 2539 des

180 2579 294 2628 ebartes
312 2577 324 2626 1
343 2593 369 2642 p.
384 2579 414 2627 51
428 2592 489 2641 sqq.
508 2577 658 2626 Mommsen
675 2576 837 2627 Zeitscbriit
853 2575 873 2624 f.
886 2575 955 2625 Aw.
973 2591 999 2627 a.
1014 2576 1079 2624 1845
1098 2591 1124 2640 p.
1142 2577 1173 2626 81
1192 2589 1253 2639 sqq.
1272 2576 1374 2640 primus
1392 2590 1474 2624 mem·

179 2664 332 2712 branarum
355 2663 501 2725 quaternio
524 2661 616 2722 deest,
639 2661 776 2712 secundus
800 2666 891 2710 autem
910 2664 940 2710 et
956 2660 1070 2723 tertius,
1096 2660 1142 2724 qui
1160 2675 1234 2709 nunc
1252 2660 1366 2725 primum
1385 2658 1474 2708 iocum

179 2749 209 2796 in
228 2747 325 2797 codice
344 2747 484 2809 obtinent,
502 2747 531 2795 in
548 2747 718 2811 marginibus
736 2746 847 2795 humore
866 2746 969 2796 corrasi
986 2749 1059 2794 sunt.
1078 2745 1098 2794 i.
1118 2747 1210 2794 1-18
1231 2744 1313 2795 index
1331 2744 1474 2794 verborum

180 2847 255 2896 qaae
275 2836 408 2896 corrupta
424 2831 612 2881 declinatione
629 2837 745 2881 utuntur
762 2831 797 2879 iis
810 2845 881 2894 quae
900 2829 973 2894 apud
985 2829 1145 2880 Diomedem
1162 2846 1189 2895 p.
1202 2830 1286 2881 aaa?
1299 2844 1360 2894 sqq.
1377 2828 1474 2895 legun·

179 2921 226 2966 tnr
242 2916 352 2968 similis.
363 2912 377 2982 ΙΙ
388 2917 409 2969 t.
428 2914 477 2966 18*
497 2917 536 2966 De
553 2919 748 2966 constructione.
777 2917 937 2977 Sinpolornn
958 2931 1059 2965 cnsnnrn
1080 2932 1130 2980 per
1146 2917 1259 2966 ordinm
1276 2916 1476 2966 commotiones

180 3029 214 3038 -
233 3002 254 3051 t.
273 3003 307 3051 2⁵1
331 3009 376 3050 aut
397 3002 498 3051 obicere
515 3003 624 3051 nedeor:
647 3004 778 3066 excerpta
801 3016 835 3050 ex
856 3000 993 3050 Prisciani
1015 3000 1085 3051 libro
1103 2999 1333 3051 duodevicesimo.
1353 2996 1365 3066 ΙΙ
1386 3000 1405 3050 i.
1424 2996 1473 3050 at*

179 3088 297 3136 Dicimus
314 3087 430 3136 rubam
447 3101 503 3136 esse
520 3086 563 3136 nbi
579 3093 673 3135 tanturn
690 3088 792 3151 iepitirni
808 3087 888 3149 pedes
904 3093 963 3135 snnt
979 3104 1011 3123 ¹-
1028 3088 1145 3136 simititer
1162 3087 1280 3135 dicimur:
1297 3084 1331 3135 de
1349 3084 1475 3149 rhythmo

179 3178 209 3222 et
227 3176 327 3223 metro.
347 3167 359 3236 ΙΙ
379 3172 400 3222 t.
419 3172 452 3221 28
473 3173 562 3236 incipit
588 3171 698 3220 threaten
725 3171 793 3219 uarii
817 3198 852 3206 -
878 3172 993 3234 accepit:
1019 3171 1056 3224 ct'.
1083 3169 1274 3220 Schneidewin
1296 3184 1364 3218 mus.
1387 3169 1474 3221 Rhea.

180 3257 288 3307 noviss.
307 3256 321 3306 1
341 3271 366 3305 a.
387 3257 452 3306 1842
470 3272 496 3321 p.
517 3257 574 3318 106,
592 3255 744 3306 Mommsen
761 3254 780 3304 l.
801 3271 825 3305 c.
844 3271 870 3320 p.
888 3257 930 3306 84.
948 3251 960 3320 ΙΙ
980 3255 1052 3305 1228
1075 3255 1158 3305 Notae
1177 3254 1248 3304 XXI
1265 3282 1296 3289 —
1314 3256 1335 3305 t.
1353 3257 1386 3302 ¹29
1403 3256 1474 3318 erpi.

179 3349 273 3392 notae.-
304 3340 343 3390 ci.
362 3339 475 3391 Sueten.
498 3339 559 3391 rell.
585 3340 626 3390 ed.
651 3339 848 3391 Reifferscheid
872 3356 897 3405 p.
917 3337 1003 3405 137.ss
1023 3341 1043 3389 t.
1061 3342 1095 3389 29
1117 3341 1156 3390 Ite
1179 3339 1352 3390 observatione
1375 3340 1475 3388 ultimae

177 3426 296 3490 syllabae
314 3441 375 3476 enne
392 3426 518 3491 sinputari
534 3428 637 3475 omniurn
654 3427 764 3491 partim
781 3427 907 3476 orationis
923 3442 954 3475 ac
971 3427 1044 3490 prins
1062 3426 1094 3474 de
1112 3425 1209 3474 nornine
1226 3425 1316 3473 ordine
1333 3426 1475 3472 titterwum

178 3514 304 3561 motin
322 3511 457 3561 observato
475 3512 567 3560 deinde
585 3513 675 3561 addin
692 3519 855 3561 comanente.
874 3511 899 3560 A
912 3513 1059 3560 terminatur
1077 3535 1107 3544 —
1133 3509 1153 3560 i.
1171 3507 1221 3559 31*
1239 3508 1400 3560 oheenmda
1416 3515 1475 3559 sunt

179 3597 305 3660 expiati:
324 3596 361 3644 ct.
381 3594 456 3646 anal.
475 3610 588 3660 gramm.
612 3594 728 3645 Vindob.
748 3611 774 3660 p.
792 3597 842 3646 458
861 3623 892 3631 -
910 3611 936 3660 p.
955 3596 1013 3646 468
1034 3590 1046 3660 ΙΙ
1066 3594 1086 3646 t.
1105 3591 1154 3644 31*
1179 3594 1323 3644 Clarisctma
1340 3594 1424 3643 altino
1442 3622 1473 3628 -

179 3682 200 3732 t.
220 3683 254 3731 35
272 3682 394 3730 excarnat
410 3681 533 3744 explicit:
551 3678 664 3730 Servius
683 3679 716 3730 de
735 3685 845 3729 eentum
862 3680 966 3730 metris.
978 3675 990 3744 ΙΙ
1002 3680 1022 3729 i.
1035 3682 1068 3730 35
1086 3680 1125 3728 Ite
1142 3680 1278 3728 atrnctrrr'r
1295 3705 1327 3713 —
1343 3678 1474 3742 portabis:

180 3766 220 3816 ct.
243 3764 320 3814 anal.
344 3779 457 3829 gramm.
476 3763 593 3814 Vindob.
616 3780 642 3829 p.
661 3766 719 3816 506.
740 3760 754 3831 ll
773 3765 792 3817 i.
811 3762 861 3815 35*
886 3766 924 3814 De
946 3765 1051 3814 iarnbioo
1073 3770 1153 3814 metro
1169 3791 1204 3798 —
1224 3766 1385 3828 permittunt:
1409 3762 1474 3815 ibid.

179 3867 208 3914 p.
231 3852 292 3899 521.
312 3845 328 3916 ss
346 3849 365 3898 t'.
390 3845 440 3900 35*
467 3847 573 3899 Seruius
598 3849 773 3912 fortunatiano
797 3876 827 3884 —
851 3851 870 3899 t.
890 3851 923 3900 38
953 3851 1055 3900 heroica
1081 3850 1193 3914 innpitnr
1218 3852 1377 3899 eontinentur·
1404 3851 1474 3913 expl.

181 3936 296 3986 Servius
314 3933 349 3983 de
367 3934 462 3983 metris
480 3933 652 3985 Horatianis.
664 3929 677 4000 ΙΙ
688 3935 707 3983 t.
727 3935 760 3984 38
778 3936 817 3984 De
831 3936 922 3999 liparis
940 3936 1020 3996 samis
1036 3951 1085 3998 per
1100 3935 1234 4000 penitiunm
1251 3949 1343 3985 casnm.
1380 3933 1475 3984 Nomen

178 4023 284 4085 pencris
301 4020 387 4068 nemsi
402 4044 436 4053 -
454 4020 552 4068 caturcis
566 4018 617 4081 snit
634 4019 680 4069 hoc
697 4020 813 4070 studiosa.
834 4015 847 4086 ss
866 4020 885 4069 t.
905 4017 955 4071 38*
973 4021 1050 4084 incip.
1069 4020 1118 4069 dea
1139 4021 1253 4084 propitio
1274 4027 1355 4069 metra
1372 4019 1475 4068 horatii.

182 4105 214 4153 ln
241 4112 296 4154 toto
324 4105 436 4153 camnine
461 4119 507 4154 ano
532 4104 647 4152 manans
664 4131 696 4138 -
714 4104 735 4155 i.
753 4106 786 4153 39
812 4119 899 4154 araore
922 4119 1070 4168 percussum
1094 4106 1177 4168 praem
1210 4103 1297 4153 Seruii
1319 4105 1477 4168 prnmmatici

180 4191 287 4254 scripsit
304 4189 355 4238 deo
372 4189 501 4253 propitius
517 4191 625 4252 papatus
642 4189 862 4253 constlreydericbi
879 4190 1057 4239 indictimenrir
1073 4189 1200 4251 februarii
1212 4189 1298 4237 XXV
1305 4190 1360 4239 dies
1376 4190 1477 4238 romani

181 4275 243 4324 bora
261 4274 298 4324 ΙΙ
300 4273 317 4323 1
333 4274 386 4324 dei.
405 4274 438 4321 de
453 4268 626 4338 portionalis.
640 4274 674 4323 to
692 4273 743 4322 Per
756 4276 837 4323 metue
849 4281 888 4322 est
899 4301 934 4308 -
945 4274 964 4323 f.
978 4276 1010 4322 41
1030 4276 1120 4324 troiae.
1139 4276 1253 4338 expleuit
1264 4275 1297 4323 de
1314 4275 1474 4323 &tinctione

179 4359 300 4420 feliciter.
320 4359 410 4407 noran
426 4355 460 4406 cia'
476 4358 544 4407 dona
562 4356 632 4406 nobie
653 4359 794 4408 doctrinam
816 4366 841 4407 et
863 4361 993 4408 scientiam
1013 4365 1092 4422 pater
1109 4361 1172 4409 doce
1195 4373 1241 4408 nos
1258 4358 1290 4409 a}
1307 4360 1372 4408 artis
1390 4359 1475 4407 eccet-

181 4445 295 4493 tentiam:
315 4442 432 4506 Sergius
449 4441 483 4490 de
501 4441 615 4507 pedibus
634 4446 661 4491 et
679 4442 713 4492 de
731 4442 916 4494 distinctione.
930 4440 941 4508 ῙΙ
954 4444 973 4493 i.
986 4446 1017 4492 41
1038 4444 1077 4492 lte
1094 4444 1253 4493 idiomatibus
1265 4460 1329 4509 quae
1345 4445 1476 4507 pertinent

182 4531 215 4578 ad
232 4529 380 4594 penetiraan
402 4541 487 4575 casura
503 4553 538 4561 -
555 4527 576 4577 t.
593 4526 643 4575 48*
666 4529 729 4577 iaec
750 4530 926 4578 misericordia
948 4543 965 4577 o
988 4542 1078 4576 aaaoc
1102 4543 1149 4576 aar
1176 4543 1314 4577 oorxroe
1339 4528 1358 4576 i.
1377 4530 1409 4577 49
1428 4543 1475 4578 erc·

178 4615 249 4678 pn'eit
271 4612 384 4662 Iibettrna
400 4612 480 4659 rentii
495 4609 633 4674 prararnui:
660 4611 693 4662 de
711 4612 889 4664 idIomatibas
907 4628 933 4677 p.
951 4614 1051 4663 566-
1069 4614 1127 4673 stt,
1146 4615 1187 4664 45.
1207 4627 1373 4677 quamquam
1391 4611 1475 4663 index

179 4697 341 4749 idiomatum
361 4695 415 4745 fine
434 4696 623 4759 quaternionis
642 4696 749 4746 videtur
767 4698 937 4763 interruptus
949 4712 1010 4747 esse
1029 4700 1059 4746 et
1076 4699 1242 4763 subscriptio
1260 4713 1332 4762 quae
1350 4697 1476 4761 sequitur

179 4785 204 4833 in
221 4785 313 4849 prima
331 4779 439 4832 scheda
457 4781 521 4830 novi
539 4782 729 4844 quaternionis
747 4783 851 4848 scripta
864 4788 916 4844 est,
934 4788 1028 4833 tamen
1039 4786 1162 4832 veterem
1176 4798 1238 4833 esse
1251 4781 1324 4831 bunc
1335 4781 1475 4832 detectum

177 4870 282 4920 numeri
301 4864 519 4932 quaternionum
536 4865 565 4915 in
583 4865 643 4917 imis
661 4867 831 4932 margInibas
849 4867 946 4933 scripti
962 4866 1095 4918 indicant
1108 4863 1120 4933 H
1136 4868 1157 4919 i.
1174 4869 1208 4918 49
1226 4868 1332 4918 Constat
1349 4875 1431 4917 autera
1448 4875 1474 4916 ot
