3314 5506
168 387 188 445 6
759 381 872 443 PROBl

219 515 241 555 ρ.
255 502 313 543 rur.
324 501 351 544 aa
366 499 388 543 r.
1065 528 1073 557 ,
1267 510 1288 552 p.
1305 498 1370 539 voca
1384 497 1408 539 a.

169 590 207 641 os
230 581 376 650 correpta,
396 590 432 631 ox
452 572 612 650 producta,
634 589 671 630 nx
695 577 846 648 correpta,
868 588 906 630 ux
930 552 1088 648 produced:
1124 577 1256 630 toreama
1276 571 1458 640 toreumatis

170 675 256 736 dulce
277 675 379 742 duleis,
403 673 476 732 ordo
499 673 619 738 ordinis,
643 672 717 732 llida
741 671 875 741 Didonis,
897 672 943 731 lac
964 670 1062 742 lactis,
1082 681 1170 751 capitit
1192 672 1307 749 eapitis,
1331 670 1460 733 tribunal

168 776 332 845 tribunalis,
355 774 412 835 mel
433 772 536 843 mellis,
559 772 702 852 Tanaquil
720 772 897 852 Tanaquilis,
916 772 960 834 sol
982 772 1062 840 solis,
1082 772 1188 834 Suthul
1211 772 1351 843 Suthul'u,
1375 773 1460 835 Titan

169 879 297 948 Titanis,
325 879 437 939 crimen
461 877 606 944 criminis,
640 874 697 936 lien
727 875 825 946 lienis,
854 875 990 936 Memnon
1014 874 1191 946 Memnonis,
1217 866 1309 937 Sinon
1332 877 1460 947 Sinonis,

145 982 263 1042 sinstar
291 981 425 1047 laetaris,
454 978 577 1039 cadarer
598 977 764 1047 cadaveris,
793 996 844 1038 vet·
868 979 959 1047 veris,
988 976 1061 1038 livor
1082 975 1197 1048 livoris,
1218 976 1310 1039 Tibur
1331 977 1459 1048 Tiburis,

68 1160 72 1169 .
169 1082 292 1144 facultas
314 1079 467 1149 facultatis,
489 1097 574 1157 seges
596 1080 712 1155 segetis,
735 1087 850 1158 strages
870 1081 989 1155 stragis,
1012 1080 1110 1140 auaris
1128 1080 1240 1149 suavis,
1265 1098 1298 1138 oe
1320 1081 1405 1151 assis,
1427 1100 1460 1142 os

169 1186 241 1254 oris,
267 1183 366 1244 Venus
385 1181 523 1250 Veneris,
544 1182 636 1241 virtus
658 1183 787 1250 virtutis,
809 1188 896 1242 tenax
920 1184 1044 1251 tenacis,
1069 1199 1141 1259 grex
1164 1183 1276 1260 gregis,
1299 1200 1352 1243 rex
1372 1184 1460 1261 regis,

170 1287 327 1354 piraticis,
350 1302 407 1344 nor
430 1285 539 1351 noctis,
562 1300 617 1342 vox
640 1284 734 1351 vocis,
765 1301 823 1343 nux
850 1284 949 1351 rancis,
979 1283 1026 1344 lua
1048 1283 1131 1343 lueis.
1177 1282 1351 1344 terminatur
1372 1287 1460 1344 etiam

170 1386 285 1449 duabus
316 1383 546 1447 consonantibus
579 1384 722 1464 copulatis
750 1403 769 1444 n
800 1394 865 1446 ets
895 1392 925 1445 et
958 1384 1095 1446 dividitur
1128 1387 1157 1445 in
1185 1385 1289 1445 arodus
1322 1387 1460 1464 quinque.

135 1509 159 1550 ro
174 1507 241 1550 nam
264 1496 315 1549 aut
334 1508 349 1548 a
372 1496 439 1549 ante
462 1505 496 1547 ns
518 1485 615 1556 babet,
639 1486 734 1546 inians
754 1487 887 1554 infantis,
911 1494 962 1547 aut
981 1508 997 1548 o
1019 1488 1204 1567 productam,
1225 1485 1313 1546 Vicus
1336 1486 1460 1548 llleutis:

172 1609 240 1652 nam
261 1597 396 1668 correpta
425 1598 491 1650 ante
514 1607 563 1649 eas
584 1587 697 1648 nullum
718 1606 825 1649 nomen
853 1591 1016 1667 reperitur,
1048 1590 1124 1649 sicut
1149 1607 1206 1649 nec
1228 1590 1252 1649 i:
1281 1596 1370 1650 anto
1396 1608 1461 1650 eor·

171 1700 295 1772 reptam,
319 1699 351 1765 at
372 1693 473 1751 insons
492 1693 697 1785 insontisaaa
718 1691 901 1771 productam.
923 1698 954 1750 ut
976 1693 1042 1751 laras
1059 1691 1157 1759 iontis,
1181 1697 1231 1751 atat
1249 1708 1278 1760 u,
1303 1698 1335 1751 ut
1348 1692 1463 1752 Arruns

171 1795 317 1856 llrrtvntis.
355 1794 412 1854 bac
431 1801 530 1855 tamen
551 1794 628 1854 scire
649 1792 801 1862 debemus,
824 1792 902 1872 (parad
926 1794 1023 1853 amatia
1044 1794 1161 1853 nomina
1183 1811 1203 1852 n
1226 1799 1255 1852 et
1272 1811 1287 1852 s
1307 1795 1463 1854 terminata

171 1896 208 1958 tis
223 1896 357 1974 genetiva
380 1896 487 1956 iaciant
507 1914 630 1956 necesse
645 1901 690 1955 est
711 1896 842 1974 exeeptis
856 1894 988 1978 duobus,
1007 1913 1082 1972 ntiae
1097 1895 1142 1954 dis
1166 1894 1277 1955 iaciunt
1294 1897 1462 1971 genetivum

91 2032 95 2037 -
135 1999 276 2067 tacitis,
300 2005 332 2058 ut
354 1997 444 2064 lrons,
468 2015 537 2075 para
558 1998 669 2076 capitis,
694 1998 799 2057 frontis
822 2003 851 2056 ct
870 1997 961 2064 lrons,
983 1995 1062 2074 quod
1085 2003 1129 2056 est
1151 1995 1263 2066 lolium,
1285 1997 1415 2066 troadis,
1435 2006 1465 2058 et

170 2098 235 2164 lens
253 2098 359 2160 animal
383 2098 486 2168 leudis,
509 2098 646 2177 legumen
669 2097 733 2158 lens
754 2096 848 2158 lentis.
884 2097 1001 2176 qnidam
1025 2098 1137 2159 addant
1158 2097 1241 2174 glans
1261 2098 1389 2176 glandis;
1411 2101 1462 2160 sed

170 2200 245 2265 baec
266 2200 378 2261 rlandis
404 2202 583 2261 nominativa
615 2201 712 2278 posuit
734 2198 886 2276 Vergilius.
908 2196 913 2282 Ι
938 2207 1042 2279 quarta
1070 2199 1225 2260 declinatio
1253 2202 1463 2262 nominativum

159 2302 256 2395 ‚cinga
269 2320 351 2364 arem
375 2304 513 2362 terminat
534 2302 629 2362 modis
648 2299 773 2371 duabus,
793 2319 828 2363 us
850 2308 879 2363 et
900 2320 934 2370 u,
957 2301 1005 2362 bic
1029 2302 1135 2362 ductus
1157 2302 1244 2363 buius
1266 2302 1383 2373 linctus,
1407 2303 1464 2364 lanc

143 2482 146 2489 Ι
172 2421 266 2469 aaran
287 2404 374 2464 buius
398 2422 501 2471 cornu,
524 2404 581 2464 bac
602 2421 681 2482 genu
703 2402 790 2464 baius
812 2421 900 2477 genu,
944 2404 1063 2484 quintae
1085 2402 1287 2465 declinationis
1307 2406 1462 2466 nominati·

71 2534 76 2547 ·
133 2524 160 2568 aa
174 2520 228 2575 rur
249 2506 405 2584 singularis
421 2507 453 2565 iit
474 2505 562 2566 moda
584 2524 653 2573 aaa,
676 2523 708 2565 es
730 2522 847 2582 semper
867 2505 1019 2582 prodacta,
1042 2507 1104 2566 dies
1127 2506 1194 2575 diei,
1217 2525 1266 2568 res
1287 2507 1339 2568 rei.

103 2617 104 2621 ’
256 2608 415 2688 Hucusque
433 2607 471 2668 de
492 2604 702 2685 nallminativo.
747 2625 826 2667 nuvae
848 2607 885 2667 de
905 2609 1039 2683 genetivo
1061 2608 1233 2677 doceamus,
1256 2609 1464 2687 persingulas

170 2709 282 2771 litteras
317 2708 362 2771 vel
398 2708 523 2789 syllabas
563 2709 733 2768 nominativi
767 2708 972 2778 decurrentes,
1012 2709 1090 2770 unde
1121 2712 1273 2787 genetivus
1302 2711 1397 2790 qualis
1427 2715 1465 2773 sit

170 2814 279 2891 poterit
307 2810 459 2891 declarari.
502 2829 560 2890 quo
591 2810 737 2890 patefacta
760 2811 922 2889 poterimus
944 2813 1035 2881 scire,
1066 2830 1124 2891 qua
1147 2813 1233 2872 moda
1261 2814 1357 2874 omnis
1379 2834 1465 2876 casus

171 2915 324 2992 utriusque
350 2915 466 2974 numeri
495 2912 657 2974 meandum
680 2914 809 2973 ratiavtes
839 2931 927 2992 supra
951 2915 1061 2992 positas
1082 2913 1254 2976 declinatur.

131 3033 158 3074 aa
257 3018 279 3077 Α
296 3015 390 3076 littera
413 3016 586 3076 terminatas
608 3014 802 3074 nominativus
823 3014 977 3092 singularis
991 3017 1052 3077 sive
1073 3034 1145 3093 pana
1165 3017 1225 3076 sive
1245 3016 1339 3096 aliqua
1358 3037 1463 3081 caasa·

172 3118 253 3178 nanti
272 3119 368 3178 iuncta
384 3119 504 3194 generis
518 3114 672 3177 masculini
693 3123 723 3177 et
744 3118 876 3176 feminini
893 3124 1005 3178 tantam
1021 3118 1109 3177 modo
1127 3119 1295 3178 Latinorum
1312 3122 1464 3182 nominum

170 3221 334 3300 reperitur,
355 3221 406 3298 qul
430 3220 596 3298 genetivum
617 3236 652 3278 ae
675 3217 857 3297 diplvtlrongo
879 3220 1042 3279 terminans
1063 3219 1182 3280 (lucebit
1201 3239 1269 3290 aas,
1294 3240 1352 3300 quo
1375 3224 1464 3285 mmo

170 3329 248 3382 totos
263 3340 347 3384 casus
364 3322 518 3401 utriusque
533 3320 648 3385 ailmeri
663 3319 844 3380 declinemus
859 3321 1021 3383 seeundum
1040 3323 1183 3383 rationem
1206 3323 1317 3400 primae
1335 3324 1470 3409 ‹leelinag

171 3427 372 3505 {malequam
393 3425 480 3503 paulo
501 3429 569 3485 ante
585 3424 754 3483 monstravi.
785 3424 971 3484 inveniuntur
994 3426 1110 3501 generis
1130 3425 1225 3485 nentri
1248 3443 1264 3484 a
1287 3425 1383 3486 littera
1404 3432 1464 3490 ter·

132 3542 158 3584 so
171 3527 289 3604 minata,
312 3525 363 3586 sed
387 3527 554 3605 peregrina,
578 3543 653 3614 quae
673 3525 858 3586 declinantur
876 3527 990 3586 ratione
1012 3528 1117 3588 tertiae
1135 3525 1353 3596 declinationis,
1377 3548 1463 3608 (puae,

169 3628 212 3688 sic
228 3629 269 3688 uli
285 3628 381 3699 docui,
396 3628 529 3704 genetivo
545 3628 570 3687 is
584 3626 693 3706 syllaba
709 3629 892 3697 terminatur,
908 3637 940 3688 ut
955 3627 1012 3688 boe
1026 3635 1158 3689 toreuma
1176 3628 1262 3689 buius
1281 3633 1463 3703 toreumatis,

169 3729 289 3790 schema
306 3730 473 3792 schematis.
517 3746 585 3790 nam
609 3729 687 3807 quad
710 3729 831 3790 taauvus
853 3731 881 3790 in
901 3730 1112 3809 amphitryone
1136 3732 1235 3809 posuit
1261 3734 1358 3792 ‘enm
1379 3750 1462 3794 ser·

171 3830 232 3892 vili
263 3831 442 3899 sebema’,
474 3848 533 3891 non
562 3833 659 3892 neutri
688 3833 805 3908 generis
830 3831 1056 3893 declinationem
1085 3831 1244 3903 subvertit,
1275 3833 1329 3894 sed
1357 3850 1462 3912 genus.

170 3932 244 3992 liaeo
271 3933 349 3993 enim
375 3932 494 3994 sabama
519 3931 675 3993 declinavit
700 3931 738 3992 ab
761 3933 817 3994 bac
842 3932 977 4003 schema,
1005 3936 1081 4008 sicut
1107 3933 1182 3995 baec
1209 3936 1328 3997 lortuaa
1352 3935 1389 3998 ab
1408 3936 1465 3999 bac

133 4047 160 4088 aa
174 4035 301 4103 fortuna,
325 4036 438 4112 primae
462 4033 672 4102 declinationis,
696 4052 754 4095 non
774 4037 877 4097 tertiae
899 4035 956 4095 boc
976 4035 1094 4097 schema
1117 4055 1228 4117 genere
1250 4045 1372 4119 neutro:
1395 4056 1464 4102 aaut

169 4135 206 4198 ab
232 4135 290 4197 buc
322 4135 472 4198 schemate
504 4137 659 4215 posuisset.
703 4156 720 4197 a
749 4138 827 4200 enirn
858 4138 1046 4201 terminatum
1078 4156 1186 4201 namon
1222 4138 1340 4218 generis
1366 4144 1464 4205 neutri

240 4306 252 4356 l
273 4308 421 4357 toreumatis
440 4307 550 4372 Euterpe
569 4307 686 4373 Euterpis
705 4307 778 4358 dulce
795 4323 812 4370 p
831 4315 856 4359 et
873 4307 1006 4361 Pendeat
1068 4308 1085 4362 3
1104 4308 1142 4361 cal
1160 4309 1222 4361 salis
1241 4308 1357 4361 aulntltnl
1375 4311 1464 4364 autlan-

168 4377 202 4428 lis
216 4376 241 4428 B
259 4376 297 4427 sol
317 4377 378 4427 salia
397 4377 494 4427 rvvivthul
512 4376 634 4427 mndaulis
653 4375 737 4427 satlrul
751 4377 860 4429 nathalia
875 4393 895 4442 p
947 4378 963 4430 5
982 4394 1074 4433 uaruar
1085 4379 1199 4431 uerberis
1211 4397 1280 4433 corr.
1298 4383 1424 4432 averueria
1439 4383 1465 4435 B

238 4449 255 4498 a
278 4462 307 4497 os
325 4444 390 4513 oris]
414 4448 466 4496 asir
483 4446 603 4496 osirisB
691 4446 720 4496 ll
747 4456 864 4513 correpta
881 4456 939 4497 atate
955 4463 986 4498 ea
1006 4448 1029 4499 B
1052 4454 1169 4516 correptli
1190 4464 1204 4499 e
1223 4459 1280 4501 ante
1296 4466 1325 4500 as
1340 4466 1360 4515 p
1432 4452 1464 4504 ta

169 4514 270 4582 insana]
288 4517 323 4579 cs.
341 4531 367 4579 p.
389 4517 456 4569 1473
475 4515 599 4567 Priscian.
618 4533 645 4580 p,
666 4516 714 4566 tat
787 4515 821 4566 16
837 4517 882 4567 scd
896 4527 920 4565 et
937 4532 1008 4569 com.
1029 4520 1074 4570 aad
1088 4520 1151 4569 hace
1167 4519 1192 4569 B
1209 4521 1254 4571 scal
1266 4528 1291 4569 et
1309 4519 1402 4578 barac

170 4586 202 4637 17
221 4585 363 4652 Vergilius]
380 4602 468 4652 georg.
490 4586 584 4638 111181
612 4602 658 4636 nec.
676 4589 708 4636 de
727 4601 851 4636 contrusae
870 4597 967 4638 tantam
985 4590 1048 4652 pluit
1066 4589 1124 4639 ilice
1141 4590 1260 4656 gitanda:
1279 4591 1314 4653 cs.
1336 4592 1462 4643 sturme

164 4669 193 4718 p.
207 4657 258 4707 726
310 4659 343 4708 21
362 4656 504 4707 declinatur
522 4671 538 4713 ς
556 4656 683 4706 declinare
699 4656 723 4706 B
775 4658 808 4708 'lb
829 4657 1035 4714 Alltteca-lll,
1050 4660 1082 4710 la
1100 4660 1147 4709 lvac
1161 4670 1245 4708 tamen
1262 4662 1327 4711 scire
1340 4660 1464 4711 debemus

167 4724 288 4777 &malias
305 4724 434 4777 Sacerdos
450 4742 477 4788 p.
496 4727 529 4776 47
547 4742 603 4791 app.
691 4725 722 4777 st
748 4726 880 4776 terminata
900 4728 926 4777 B
949 4729 1116 4779 terratiuaatnr
1134 4742 1152 4787 ς
1171 4738 1197 4778 ct
1213 4730 1297 4781 codex
1314 4730 1483 4782 Sacerdotis*

189 4802 195 4814 ·
254 4797 288 4848 3¹2
316 4797 383 4859 quod
408 4812 425 4854 ς
452 4804 478 4847 ct
500 4796 628 4847 Sacerdos
655 4811 712 4847 ram
741 4810 807 4860 corr.
834 4799 868 4846 ni.
895 4812 959 4847 rana.
988 4800 1059 4861 qvtod
1086 4800 1111 4850 B
1215 4799 1240 4847 in
1266 4795 1461 4866 Amphitryone]

167 4868 237 4930 prol.
253 4866 301 4916 117
1448 4898 1454 4909 ·
