3314 5506
532 112 739 175 EXPLde'l'.
761 111 800 174 ΙΝ
823 109 1003 174 uodnrvu
1024 109 1096 173 LlB.
1120 110 1132 171 l
1419 111 1482 174 519

241 226 258 268 l,
271 224 312 267 54¹
326 223 375 265 eod.
390 223 443 263 baa.

177 303 268 386 quod
290 305 322 364 in
344 301 469 382 legendo
489 303 623 362 iteretur.
668 317 736 359 nam
765 317 832 359 enm
861 315 964 359 omnes
991 295 1108 358 litterae
1136 296 1228 358 XXlll
1250 298 1322 365 sint,
1345 297 1482 376 quotiens

179 405 312 469 eaedem
334 424 350 466 a
373 402 543 484 legentibus
564 409 754 482 repetuntur,
784 410 814 460 et
835 401 930 461 varias
951 396 1076 478 syllabas
1099 397 1218 460 iaciunt.
1263 398 1381 465 Latinas
1404 396 1480 458 litte-

178 526 237 570 ras
264 506 413 568 iuvenisse
440 504 548 566 dieitur
576 502 755 573 Carmentis,
789 509 884 562 mater
916 500 1062 570 Euandri,
1096 518 1171 580 quae
1204 501 1325 580 proprio
1360 500 1480 559 nomine

181 609 356 671 Nicostrate
378 607 456 669 dicta
479 615 533 667 est.
577 605 741 666 Carmentis
770 614 869 665 auteur
897 603 964 663 ideo
987 620 1096 663 nomen
1120 604 1247 680 accepit,
1271 601 1349 681 quod
1372 602 1480 662 carmi·

183 709 277 772 nibus
299 710 519 778 vaticinaretur,
542 705 621 767 unde
643 705 789 784 Vergilius
1375 693 1378 701 ’
1492 719 1505 756 a

342 819 378 872 et
399 807 670 872 Carmentalem
693 808 849 869 Romani
871 807 1020 867 nomine
1043 817 1187 886 portam

341 907 1479 993 quammemorant,nymphaepriscumCarmentisbenorem,

344 1015 440 1074 vatis
462 1011 657 1082 fatidicae,
681 1012 826 1073 cecinit
847 1028 942 1090 quae
964 1012 1081 1090 prima
1104 1010 1257 1070 laturos

341 1113 538 1177 Aeneadas
560 1129 714 1189 magnos
737 1125 771 1173 et
793 1111 923 1173 nobile
944 1112 1192 1174 Pallanteum.

186 1221 263 1282 baec
297 1219 375 1278 enim
409 1233 484 1296 quae
513 1213 667 1275 Carmenta
704 1214 780 1275 dieta
809 1221 868 1285 est,
896 1215 1013 1296 qnando
1041 1232 1108 1274 cum
1137 1212 1275 1274 Euandro
1303 1211 1339 1272 ad
1367 1210 1479 1274 ltaliam
1494 1223 1518 1265 ¹⁰

186 1322 284 1390 venit,
314 1326 384 1379 tune
406 1315 554 1378 transtulit
584 1318 614 1377 in
636 1317 772 1378 Latinum
795 1335 880 1377 usum
903 1316 1016 1378 litteras
1039 1316 1175 1377 Graecas.
1221 1314 1336 1376 litterae
1358 1315 1479 1375 Latinae

187 1440 256 1484 cam
288 1419 392 1482 xxiii
410 1420 482 1488 sint,
512 1417 605 1480 Varro
632 1416 708 1477 xvii
735 1416 805 1478 dicit
833 1437 912 1490 esse;
942 1427 1055 1479 ceteras
1082 1415 1247 1495 superfluas
1268 1424 1361 1497 putat.
1406 1414 1479 1477 baec

186 1535 233 1585 est
255 1523 387 1584 delinitio
415 1520 594 1589 litterarum,
607 1517 737 1579 *littera
765 1528 811 1581 est
839 1537 909 1601 pars
929 1522 1050 1581 minima
1073 1521 1153 1579 vocis
1174 1516 1359 1588 articulatae,
1382 1535 1398 1578 a
1420 1534 1478 1597 qna

186 1625 293 1705 incipit
314 1631 343 1685 et
364 1624 395 1683 in
417 1640 505 1703 quam
527 1618 713 1682 resolvitnr'.
756 1639 811 1682 vox
834 1622 941 1683 dieitur
963 1620 1104 1702 quidquid
1127 1637 1234 1681 sonare
1256 1627 1362 1700 potest.
1399 1619 1479 1679 vocis

188 1726 265 1788 dnae
286 1733 356 1787 sunt
378 1731 491 1805 partes,
514 1720 667 1784 articulata
689 1731 719 1783 et
742 1724 872 1784 contusa.
917 1722 1069 1785 articulata
1093 1730 1138 1782 est
1160 1739 1235 1801 quae
1256 1720 1345 1782 scribi
1369 1728 1515 1800 potestte

186 1845 263 1909 quae
285 1825 387 1888 subest
410 1823 557 1894 arnualis,
580 1823 611 1883 id
634 1831 677 1884 est
699 1824 815 1903 dlgitis,
837 1827 888 1906 qul
910 1825 1059 1893 scribont;
1082 1823 1128 1885 vel
1150 1823 1228 1904 quod
1252 1832 1346 1885 artem
1369 1821 1477 1884 babeat

186 1937 239 1992 aut
271 1929 431 2008 exprimat:
469 1926 591 1987 contusa
625 1934 669 1986 est
700 1944 776 2005 quae
808 1927 899 1989 scribi
927 1945 987 1988 non
1015 1934 1125 2007 potest,
1154 1927 1248 2007 qualis
1275 1933 1322 1987 est
1347 1925 1477 2004 mugitus

185 2031 293 2102 boum
322 2029 445 2092 latratus
473 2043 580 2088 canum
603 2036 633 2088 et
654 2027 732 2088 talia.
777 2045 848 2107 ergo
876 2030 902 2089 si
929 2028 1010 2089 dicas
1032 2036 1146 2097 orator,
1169 2027 1321 2090 articulata
1343 2046 1400 2088 vox
1422 2034 1475 2088 est.

186 2139 342 2215 praeterea
369 2127 512 2210 quidquid
540 2127 648 2207 legitur
677 2129 848 2191 articulatae
876 2132 955 2192 vocis
982 2140 1035 2192 est.
1080 2130 1138 2192 boc
1172 2132 1198 2191 si
1226 2128 1368 2200 resolvas,
1398 2129 1475 2210 quod

186 2237 218 2296 in
245 2233 372 2295 lectione
401 2229 579 2309 conligatum
607 2238 665 2301 est,
696 2249 865 2293 sermonem
887 2233 973 2293 lacis:
1002 2250 1121 2294 rursum
1142 2234 1168 2293 si
1190 2248 1360 2293 sermonem
1382 2228 1475 2291 resol-
1488 2241 1514 2282 2⁰

185 2354 251 2406 vas,
278 2331 421 2414 syllabam
449 2331 537 2394 lacis:
570 2334 595 2392 si
617 2331 758 2412 syllabam
779 2334 889 2405 solvas,
923 2342 1058 2396 remanet
1079 2334 1193 2405 littera;
1226 2332 1303 2396 ultra
1328 2335 1386 2395 iam
1415 2350 1475 2394 non

186 2435 331 2519 procedet
350 2432 502 2496 resolutio.
547 2452 619 2513 ergo
642 2434 718 2496 bene
740 2435 969 2517 delinitumjest,
992 2435 1105 2497 ‘littera
1128 2454 1197 2517 pars
1219 2437 1339 2496 minima
1361 2436 1474 2496 vocist’
1572 2450 1575 2455 ·

185 2540 283 2601 omnis
311 2538 389 2600 enim
417 2554 487 2606 vox,
517 2555 584 2597 cum
614 2539 650 2598 ad
673 2557 776 2600 omnes
797 2539 935 2600 minutias
956 2538 1046 2600 luerit
1066 2538 1209 2606 resoluta,
1233 2539 1264 2596 in
1285 2535 1382 2597 littera
1404 2554 1475 2596 con-

185 2641 271 2701 sistit.
317 2637 424 2699 deinde
451 2635 532 2698 addit
559 2639 592 2698 in
619 2639 790 2701 delinitione
812 2638 1028 2710 ‘articulatae',
1059 2649 1091 2701 ut
1112 2638 1282 2700 ostenderet
1303 2656 1407 2700 omnes
1428 2637 1474 2698 lit·

187 2751 267 2805 teras
288 2740 326 2802 ad
349 2736 519 2800 articulatae
541 2740 621 2800 vocis
642 2739 833 2803 substantiam
855 2743 1015 2821 pertinere.
1487 2752 1512 2791 a

270 2843 449 2904 litterarum
476 2842 573 2921 prima
600 2841 702 2903 divisio
732 2842 804 2904 duas
831 2842 921 2904 babet
948 2851 1061 2922 partes:
1097 2861 1165 2903 nam
1193 2849 1244 2903 aut
1271 2839 1385 2903 vocales
1406 2851 1475 2902 sunt

185 2953 236 3007 ant
255 2951 461 3006 consonantes.
492 2943 563 3003 item
586 2945 811 3005 consonantium
833 2954 878 3006 est
900 2943 954 3005 alia
978 2944 1094 3005 divisio:
1124 2962 1192 3005 nam
1215 2951 1265 3004 aut
1285 2943 1475 3006 semivocales

185 3054 256 3109 sunt
278 3054 329 3107 aut
349 3052 458 3106 mnne.
502 3043 558 3104 irae
579 3062 639 3105 uno
662 3047 782 3107 nomine
803 3046 916 3127 pariter
938 3053 1135 3106 consonantes
1156 3055 1313 3116 vocantur,
1335 3047 1418 3126 quia,
1442 3054 1475 3106 ut

184 3166 293 3210 sonare
325 3147 454 3225 possint,
486 3145 621 3222 indigent
653 3146 759 3208 auxilio
793 3145 946 3208 vocalium.
991 3146 1107 3209 vocales
1139 3155 1237 3208 autem
1271 3146 1366 3209 dietae
1395 3154 1472 3218 sunt,

170 3251 265 3332 -quod
292 3265 347 3329 per
373 3264 406 3308 se
435 3265 535 3307 vocem
563 3246 695 3328 inpleant
722 3258 752 3311 et
778 3267 831 3310 sna
858 3250 886 3308 vi
913 3250 1081 3330 exprimant
1105 3264 1195 3310 sonos
1216 3265 1286 3310 suos
1307 3267 1367 3310 non
1389 3266 1473 3310 acce·
1486 3261 1512 3302 ³⁰

185 3351 275 3414 dente
301 3348 410 3412 anxilio
439 3349 561 3410 alterius
588 3349 714 3412 litterae.
758 3369 775 3410 a
801 3349 919 3430 qnando
946 3351 1026 3422 dieo,
1060 3369 1077 3412 a
1105 3350 1167 3411 sola
1194 3360 1279 3413 sonat
1307 3360 1338 3413 et
1367 3369 1472 3413 sonum

184 3472 271 3516 snum
299 3451 362 3513 sola
390 3449 523 3531 conplet:
560 3453 604 3512 sic
631 3460 661 3512 et
687 3452 804 3532 quando
833 3451 899 3513 dico
928 3454 1106 3514 aeiou.
1145 3450 1263 3532 quaudo
1284 3461 1383 3514 autem
1406 3454 1473 3514 dico

184 3561 396 3623 consonantes,
419 3571 542 3615 necesse
564 3562 609 3614 est
630 3561 662 3615 ut
683 3556 802 3633 iungam
825 3551 969 3625 vocalem,
985 3562 1019 3614 ut
1039 3572 1130 3616 sonus
1145 3556 1334 3616 consonantis
1356 3552 1473 3634 explea-

184 3666 244 3721 tur.
286 3673 360 3735 ergo
382 3656 450 3735 quia
472 3673 561 3715 sonos
583 3656 731 3717 naturales
753 3655 850 3717 addita
872 3655 966 3717 vocali
988 3659 1169 3737 exprimunt,
1193 3657 1379 3718 dictae‘sunt
1400 3673 1472 3717 eon·

182 3765 333 3822 sonantes.
378 3755 484 3817 deinde
520 3766 549 3818 et
582 3757 695 3818 vocales
727 3757 821 3820 dictae
854 3768 936 3830 suut,
970 3759 1048 3839 quod
1080 3757 1159 3820 solae
1188 3757 1329 3839 syllabam
1351 3759 1471 3829 iaciunt,
1484 3769 1510 3812 tt

183 3860 265 3944 quod
288 3858 344 3921 alia
366 3858 463 3920 littera
485 3866 603 3939 praeter
625 3857 740 3921 vocales
762 3878 822 3922 non
843 3868 949 3941 potest.
992 3860 1169 3942 plerumque
1191 3869 1220 3922 et
1241 3866 1341 3940 partes
1363 3861 1471 3922 oratio·

183 3966 230 4026 nis
251 3962 363 4023 iaciunt
384 3958 512 4021 vocales:
537 3979 568 4030 a,
592 3966 624 4021 ut
644 3961 782 4040 Virgilius

255 4182 369 4234 liittera
387 4179 471 4230 XXlll
490 4187 549 4231 sunt
562 4182 678 4246 quotiens
694 4182 823 4232 eademL
894 4183 1015 4250 daccipit
1033 4183 1058 4233 L
1127 4181 1307 4252 bVergilius]
1327 4185 1393 4235 Aen.
1414 4185 1470 4235 Vlll

179 4253 233 4307 338
285 4253 424 4316 ipriecam
441 4250 466 4300 L
535 4251 637 4302 baetis
652 4251 775 4302 natidieae
794 4252 885 4303 cecinit
902 4268 952 4318 que
970 4254 1066 4320 primos
1083 4252 1163 4319 (corr.
1182 4257 1266 4320 primo
1284 4255 1385 4306 futuros
1403 4253 1470 4319 uh

271 4321 301 4372 il
321 4321 432 4371 trastulit
445 4319 470 4368 L
575 4323 607 4373 12
629 4336 691 4372 aare
709 4321 734 4370 L
756 4337 831 4373 uarro
849 4325 872 4372 l:
895 4322 1018 4374 babemus
1036 4323 1085 4376 hoc
1103 4325 1216 4376 inlibris
1235 4325 1266 4375 ed
1287 4325 1383 4374 Attium
1401 4324 1470 4391 apud

180 4397 325 4448 Varronem
338 4392 470 4456 Poarper'ae
480 4407 509 4455 p.
520 4389 546 4444 a.
564 4393 595 4443 de
609 4393 736 4444 Varronis
753 4393 889 4443 additium
904 4394 977 4446 libris
991 4395 1057 4444 datr
1074 4394 1223 4446 aradum
1240 4401 1337 4460 quaest.
1356 4395 1470 4446 Vama

181 4467 304 4534 (noum
324 4478 350 4512 a.
368 4461 448 4527 taso)
464 4477 491 4525 p.
511 4462 545 4512 25
558 4478 613 4529 sqq.
627 4476 688 4515 nara.
706 4461 819 4514 fidenam
836 4467 928 4519 naama.
947 4465 983 4513 Vl
1000 4462 1175 4529 (a.1848)p.
1191 4464 1243 4517 530
1323 4466 1356 4517 14
1374 4466 1400 4514 in
1419 4480 1470 4528 qua

180 4531 359 4590 resoluiturL
429 4531 462 4583 18
477 4539 501 4580 et
519 4530 570 4582 alia
585 4532 609 4581 L
687 4531 722 4582 20
738 4533 909 4585 conlatuml,
977 4534 1012 4585 28
1031 4533 1093 4586 baec
1109 4535 1204 4587 unoL
1272 4534 1306 4586 30
1324 4535 1470 4603 exprimunt

180 4621 262 4660 sonos
277 4603 365 4668 (sonos
380 4617 441 4654 aues
458 4604 478 4664 1)
499 4615 549 4651 non
566 4601 696 4652 accidente
711 4602 735 4651 L
