3314 5506
549 381 745 444 lll'S'l'l'l'VTA
766 381 907 444 bllTlVbl
929 379 1096 442 ‹tlt-lta
1409 383 1467 443 llb

227 498 386 550 omma
1260 495 1416 551 amen

180 568 241 648 plus
258 588 348 649 quam
368 568 507 630 undecim
530 572 603 637 soni,
628 571 684 631 boc
696 577 744 662 est
759 568 824 647 plus
846 588 934 649 quam
957 569 1094 630 undecim
1117 571 1250 639 nomina,
1274 587 1333 629 nou
1355 568 1468 648 possint

179 671 320 732 exbiberi.
365 672 403 733 de
425 672 519 731 lorma
542 673 658 749 generis
682 673 788 739 neutri,
809 691 865 751 qua
888 671 1014 733 diximus
1034 671 1161 732 ablativo
1183 689 1253 732 casu
1272 672 1387 733 numeri
1408 672 1468 731 siu·

178 771 286 850 galeris
307 775 427 834 nomina
448 793 467 835 u
487 773 583 834 littera
607 774 767 842 terminari,
791 781 931 851 quantum
953 775 1028 835 ratio
1049 773 1200 852 poscebat,
1226 775 1425 835 tractavimus.

261 875 305 937 lle
327 894 436 954 genere
458 877 573 937 omni..
593 878 689 937 omnis
715 877 834 953 generis
855 877 988 944 uomina,
1018 894 1094 956 quae
1116 875 1240 937 ablativo
1260 893 1330 937 casu
1352 877 1468 938 numeri

177 977 334 1056 singularis
361 977 503 1039 u'littera
531 980 741 1047 terminantur,
769 978 842 1039 baec
868 979 1046 1039 nominativo
1076 996 1145 1039 casu
1172 979 1287 1039 numeri
1312 975 1469 1055 singularis
1494 1002 1507 1040 a

180 1099 233 1141 una
256 1080 313 1140 bac
334 1080 428 1140 lorma
456 1080 634 1140 deliniuntur
661 1087 788 1149 tautum,
817 1098 853 1148 u,
882 1078 970 1140 etad
993 1080 1050 1140 boc
1074 1078 1240 1157 exemplum
1269 1078 1468 1140 declinantur:

179 1182 292 1244 onmem
321 1180 477 1258 singularis
510 1183 557 1242 lric
586 1190 616 1242 et
641 1182 714 1243 lraec
740 1182 833 1242 maior
855 1189 924 1242 natu
953 1187 983 1241 et
1008 1181 1065 1242 boc
1093 1182 1293 1250 meliusnam,
1331 1181 1419 1242 buius
1441 1189 1470 1241 et

180 1283 267 1344 buius
296 1292 326 1345 et
346 1284 432 1345 buius
453 1284 572 1345 maioris
594 1294 678 1351 natu,
707 1284 776 1345 huic
804 1290 834 1344 et
854 1283 924 1344 buic
952 1290 982 1344 et
1002 1283 1073 1343 lruic
1094 1285 1199 1345 maiori
1221 1289 1307 1351 natu,
1340 1283 1420 1345 bunc
1441 1291 1471 1343 et

181 1384 253 1447 banc
272 1386 416 1447 maiorem
432 1393 503 1446 natu
524 1391 554 1446 et
575 1385 632 1446 boc
656 1388 748 1448 maius
764 1393 843 1456 natu,
867 1394 931 1447 oet
951 1406 969 1447 o
989 1387 1083 1447 maior
1099 1393 1169 1446 natu
1191 1393 1220 1446 et
1240 1405 1258 1446 o
1280 1387 1374 1447 maius
1389 1392 1468 1455 natu,

180 1486 213 1548 ab
234 1487 294 1548 boc
318 1494 349 1548 et
368 1485 405 1549 ab
428 1488 483 1548 bac
503 1494 533 1548 et
554 1487 591 1549 ab
610 1488 666 1548 boc
687 1489 798 1549 maiore
816 1495 900 1557 natu;
921 1490 1036 1549 numeri
1054 1487 1176 1568 pluralis
1197 1489 1228 1549 bi
1250 1494 1280 1548 et
1300 1488 1356 1550 bae
1378 1489 1469 1556 maio·
1484 1508 1509 1550 ro

181 1606 225 1651 ree
245 1598 319 1651 natu
339 1598 370 1650 et
389 1590 463 1668 baec
485 1590 596 1650 maiora
619 1597 706 1658 natu,
734 1590 842 1651 borum
862 1598 892 1651 et
912 1590 1018 1651 barum
1042 1596 1072 1651 et
1092 1590 1199 1651 borum
1222 1592 1367 1652 maiorum
1389 1598 1468 1659 natu,

181 1693 223 1753 bis
243 1698 272 1754 et
295 1691 390 1753 biset
410 1692 456 1753 bis
476 1691 638 1753 maioribus
661 1701 745 1760 natu,
769 1691 825 1753 bos
845 1699 873 1753 et
893 1693 948 1752 bas
969 1694 1097 1753 maiores
1120 1700 1190 1753 natu
1213 1702 1240 1754 et
1263 1692 1337 1755 baec
1357 1694 1469 1754 maiora

179 1803 262 1865 natu,
296 1813 316 1854 o
337 1801 402 1855 eto
424 1795 553 1855 maiores
572 1791 643 1854 natu
673 1800 701 1855 et
722 1813 740 1853 o
763 1795 872 1855 maiora
893 1801 979 1864 natu,
1013 1794 1050 1855 ab
1070 1793 1116 1855 bis
1136 1801 1166 1855 et
1186 1793 1223 1855 ab
1245 1795 1290 1856 bis
1317 1801 1346 1855 et
1367 1793 1405 1855 ab
1424 1794 1470 1855 bis

178 1895 339 1958 maioribus
357 1903 437 1956 natu.
469 1896 523 1957 ·sic
553 1904 583 1956 ct
604 1895 659 1957 alia
693 1897 810 1974 generis
837 1898 933 1958 omnis
965 1897 1099 1966 nomina,
1134 1914 1210 1975 quae
1242 1895 1366 1958 ablativo
1399 1915 1468 1959 casu

179 1999 294 2059 numeri
319 1997 475 2076 singularis
506 2018 525 2059 u
550 1997 646 2060 littera
674 1999 885 2067 terminantur,
912 1997 949 2058 ad
979 1995 1145 2076 exemplum
1175 2000 1295 2061 maioris
1315 2007 1386 2060 natu
1415 2017 1469 2077 per
1485 2017 1507 2057 u

179 2117 281 2160 onmes
302 2117 388 2160 casus
407 2098 602 2160 declinantur.
647 2119 726 2161 nnnc
748 2100 852 2160 iubae
874 2100 967 2161 lorma
992 2102 1109 2179 generis
1129 2103 1238 2169 omrris,
1263 2119 1321 2180 qua
1344 2100 1469 2161 diximus

179 2200 303 2263 ablativo
326 2217 396 2262 casu
418 2203 535 2262 numeri
555 2201 712 2279 singularis
737 2205 854 2263 nomina
877 2222 897 2264 u
919 2203 1015 2264 littera
1037 2203 1203 2271 terminari,
1226 2203 1284 2264 boc
1304 2221 1467 2273 monemus,

179 2303 254 2382 quod
274 2322 313 2363 ex
329 2321 364 2363 ea
385 2320 421 2362 eo
436 2301 537 2381 plures
559 2305 632 2373 soni,
655 2305 772 2366 honest
793 2323 828 2365 eo
845 2304 929 2383 plura
949 2306 1077 2374 nomina,
1100 2323 1159 2365 non
1178 2305 1293 2383 possint
1308 2301 1470 2386 exbibelrill

178 2403 209 2465 le
232 2404 330 2465 iorma
348 2406 466 2482 generis
490 2407 601 2474 omnis,
630 2425 688 2486 qua
708 2406 834 2467 diximus
855 2405 980 2468 ablativo
1004 2424 1073 2468 casu
1101 2407 1217 2468 numeri
1239 2405 1396 2484 singularis
1416 2424 1469 2466 no·
1572 2476 1576 2483 ⁶

178 2507 252 2567 nina
275 2525 297 2567 u
327 2506 424 2568 littera
448 2510 610 2576 terminari,
634 2516 776 2589 qnantum
800 2510 873 2570 ratio
896 2509 1045 2587 poscebat,
1069 2511 1264 2571 tractavimus.
1480 2528 1506 2568 ao

258 2609 339 2670 Sane
361 2611 390 2670 in
413 2609 468 2670 hac
497 2611 591 2671 forma
620 2628 709 2688 sopra
732 2613 857 2689 scripta,
880 2630 936 2690 qua
960 2613 1086 2673 diximus
1113 2611 1239 2673 ablativo
1262 2630 1332 2672 casu
1353 2611 1469 2671 numeri

178 2710 334 2789 singularis
354 2713 473 2772 nomina
495 2731 514 2771 u
537 2710 634 2773 littera
656 2713 817 2781 terminari,
841 2720 909 2774 sunt
929 2711 1026 2793 aliqua
1048 2714 1181 2782 nomina,
1205 2731 1280 2792 quae
1302 2720 1331 2774 et
1347 2714 1468 2793 partiei-

179 2814 294 2891 piorum
316 2811 536 2874 similitudinem
558 2816 688 2892 capiant,
710 2822 743 2876 ut
766 2821 834 2892 puta
857 2817 944 2875 risus.
989 2832 1080 2893 quare
1106 2816 1163 2876 boc
1184 2834 1353 2886 monemus,
1377 2814 1467 2896 quod,

178 2918 199 2976 si
221 2916 303 2976 risus
324 2914 362 2974 ab
380 2934 416 2975 eo
437 2914 517 2995 quod
539 2923 583 2977 est
607 2917 706 2978 videor
728 2917 913 2995 participium
936 2934 1000 2978 esso
1023 2919 1182 2995 reperitur,
1204 2917 1240 2978 ad
1264 2917 1389 2979 lormam
1412 2918 1468 2978 sci·

179 3015 242 3078 licet
263 3017 421 3096 docti-per
439 3035 542 3078 omnes
561 3036 646 3079 casus
668 3017 846 3080 declinetur:
880 3029 909 3079 at
927 3036 996 3079 rero
1016 3019 1095 3080 risrrs
1116 3021 1141 3078 si
1159 3028 1295 3097 aspectus
1313 3018 1466 3081 oculorum
1480 3036 1505 3076 aa

179 3138 238 3181 ease
260 3121 467 3197 cognoscitur,
490 3120 547 3180 boc
561 3127 606 3182 est
626 3138 734 3180 nomen
752 3119 930 3198 appellatur,
951 3120 987 3182 ad
1010 3119 1136 3181 lormam
1157 3120 1265 3183 lluctus
1286 3138 1341 3199 per
1364 3139 1467 3182 omnes

180 3238 261 3284 rasus
287 3223 505 3298 pronuntiatur.

258 3323 334 3385 ltem
356 3323 386 3382 iu
404 3323 459 3383 bac
478 3325 691 3402 suprascripta
712 3322 806 3386 lorma
828 3332 897 3419 sqnt
918 3323 1013 3402 aliqua
1035 3326 1162 3394 uomina,
1185 3343 1261 3404 quae
1284 3332 1313 3384 et
1331 3326 1466 3402 proprio-

179 3440 241 3486 rum
262 3424 418 3485 nominum
440 3424 564 3501 liguram
587 3427 772 3494 contineant,
804 3434 836 3488 ut
857 3434 928 3506 puta
949 3425 1061 3487 bassus.
1106 3444 1198 3506 quare
1222 3426 1278 3485 boe
1301 3442 1465 3491 monemus,

179 3526 269 3605 quod,
344 3525 453 3586 Bassus
478 3545 585 3588 nomen
613 3529 768 3606 proprium
791 3545 855 3588 esse
882 3530 1063 3606 reperiatur,
1094 3528 1130 3589 ad
1159 3527 1283 3589 lormam
1311 3527 1390 3587 docti
1412 3544 1465 3604 per
1478 3542 1504 3582 ao

179 3645 278 3689 ornnes
300 3644 388 3688 casus
409 3627 587 3697 declinetur;
615 3631 660 3690 sin
680 3647 751 3691 vero
771 3629 875 3691 bassaus
893 3646 1002 3691 nomen
1024 3629 1231 3710 appellativum
1251 3647 1316 3690 esse
1337 3630 1466 3690 inreuia·

180 3737 232 3800 tnr,
254 3728 294 3790 ad
312 3727 481 3808 exemplum
499 3729 607 3792 lluctus
628 3748 683 3809 per
703 3750 806 3793 omnes
822 3750 908 3793 casus
930 3732 1074 3794 llectatur.
1119 3750 1199 3792 nune
1221 3731 1324 3793 bassus
1348 3730 1467 3811 quando

180 3847 283 3893 nomen
304 3832 346 3892 sit
366 3832 519 3910 proprium
540 3840 569 3894 et
583 3833 701 3911 quando
720 3832 935 3912 appellativum,
957 3834 1014 3895 boc
1035 3837 1064 3895 in
1080 3833 1219 3914 qualitate
1235 3836 1385 3894 nominum
1409 3835 1465 3894 iam

181 3935 244 3995 eatis
268 3935 470 3996 tractavimus.

257 4036 339 4098 Saue
372 4035 608 4098 boc'monemus
640 4039 669 4097 in
692 4037 738 4098 bis
766 4036 950 4107 nominibus,
982 4056 1058 4117 quae
1088 4038 1214 4099 diximus
1246 4037 1370 4099 ablativo
1396 4055 1466 4099 casu
1480 4048 1506 4089 ³⁵

184 4140 292 4199 numeri
314 4137 474 4216 singularis
495 4158 515 4200 ιι
533 4138 630 4200 littera
648 4140 814 4208 terminari,
841 4141 920 4219 quod
943 4141 1001 4201 sint
1024 4138 1112 4219 aliqui
1132 4139 1170 4201 lll
1193 4141 1274 4205 soni.
1304 4142 1353 4218 qui
1376 4158 1465 4218 gene-

185 4239 233 4300 tiro
254 4257 328 4300 casu
349 4241 470 4301 numeri
487 4239 644 4318 singularis
669 4242 677 4302 i
697 4240 794 4303 littera
818 4245 1029 4310 terminentur,
1060 4249 1091 4302 ut
1112 4241 1148 4302 ab
1171 4242 1229 4302 boc
1250 4249 1354 4303 senatu
1379 4241 1466 4301 buius

186 4343 278 4403 anau.
323 4341 377 4403 aed
400 4342 473 4407 baec
488 4328 614 4403 ¹nomina
636 4344 666 4404 in
689 4345 769 4404 sonis
792 4343 991 4405 tractabimus.

247 4511 279 4564 10
293 4512 330 4564 vab
349 4511 398 4563 boc
416 4514 513 4562 maiore
529 4513 553 4564 n
574 4514 606 4563 ab
625 4512 673 4565 hoc
691 4514 781 4563 maiori
800 4515 825 4564 B
932 4515 963 4566 18
984 4529 1016 4563 ex
1036 4528 1066 4562 ea
1085 4528 1115 4562 eo
1133 4512 1219 4580 plures
1237 4515 1292 4563 soni
1311 4511 1360 4562 boc
1378 4519 1417 4561 eet
1435 4526 1465 4561 eo

191 4577 252 4639 alme
269 4584 376 4633 nomina
399 4583 499 4648 possint
517 4581 672 4634 exbiberili
702 4598 734 4632 ex
752 4598 783 4633 ea
807 4584 950 4648 complures
969 4584 1024 4633 soni
1049 4581 1097 4632 hoe
1117 4591 1155 4633 est
1179 4597 1209 4631 eo
1232 4582 1341 4647 plurima
1362 4582 1465 4631 nomina

193 4652 277 4708 Μαι
294 4652 413 4704 exhiberi
431 4668 446 4700 r
464 4668 497 4703 ex
515 4668 545 4702 ea
563 4652 648 4718 plures
667 4654 723 4704 soni
741 4655 908 4720 nonpossint
926 4654 1023 4704 exiberi
1039 4653 1065 4703 B
1117 4652 1152 4703 23
1168 4652 1271 4717 capiant
1283 4652 1308 4701 B
1325 4652 1466 4716 capiuntli

196 4784 201 4794 ι
247 4723 279 4773 ’25
296 4723 440 4774 declinetur
455 4723 480 4772 B
498 4722 678 4774 declinaturll
743 4721 778 4774 30
794 4725 936 4790 reperiatur
954 4723 979 4773 B
996 4722 1178 4789 repperiturli
1232 4720 1264 4772 31
1284 4721 1468 4772 inueniaturB

196 4793 346 4844 ltueaitorli
417 4790 452 4843 36
469 4792 549 4854 aliqui
566 4791 603 4842 Xl
621 4794 677 4842 soni
696 4793 719 4844 li
737 4794 816 4856 aliqui
834 4790 879 4842 XL
897 4795 952 4843 soni
971 4793 996 4842 B
1057 4793 1090 4843 37
1111 4793 1119 4842 i
1138 4794 1221 4842 littera
1239 4790 1262 4840 Ii
1282 4799 1307 4841 et
1324 4791 1333 4840 i
1352 4791 1465 4841 litterar

249 4861 282 4914 38
297 4862 463 4914 tractabimus
480 4863 521 4913 Br
535 4863 698 4912 tractauimus
718 4862 739 4912 li

1218 4947 1262 5012 St
