3314 5506
216 368 256 429 24
806 366 920 428 PROBI

269 497 290 538 ρ.
305 486 363 526 raca.
373 485 399 525 os
413 485 436 524 r.
660 496 663 500 »
1299 497 1321 538 p.
1337 484 1381 526 rra.
1391 486 1418 526 aa
1431 484 1455 526 ι.

216 558 454 636 frequentissime
475 555 576 625 docui,
604 557 646 616 ris
669 557 777 616 iaciunt
803 556 951 633 genetivo,
979 553 1071 615 vellus
1094 554 1224 625 velleris,
1254 557 1368 618 ratione
1389 564 1506 618 neutro

217 677 284 720 rum
307 677 341 719 us
364 659 602 726 terminatorum,
625 665 654 718 et
675 675 733 717 uno
756 657 894 719 feminino
914 659 955 718 ris
975 659 1099 719 faciente
1119 661 1252 734 genetivo
1276 677 1294 719 u
1316 666 1344 720 et
1365 659 1394 720 in
1413 661 1507 721 nomi·

218 762 315 821 nativo
344 765 373 820 et
399 761 429 820 iu
459 760 592 836 genetivo
621 759 773 839 producta.
818 777 838 819 u
866 767 935 823 ante
966 760 1151 821 novissimam
1180 759 1319 840 syllabam
1350 761 1507 823 habentem

218 869 427 922 consonantem
449 862 627 947 continentia
646 861 861 941 producuntur,
883 868 915 922 ut
936 860 1021 922 tellus
1042 861 1163 930 telluris,
1186 863 1320 926 iuventus
1341 866 1506 935 iuventutis,

191 971 354 1050 asenectus
375 965 542 1025 serrcctutis.
575 982 649 1024 auus
670 965 761 1034 anuis,
784 981 834 1024 sus
853 963 915 1024 suis
936 964 1003 1024 ideo
1025 966 1233 1044 corripiuntur,
1257 967 1396 1045 quoniam
1411 968 1508 1032 noris

216 1069 289 1130 sima
312 1065 423 1147 syllaba
445 1066 509 1126 sine
531 1074 711 1126 consonante
734 1074 786 1127 est.
831 1066 904 1126 haec
925 1063 1007 1124 colus
1029 1066 1175 1128 secundae
1197 1075 1241 1127 est
1262 1067 1467 1129 declinationis
1487 1069 1507 1129 li

217 1169 328 1230 iaciens
350 1169 494 1245 genetivo,
516 1167 603 1230 huius
621 1167 693 1228 coli:
724 1185 791 1228 nam
811 1167 955 1245 Vergilius
978 1169 1056 1227 ‘cui
1078 1165 1243 1230 tolerare
1265 1168 1348 1230 colo
1369 1171 1506 1239 ritam’,

218 1272 269 1351 qui
291 1270 404 1331 dativus
423 1290 439 1331 a
464 1272 598 1348 genetivo
618 1271 627 1330 i
649 1272 807 1332 terminato
838 1271 932 1330 venit:
963 1277 992 1329 et
1020 1277 1141 1349 quartae
1164 1270 1366 1333 declinationis
1393 1289 1428 1332 us
1450 1280 1507 1333 ter·

167 1370 171 1378 '
219 1375 333 1433 minans
352 1373 533 1451 genetivum,
561 1373 637 1432 sicut
661 1373 771 1432 Statius
792 1369 958 1432 Thebaidos
980 1371 1057 1432 libro
1079 1372 1119 1433 lll
1147 1374 1375 1454 ‘nigraeque
1404 1393 1508 1435 soro·

181 1493 296 1536 rorum
318 1475 497 1536 {oravere
525 1473 660 1543 colus’,
684 1474 734 1554 qui
756 1475 950 1534 nominativus
967 1473 1094 1553 pluralis
1117 1495 1134 1535 a
1155 1476 1288 1553 genetivo
1310 1476 1453 1555 singulari
1475 1495 1508 1538 ns

219 1577 375 1637 terminato
396 1576 562 1637 deducitur.

303 1677 364 1739 Mas
390 1678 526 1739 Latinum
557 1696 647 1739 uuum
683 1677 916 1758 monosyllabum
949 1679 1067 1756 repperi
1100 1680 1203 1740 tertiae
1233 1679 1437 1742 declinationis
1469 1682 1509 1741 ris

218 1780 328 1842 iaciens
343 1781 485 1858 genetivo,
498 1799 562 1841 mas
574 1781 680 1842 maris:
697 1780 841 1858 Vergilius
856 1780 1052 1840 accusativum
1068 1779 1211 1858 pluralem
1226 1780 1346 1843 ‘solve
1362 1785 1508 1844 mares’.

219 1885 331 1945 Graeca
353 1883 554 1944 indilierenter
575 1883 815 1953 declinabuntur,
844 1890 873 1943 et
893 1882 1006 1959 primae
1036 1881 1236 1944 declinationis
1264 1902 1298 1943 ae
1327 1883 1508 1962 diphthongo

181 2005 205 2046 u
220 1987 375 2047 terminato
397 1986 532 2063 genetivo
554 1992 585 2046 et
605 1977 707 2046 tertiae
728 1986 765 2045 tis
788 1986 942 2045 terminato
964 1985 1116 2060 genetivo,
1140 1985 1242 2046 Mimas
1264 1974 1369 2046 Mimae
1392 1985 1437 2049 vel
1459 1988 1509 2048 Mi·

220 2089 334 2157 mantis,
356 2064 433 2167 C'yas
451 2090 530 2167 Gyae
552 2086 597 2146 vel
615 2088 743 2166 Gyautis,
767 2085 905 2146 Athamas
923 2085 1063 2146 htbamae
1085 2086 1129 2146 vel
1145 2077 1342 2155 Athamantis:
1364 2089 1394 2148 in
1417 2091 1510 2150 nomi·

220 2192 318 2251 nativo
335 2191 398 2250 sine
418 2208 436 2249 n
458 2188 561 2259 httera,
586 2191 615 2249 in
637 2190 743 2249 ceteris
765 2187 882 2249 casibus
904 2207 972 2248 cum
995 2208 1045 2248 ea:
1067 2189 1110 2248 sic
1130 2188 1225 2249 Pallas
1249 2173 1397 2252 Pallantis.
1443 2210 1509 2253 uam

221 2294 325 2353 mimas
341 2292 448 2351 inmas
464 2299 581 2352 acutum
602 2291 731 2350 disfacit
748 2292 890 2368 genetivo,
913 2291 1016 2350 mimas
1031 2290 1174 2360 mimadis,
1193 2300 1222 2351 et
1242 2291 1348 2352 melius
1367 2300 1510 2372 pereunte

220 2412 235 2455 s
250 2392 346 2453 littera
364 2391 400 2452 de
415 2393 592 2453 nominativo
608 2394 639 2452 lit
661 2410 767 2453 nomen
787 2391 922 2452 Latinum
945 2393 1057 2471 primae
1073 2392 1274 2454 declinationis
1295 2413 1329 2454 ae
1344 2397 1510 2471 genetivum

182 2496 397 2563 aterminans,
427 2494 499 2555 hacc
522 2478 611 2556 mima
638 2495 726 2556 buius
753 2496 867 2555 mimae.
884 2489 897 2577 {l
913 2511 976 2553 mes
1003 2502 1153 2572 correpta.
1169 2494 1278 2555 iaciunt
1302 2499 1439 2572 genetivo
1465 2500 1509 2568 tis,

220 2595 304 2656 limes
326 2602 450 2666 trames,
479 2594 577 2656 limitis
598 2598 736 2664 tramitis;
765 2596 908 2675 producta
929 2613 1047 2673 semper
1067 2597 1136 2666 nris,
1160 2596 1253 2658 sames
1272 2599 1366 2658 lauris.
1399 2600 1510 2661 Graeca

220 2716 338 2777 semper
371 2698 575 2777 producuntur
609 2707 639 2758 et
672 2707 723 2759 aut
747 2699 802 2759 mis
834 2698 946 2758 iaciunt
978 2699 1111 2776 genetivo
1141 2707 1192 2760 aut
1218 2701 1269 2768 tis,
1302 2700 1349 2761 bic
1371 2701 1509 2763 Chremes

222 2800 357 2862 Chromis
379 2808 408 2860 et
427 2800 606 2862 Chremetis:
628 2801 783 2862 Terentius

373 2905 481 2964 etiam
504 2903 589 2964 inde
611 2901 740 2982 abiens
762 2920 921 2982 puerum
945 2904 1101 2962 conveni
1123 2902 1290 2964 Chremis

182 3021 208 3063 aa
222 3011 251 3065 et
269 3003 400 3078 ‘iubeo
422 3005 686 3067 Chremetem’.
718 3006 814 3065 omnia
837 3005 925 3082 igitur
942 3006 1044 3065 tertiae
1060 3014 1126 3065 sunt
1143 3004 1353 3073 declinationis,
1373 3009 1509 3085 quoniam

221 3107 245 3167 is
267 3106 380 3167 iaciunt
402 3108 544 3185 genetivo.
562 3117 600 3179 ¹et
620 3108 716 3168 inreni
739 3108 873 3185 genetivo
895 3106 1021 3176 Chremi,
1042 3102 1046 3189 l
1068 3109 1236 3185 etantiqua
1259 3115 1303 3167 est
1323 3110 1399 3168 ratio
1423 3108 1508 3170 decli·

221 3210 347 3268 nationis
369 3208 464 3269 dativo
487 3212 528 3270 uti
550 3229 606 3289 pro
628 3211 771 3287 genetivo,
793 3208 868 3269 ‘inl
873 3208 983 3269 elicis
1006 3207 1122 3268 Vlixi'
1145 3227 1200 3287 pro
1216 3208 1317 3279 Vlixis,
1336 3208 1441 3271 Achilli
1458 3229 1508 3289 pro

220 3311 348 3372 Achillis.
394 3312 453 3372 ‘ad
486 3310 624 3373 bellum
655 3311 760 3372 Persi
787 3311 1087 3372 Macedonicum’
1122 3311 1304 3389 prol‘ersis.
1349 3314 1404 3371 mis
1433 3331 1508 3373 com·

222 3415 320 3476 munia
341 3414 460 3494 quidem
490 3414 581 3475 duum
610 3432 752 3492 generum
783 3415 837 3473 mis
866 3415 977 3474 iaciunt
1007 3414 1155 3489 genetivo,
1189 3415 1336 3474 uberrimis
1361 3415 1507 3485 exanimis,

184 3515 309 3576 aohuius
331 3518 475 3577 unanimis
505 3519 656 3578 exanimis.
701 3516 824 3576 dicimus
851 3523 880 3576 at
906 3516 954 3576 hic
982 3517 1133 3575 exanimus
1161 3523 1189 3576 et
1218 3517 1381 3576 unanimus.
1427 3519 1507 3578 unior

166 3672 168 3675 ,
222 3635 294 3693 ergo
316 3621 433 3694 generis
452 3620 569 3679 nomina
591 3621 645 3679 mis
666 3618 775 3698 syllaba
796 3620 950 3679 terminata
970 3619 1011 3677 ris
1033 3617 1144 3678 iaciunt
1171 3619 1319 3695 genetivo,
1349 3617 1396 3678 hic
1423 3622 1507 3680 rumh

222 3719 269 3779 hic
291 3722 437 3789 cucumis,
461 3720 547 3780 buius
567 3722 693 3781 vomeris
716 3728 744 3780 et
767 3722 942 3782 cucumeris.
988 3719 1126 3780 Martialis
1153 3738 1220 3780 cum
1244 3738 1351 3797 genere
1381 3722 1507 3784 ‘cucu-

222 3838 356 3880 merem
379 3824 551 3881 rectum’.
596 3839 667 3898 ergo
690 3823 787 3881 onmia
810 3823 864 3881 mis
890 3823 1042 3882 terminata
1074 3822 1176 3881 tertiae
1204 3830 1272 3881 sunt
1301 3821 1506 3885 declinationis.

222 3939 286 3990 mos
314 3921 458 4000 producta
491 3942 581 3983 unum
614 3923 848 4002 monosyllabum
883 3923 984 3984 tertiae
1020 3922 1221 3984 declinationis
1249 3923 1306 4002 legi
1336 3926 1377 3986 ris
1405 3927 1506 3987 iaciens

1368 4110 1374 4149 i
1408 4098 1458 4149 suis'

292 4160 308 4210 3
326 4164 353 4209 iu
372 4169 430 4209 ante
446 4160 471 4209 B
488 4175 502 4209 ιι
521 4162 588 4210 enim
602 4171 659 4211 ante
680 4162 865 4212 Lindemonnna
936 4163 952 4212 5
971 4175 1035 4210 anus
1054 4161 1127 4209 antris
1147 4177 1190 4210 sus
1209 4163 1263 4211 suis
1282 4176 1299 4219 ς
1317 4178 1381 4213 auus
1399 4179 1475 4215 acirim
1492 4165 1506 4213 ir

224 4231 476 4293 (deletirlitteriais)
496 4235 609 4281 suissuis
630 4233 655 4281 B
725 4229 899 4299 7Vergilius]
920 4232 985 4281 Aen.
1004 4232 1060 4280 Vlll
1080 4232 1130 4283 ede
1180 4233 1196 4282 d
1221 4233 1364 4284 Thebaidos
1383 4234 1447 4283 libro
1467 4232 1506 4299 ltlj

222 4318 246 4350 o.
265 4301 314 4352 ‘etl
389 4300 420 4350 13
437 4299 577 4367 Vergilius]
598 4317 683 4368 georg.
704 4304 737 4351 Ill
756 4301 789 4353 be
878 4303 909 4354 lb'
926 4300 989 4351 Gros
1009 4301 1072 4351 Grae
1092 4303 1130 4351 vel
1147 4302 1283 4359 Gromisc
1370 4307 1404 4354 et
1424 4303 1506 4370 ctiam

227 4371 284 4421 Ter.
300 4370 384 4420 Andr.
402 4371 422 4419 ll
440 4374 465 4424 2.
483 4370 513 4422 31
586 4374 619 4423 25
639 4371 724 4436 iubeo]
749 4373 806 4424 Ter.
826 4371 907 4421 Andr.
930 4370 1006 4435 1113,
1026 4372 1046 4420 l·
1110 4374 1142 4422 et
1161 4373 1273 4421 inlelicis
1293 4375 1355 4422 ulixi
1374 4390 1420 4439 pro
1440 4376 1506 4424 ulicis

223 4442 248 4491 B
266 4443 303 4491 iut
323 4441 404 4491 felicis
421 4441 482 4489 ulixi
503 4456 547 4506 pro
566 4442 645 4493 ulixis
660 4458 700 4505 p:
719 4444 796 4508 Verp.
815 4446 878 4491 Aen.
899 4443 930 4491 tu
946 4441 1006 4493 613.
1025 4440 1074 4490 691
1145 4444 1179 4494 28
1198 4445 1228 4491 ad
1245 4442 1350 4509 bellum]
1370 4446 1438 4509 apud
1460 4444 1506 4495 Sal·

209 4511 326 4562 'lustium
344 4512 368 4559 iu
388 4512 470 4576 prima
487 4510 595 4562 historio
621 4513 750 4563 Charisius
765 4527 791 4576 p.
812 4513 916 4574 biars.
937 4513 1006 4569 infra
1024 4526 1051 4573 p.
1072 4512 1137 4562 1472
1225 4513 1254 4563 31
1282 4512 1420 4563 hicuomis
1438 4515 1506 4564 huim

223 4583 305 4631 uernis
328 4580 404 4632 huius
422 4582 532 4630 uomeris
557 4584 679 4633 martialis
703 4600 759 4633 cum
784 4598 877 4648 genere
896 4597 1054 4631 cucumerem
1077 4581 1113 4643 (in
1132 4598 1211 4647 marg.
1231 4583 1292 4635 odd.
1320 4595 1343 4632 et
1360 4585 1505 4650 cucumeris

222 4660 317 4700 rectrrm
337 4652 362 4700 B
387 4651 427 4700 hic
447 4651 528 4701 uomis
550 4651 626 4703 huius
646 4658 729 4703 uomis
754 4653 831 4702 huius
857 4655 977 4701 numeris.
1008 4652 1130 4703 Martialis
1156 4668 1213 4702 cunr
1236 4669 1329 4717 genere
1352 4655 1376 4702 et
1399 4656 1505 4704 circumis

223 4732 349 4777 rectumg
368 4720 409 4770 hie
430 4723 520 4783 ricmis,
539 4720 614 4773 huius
633 4726 725 4775 uomis.
745 4722 820 4772 huius
839 4723 959 4779 uomcris,
979 4724 1101 4781 cucumis,
1118 4723 1193 4771 huius
1209 4725 1360 4782 cucumeris,
1380 4726 1420 4775 nel
1440 4740 1502 4774 cocu

223 4791 280 4840 mis.
301 4791 423 4842 Martialis
441 4791 581 4842 masculino
600 4809 692 4860 genere
711 4795 798 4857 inquo
812 4809 858 4842 nec
873 4794 987 4843 cucumis
1007 4794 1089 4841 iacere
1109 4801 1191 4842 rectus
1210 4793 1344 4843 Potachius
1396 4796 1429 4845 32
1449 4795 1502 4844 Mar

223 4856 302 4926 tialia]
324 4863 404 4927 epigr.
424 4861 516 4926 xtra,
536 4861 567 4911 10
