3314 5506
479 1277 635 1372 l'lllllll
654 1276 925 1371 -ldllllllld
954 1276 1177 1371 allitus

226 1595 246 1634 p.
263 1582 343 1623 raam
358 1578 383 1619 n.
1251 1546 1274 1631 p.
1289 1578 1333 1619 aas.
1343 1578 1369 1617 ao
1384 1577 1411 1619 v.

731 1633 779 1694 hd
801 1633 907 1695 VOCE.
1299 1644 1304 1655 “

257 1771 320 1830 Vox
343 1771 404 1830 sive
425 1786 515 1830 sonus
535 1777 580 1830 est
593 1788 652 1841 ¹ner·
674 1771 757 1838 ictus,
779 1769 804 1829 id
826 1777 870 1827 εει
888 1786 1054 1846 percussus.
1077 1767 1222 1828 sensibilis
1242 1768 1350 1838 auditu,
1372 1785 1463 1846 quan·

181 1879 233 1934 tum
257 1875 287 1932 in
309 1874 375 1951 ipso
394 1880 452 1937 est,
482 1871 538 1931 hoo
566 1879 718 1950 estunam
741 1872 790 1932 diu
812 1879 939 1932 resonat.
983 1887 1062 1930 notre
1088 1871 1185 1930 omnis
1210 1888 1265 1929 ros
1286 1872 1347 1930 sive
1374 1886 1464 1930 sonus

179 1985 222 2034 aut
249 1972 406 2034 articulata
433 1981 478 2033 est
504 1981 555 2033 aut
581 1974 712 2032 contusa.
755 1971 905 2033 articulata
937 1979 996 2039 est,
1027 1989 1085 2050 qua
1112 1971 1246 2032 homines
1272 1970 1410 2032 locuntur
1434 1979 1501 2035 ets

179 2074 277 2135 litteris
295 2074 498 2153 conprehendi
519 2083 624 2153 potest,
648 2083 765 2153 utputa
786 2071 900 2134 ‘scribe
917 2072 1047 2142 Cicero'‚
1072 2070 1199 2149 ‘Vergili
1219 2072 1300 2151 lege'
1323 2080 1353 2133 ει
1366 2078 1464 2132 cetera

179 2177 249 2237 talia.
295 2176 419 2237 contusa
441 2193 511 2236 vero
532 2184 582 2236 aut
603 2174 771 2236 animalium
790 2184 841 2236 aut
861 2174 1061 2235 inanimalium
1084 2184 1143 2242 est,
1171 2193 1247 2255 quae
1267 2173 1371 2234 litteris
1394 2191 1463 2259 cons

178 2277 319 2356 prehendi
349 2295 408 2337 uon
433 2285 538 2355 potest.
582 2276 750 2338 animalium
783 2285 827 2336 est
859 2282 891 2336 ut
919 2284 988 2355 puta
1020 2293 1164 2355 equorum
1189 2276 1333 2344 hinnitus,
1367 2272 1465 2335 rabies

179 2398 297 2447 cannen,
318 2381 434 2468 rugitus
458 2380 604 2446 lerarum,
627 2386 798 2458 serpentum
820 2377 936 2447 sibilus,
965 2379 1061 2438 avium
1085 2384 1189 2439 cantus
1211 2384 1239 2438 ει
1261 2387 1358 2440 εειειε
1377 2375 1464 2444 lalla;

178 2479 376 2543 inanimalium
399 2488 496 2541 autem
518 2487 612 2541 estut
635 2488 704 2558 puta
726 2478 927 2566 cymbalorum
951 2481 1086 2549 tinnitus,
1109 2479 1294 2557 llagellorum
1315 2480 1463 2557 strepitus,
1479 2504 1503 2544 so

179 2584 320 2643 undarum
341 2581 451 2659 pulsus,
469 2583 577 2642 ruinae
597 2600 697 2650 casus,
720 2581 833 2643 listulae
854 2581 970 2643 auditus
991 2589 1021 2642 et
1038 2589 1135 2643 εειειε
1157 2581 1233 2643 talia.
1277 2589 1321 2642 est
1343 2589 1373 2642 ει
1394 2598 1464 2640 con·

180 2685 237 2746 lusa
254 2704 311 2745 vox
331 2685 392 2744 sire
411 2701 502 2744 sonus
520 2682 682 2752 bominum,
705 2703 780 2763 quae
799 2683 903 2745 litteris
922 2683 1124 2763 conprehendi
1143 2703 1201 2744 uon
1218 2680 1322 2764 potest,
1344 2691 1376 2743 ut
1395 2690 1464 2761 puta
1559 2754 1563 2759 ι

179 2788 234 2846 oris
256 2789 336 2846 risus
358 2783 403 2846 vel
425 2784 566 2853 sibilatns,
590 2787 718 2865 pectoris
734 2787 863 2864 mugitus
885 2793 914 2847 ει
931 2794 1030 2847 cetera
1049 2785 1125 2847 talia.
1156 2787 1193 2847 de
1209 2805 1279 2847 voce
1301 2787 1360 2845 sive
1380 2803 1463 2851 soum

180 2897 316 2965 quantum
341 2889 414 2948 ratio
438 2886 586 2966 poscebat,
610 2890 807 2963 tractavimus.

637 3053 644 3064 '
732 3074 781 3135 nu
798 3073 909 3135 auru.
1479 3100 1503 3140 a

258 3194 316 3253 Ars
344 3201 389 3253 est
422 3195 509 3254 unius
538 3194 680 3272 cuiusque
710 3193 754 3253 rei
785 3194 906 3254 scientia
934 3211 1048 3253 summa
1081 3192 1239 3255 subtilitate
1271 3192 1465 3270 adprehensa.

184 3313 241 3356 nam
265 3305 297 3355 et
317 3295 424 3355 Gracci
445 3285 506 3353 ἀπὸ
527 3296 579 3373 τῆς
600 3285 715 3371 ἀρετῆς,
737 3312 754 3354 ιι
776 3295 896 3363 virtute,
920 3293 1081 3355 censebant
1102 3303 1194 3356 artem
1218 3312 1281 3355 esse
1302 3292 1466 3354 dicendam.

184 3398 253 3458 unde
276 3405 307 3456 et
328 3404 442 3457 veteres
462 3403 555 3457 artem
582 3414 637 3475 pro
660 3399 765 3457 virtute
787 3396 959 3475 frequenter
981 3405 1132 3474 usurpant
1177 3413 1256 3456 nunc
1276 3395 1364 3456 huius
1385 3394 1466 3460 artis,

184 3498 272 3558 idest
292 3499 519 3576 grammaticae,
550 3500 645 3558 omnis
665 3498 816 3559 dumtaxat
835 3498 976 3559 Latinitas
997 3516 1034 3559 ex
1053 3497 1167 3558 duabus
1188 3496 1320 3575 partibus
1341 3502 1466 3565 constat,

184 3597 231 3659 hoe
254 3610 300 3660 est
323 3618 358 3659 ex
383 3598 516 3676 analogia
539 3607 568 3658 et
592 3599 752 3669 anomalia,
783 3607 812 3661 et
839 3600 905 3661 ideo
931 3602 1083 3678 utriusque
1108 3601 1199 3677 partis
1224 3600 1368 3659 rationem
1396 3595 1505 3662 suh-ao

185 3719 291 3762 rrimus.

717 3799 754 3839 uf,
769 3798 926 3843 Atuatucis.

260 3903 403 3982 Analogia
426 3911 467 3965 εει
489 3907 565 3966 ratio
589 3912 670 3966 recta
693 3923 885 3984 perseverans
913 3925 966 3984 per
988 3908 1133 3985 integram
1159 3904 1360 3968 declinationis
1381 3905 1467 3967 disei-

182 4004 303 4080 plinam,
333 4014 364 4066 ut
392 4014 462 4084 puta
492 4005 542 4065 hic
569 4006 703 4075 Catilina,
732 4006 805 4067 haec
831 4006 915 4086 lupa,
944 4008 1000 4067 boc
1024 4006 1175 4092 serilnium
1204 4015 1233 4067 ει
1260 4016 1358 4069 cetera
1383 4007 1468 4076 talia;

181 4107 288 4169 sedicet
310 4109 452 4184 quoniam
473 4106 546 4168 haec
569 4110 686 4169 nomina
707 4109 750 4169 sic
774 4126 827 4186 per
843 4105 857 4191 ΙΙ
871 4127 974 4170 omnes
996 4120 1081 4171 casus
1099 4108 1262 4170 secundum
1284 4127 1335 4169 sua
1358 4127 1467 4187 genera
1480 4131 1506 4173 as

181 4208 206 4268 iu
227 4208 426 4271 declinatione
452 4218 657 4287 perseverant,
686 4212 729 4293 sic
758 4211 799 4270 uti
824 4219 869 4271 est
891 4209 1044 4288 analogiae
1071 4219 1152 4273 rocta
1179 4209 1381 4272 declinationis
1408 4211 1468 4271 dis·

180 4312 293 4390 riplina.

248 4495 259 4541 l
284 4506 359 4543 enom
385 4504 546 4542 nnsuuarrcr
568 4506 602 4540 ns
620 4506 682 4542 noro
700 4504 834 4542 ouartoms
852 4507 965 4543 usnanrs
986 4508 1034 4542 ans
1052 4507 1140 4544 ιιιιοιι.
1167 4507 1200 4542 ns
1217 4507 1283 4543 vocs
1303 4507 1319 4554 a
1342 4499 1367 4542 et
1384 4492 1468 4542 codex

181 4560 310 4610 Parisinus
327 4562 399 4612 talu
428 4574 522 4610 incrrrr
545 4574 689 4612 reserares
712 4574 787 4610 asom
811 4573 970 4612 onaumsrrer
996 4578 1028 4612 os
1052 4578 1116 4613 noca
1135 4563 1218 4612 codex
1242 4562 1377 4612 Parisinus
1400 4561 1468 4611 aaut

181 4645 211 4679 na
229 4645 296 4688 roes
312 4632 350 4683 Il:
375 4633 412 4694 cs.
431 4631 559 4680 piudan.
582 4645 611 4693 p.
628 4632 677 4680 721
703 4633 767 4680 conl.
787 4631 864 4682 Proh.
882 4647 910 4695 p.
927 4630 980 4682 aud
996 4633 1037 4682 ed.
1060 4634 1153 4688 Viad..
1174 4633 1286 4694 Pompei.
1300 4647 1329 4695 p.
1351 4631 1399 4681 lut
1425 4632 1466 4686 ed.

180 4699 253 4751 tud.
270 4704 332 4751 conl.
352 4698 435 4750 Proh.
452 4713 479 4761 ρ.
498 4698 550 4750 aad
566 4715 621 4764 sqq.
639 4700 680 4749 ed.
703 4700 779 4749 Vina.
850 4705 865 4750 4
884 4703 967 4751 omnis
984 4703 1008 4752 1t
1025 4703 1166 4752 communis
1181 4717 1196 4749 r
1246 4701 1263 4750 9
1282 4703 1381 4768 ruditus
1398 4717 1467 4752 corr.

179 4771 316 4836 magistrali
335 4771 438 4820 ruditus
453 4785 484 4818 ra
553 4781 697 4836 serpentum
716 4770 737 4819 li
754 4771 910 4834 serpentium
928 4787 956 4821 ro
1025 4773 1059 4822 24
1084 4773 1205 4822 scrinium
1223 4787 1252 4821 ru
1271 4772 1434 4837 scriptumll

178 4840 211 4890 26
228 4843 364 4908 analogiae
383 4849 457 4889 reeta
475 4839 498 4888 R
517 4839 634 4906 analogia
651 4850 718 4890 recta
735 4856 751 4888 r
771 4841 891 4907 analogia
910 4857 924 4890 e
942 4849 1010 4893 recta
1028 4859 1043 4893 a
