3314 5506
211 394 273 457 aso
777 384 933 469 [sanun]

270 496 284 538 i,
298 497 332 537 oe.
345 495 384 537 dd*
397 495 446 537 roal.
460 494 512 537 niv.

296 576 391 637 Mam
419 573 640 653 iupersonalem
666 574 788 636 mudum
815 574 926 637 iaciunt
945 582 976 637 et
996 574 1033 637 ad
1054 573 1151 654 legem
1174 574 1377 640 declinationis
1394 576 1475 640 adina

213 685 300 759 gunt,
324 686 357 740 ut
377 674 527 738 scribendi
548 675 710 738 scribendo·
726 675 919 738 scribendum
941 679 1084 758 scriptum
1105 682 1233 757 emmiu
1268 696 1345 760 quae
1364 680 1412 741 etti
1430 696 1473 740 na·

213 779 319 842 uiiesta
342 777 431 840 rerba
453 786 536 847 snut,
565 785 688 859 apparet
709 786 807 840 tamen
829 779 923 858 magis
943 770 1095 841 absolutae
1120 778 1297 842 elocutionis
1316 797 1390 851 erm,
1408 798 1473 862 qum

213 881 303 944 ullam
332 880 558 943 declinationem
586 880 648 961 pati
674 892 773 960 posse.
816 897 884 942 nam
915 882 1044 960 primum
1072 880 1151 943 tamin
1181 889 1226 944 est
1251 884 1345 961 ipsius
1375 883 1473 945 uentris

190 986 311 1047 eratis:
332 1001 387 1044 cur
409 985 487 1044 enim
510 989 631 1043 vocetur
652 990 684 1044 nt
705 983 826 1044 omuino
846 1006 866 1043 c
890 982 1103 1062 significatione
1116 986 1252 1066 tempore
1267 984 1355 1047 modo
1367 1002 1472 1054 numeru

214 1086 389 1167 praesertim
418 1103 485 1147 cum
513 1102 580 1146 eum
608 1083 729 1146 modum
755 1084 901 1146 induimur
924 1082 970 1145 vel
997 1092 1174 1165 perpetuum
1202 1086 1350 1159 dicamus,
1374 1089 1421 1168 aad
1435 1086 1473 1148 etti

215 1204 339 1250 nurnero
367 1195 397 1248 et
424 1204 550 1266 persona
579 1195 676 1257 caret,
708 1185 864 1269 [numeru]
892 1194 990 1249 tamen
1018 1185 1065 1248 rel
1093 1204 1181 1267 agore
1202 1186 1249 1249 rel
1270 1190 1332 1269 pati
1350 1189 1474 1269 daudet

216 1288 323 1351 deiude
352 1286 486 1370 [ordine]
516 1286 656 1350 ridiculus
684 1296 729 1349 eet
757 1289 809 1367 mii
836 1291 867 1350 in
895 1286 978 1350 verbi
1005 1288 1203 1351 declinatione
1232 1291 1362 1371 speciem
1381 1306 1473 1352 mun

215 1392 340 1473 proiert.
371 1399 466 1452 etesi
487 1391 634 1471 participii
656 1388 773 1451 similis:
797 1390 939 1452 exturbo
960 1392 1075 1473 passivo
1096 1398 1147 1453 aut
1167 1394 1319 1453 communi
1339 1392 1473 1460 uehuntur,

180 1501 252 1555 out
278 1510 346 1554 cum
373 1492 498 1553 dicimus
526 1490 695 1553 ‘scribendi
722 1493 816 1570 grette
844 1493 938 1553 reni’.
982 1493 1007 1553 si
1035 1494 1113 1554 enim
1140 1492 1222 1555 dicas
1249 1492 1410 1557 ‘scribendi
1426 1490 1474 1553 liltri

218 1595 311 1674 gratia
334 1594 428 1665 veni’,
451 1594 501 1655 liet
522 1593 551 1655 id
574 1594 777 1673 participium,
800 1594 878 1674 quod
901 1593 1051 1656 absolutae
1072 1594 1247 1657 elocutionis
1269 1594 1324 1657 init
1342 1590 1474 1672 verlnnll

219 1698 289 1757 item
312 1697 338 1756 sl
360 1694 441 1756 dicas
463 1694 639 1757 ‘scribendo
661 1693 737 1756 libro
762 1693 858 1778 [snm]
881 1698 1019 1776 longatus
1040 1699 1132 1768 snm',
1155 1697 1264 1759 leceris
1285 1695 1409 1758 terbum.
1437 1691 1475 1756 sad

219 1816 286 1860 cum
310 1796 436 1859 neutrali
458 1806 509 1858 aut
530 1797 689 1878 deponenti
703 1797 795 1860 verbo
810 1797 888 1860 reiut
904 1821 923 1858 a
944 1797 1025 1860 nullo
1041 1797 1129 1860 modo
1150 1799 1182 1859 in
1203 1799 1387 1880 participium
1405 1804 1476 1858 trans

222 1902 343 1962 teratur.
374 1899 447 1959 ltaec
470 1917 542 1979 ergo
564 1899 638 1962 adeo
660 1900 697 1961 ad
720 1898 895 1962 elocutionis
909 1901 1033 1979 gratiam
1055 1900 1179 1980 tigruata
1201 1909 1285 1972 sunt,
1307 1906 1387 1963 utet
1403 1895 1476 1960 taliter

184 2013 208 2054 ιι
222 2003 280 2064 dict
302 2003 416 2082 possint
437 2001 618 2083 simpliciore
640 2019 793 2064 sermone:
816 2010 861 2063 est
875 2003 954 2067 enim
977 2001 1144 2063 ‘scribendi
1159 2004 1253 2081 gratia
1269 2004 1350 2064 reni’
1372 2008 1399 2062 et
1415 1997 1476 2059 ‘reti

220 2113 252 2166 nt
273 2104 420 2166 scribam'
443 2112 473 2165 et
494 2102 671 2166 ‘scribendo
693 2104 829 2184 fatigatus
851 2104 935 2166 sum’
955 2113 985 2165 et
1006 2106 1096 2166 ‘dum
1115 2106 1217 2167 scribo
1238 2105 1390 2181 satientur
1404 2104 1475 2167 Μ’.

221 2215 251 2268 et
272 2209 303 2267 in
326 2207 406 2267 hunc
427 2204 547 2266 modum
569 2204 693 2287 reliqua.
723 2205 779 2269 hos
800 2215 897 2268 autem
920 2207 1101 2285 significatus
1123 2204 1298 2269 elocutionis
1319 2206 1406 2267 notari
1423 2218 1477 2282 opus

225 2317 284 2377 eat:
308 2307 545 2378 declinationem,
569 2325 644 2387 qnae
667 2306 747 2368 nulla
769 2317 826 2379 est,
850 2317 995 2390 temptare
1017 2325 1077 2370 non
1100 2306 1230 2388 prodest.

307 2408 426 2470 Calesco
449 2411 640 2489 praeteritum
663 2427 722 2469 uon
745 2409 927 2482 incitcalui,
950 2410 1002 2471 sed
1025 2411 1105 2471 venit
1125 2429 1142 2471 a
1163 2409 1255 2470 caleo.
1285 2410 1383 2490 pitisso
1401 2401 1477 2466 neila

184 2528 210 2569 ao
225 2510 387 2591 principale
410 2528 469 2571 non
492 2511 602 2572 habent
623 2509 669 2571 vel
690 2512 846 2590 originem.
890 2528 966 2593 quae
988 2511 1078 2573 habet
1099 2512 1291 2591 praeteritum
1315 2517 1419 2590 tempus
1436 2520 1478 2566 uon

171 2623 176 2630 '
223 2622 268 2676 eat
290 2613 464 2675 inchoativa.
509 2614 648 2674 consuevi
671 2630 729 2672 nou
753 2612 892 2683 dicimus,
916 2613 967 2675 sed
991 2613 1173 2676 consuefeci:
1202 2612 1358 2674 Terentius

378 2734 416 2776 ea
441 2733 484 2775 ne
507 2734 561 2776 me
583 2712 678 2776 celet
701 2715 918 2777 consuefeci
940 2714 1074 2778 lilium.

307 2818 402 2879 Verba
425 2815 623 2898 inpersonalia
647 2835 791 2878 consensu
813 2819 943 2879 omnium
967 2816 1039 2879 duas
1060 2815 1171 2880 hebent
1191 2817 1319 2898 species:
1341 2823 1387 2877 aut
1406 2831 1421 2873 e
1437 2814 1481 2871 ett

224 2920 330 2982 litteris
351 2922 508 2989 finiuntur,
532 2927 565 2980 ut
586 2919 677 3000 pudet
699 2928 729 2980 et
750 2921 896 3000 poenitet,
919 2927 969 2981 ant
990 2939 1009 2981 u
1032 2928 1062 2981 et
1083 2938 1113 2990 r,
1135 2927 1168 2981 ut
1190 2926 1285 2980 statur
1308 2919 1414 2979 aeuitur
1432 2928 1479 2974 cur·

186 3026 308 3084 aeritur.
353 3020 537 3083 declinantur
564 3029 662 3083 autem
691 3039 723 3082 ea
752 3040 827 3102 quae
855 3039 871 3081 e
898 3027 928 3082 'et
956 3030 967 3083 t
993 3023 1135 3083 liniuntur
1163 3019 1207 3082 vel
1236 3038 1304 3081 cum
1327 3018 1415 3081 dativo
1433 3028 1483 3075 cun

226 3126 410 3206 pronominis
432 3124 478 3185 vel
500 3143 568 3186 cnm
591 3124 771 3194 accusativo,
796 3131 827 3185 ut
849 3122 921 3185 libet
942 3124 1028 3195 mihi,
1051 3125 1182 3205 poenitet
1203 3141 1267 3193 me;
1290 3130 1320 3183 et
1341 3123 1369 3181 in
1389 3119 1429 3179 liis
1446 3131 1483 3175 nu·

225 3246 338 3288 merum
354 3225 424 3287 solis
445 3223 671 3306 pronominibus
693 3224 896 3295 discernimus,
919 3226 1113 3303 adiungentes
1128 3225 1277 3302 singulare
1300 3221 1415 3284 verbum
1434 3234 1484 3298 por

225 3330 298 3391 nitet
325 3348 373 3390 me
401 3336 430 3389 te
457 3326 540 3390 illum
569 3336 599 3389 et
626 3324 780 3408 pluraliter
809 3344 863 3388 nos
885 3346 935 3389 ros
963 3326 1037 3388 illus.
1082 3327 1164 3388 cuius
1185 3325 1268 3387 verbi
1291 3324 1486 3387 declinationem

224 3433 254 3492 in
276 3429 466 3510 sequentibus
489 3438 671 3491 annotamus

187 3545 213 3588 so
311 3533 448 3593 Omnium
478 3539 574 3593 autem
603 3530 760 3593 verborum
790 3532 814 3591 si
843 3532 1060 3609 pronuntiative
1087 3528 1175 3591 modo
1203 3532 1354 3611 praesenti
1381 3537 1488 3608 tenpore

226 3653 350 3695 numeru
373 3632 516 3713 singulari
539 3635 665 3713 primam
688 3650 845 3712 personam
869 3631 1090 3694 consideremus
1113 3631 1158 3713 [iu
1182 3631 1295 3714 tinito],
1318 3631 1416 3693 iinales
1434 3627 1490 3688 tte

225 3757 276 3797 rae
300 3740 427 3817 quinque
449 3743 532 3806 sunt,
561 3756 579 3796 o
602 3736 700 3795 rim
723 3742 748 3804 t,
777 3744 809 3794 ut
830 3742 876 3795 est
902 3731 967 3812 lego
990 3734 1072 3812 legor
1093 3733 1142 3795 odi
1164 3752 1285 3814 possum
1309 3732 1405 3814 pudet
1436 3742 1491 3805 ergo

227 3840 273 3900 his
295 3839 400 3899 litteris
422 3841 551 3917 quinque
573 3837 672 3897 omnia
694 3833 782 3897 rerba
805 3838 954 3915 praesenti
983 3837 1188 3897 terminantur.
1233 3833 1358 3897 verbum
1379 3853 1396 3894 o
1416 3831 1491 3893 iners

299 4111 311 4161 l
330 4111 453 4176 septimus
469 4109 559 4158 modus
576 4116 615 4158 est
631 4109 675 4171 qui
693 4109 862 4174 inpersonnlis
879 4108 1036 4176 appellatur,
1062 4109 1128 4158 reiut
1146 4107 1274 4158 scribendi
1293 4107 1424 4158 scribendo
1445 4115 1490 4153 ent·

228 4179 357 4231 Boleoi.
372 4176 492 4242 ipset,
510 4177 544 4231 36
595 4179 751 4244 iscriptnm
771 4177 876 4247 scriptu]
892 4177 1073 4243 script...L
1125 4191 1190 4239 quee
1209 4177 1272 4227 siL
1320 4170 1492 4230 semaei

256 4255 259 4263 '
288 4247 410 4315 iollam]
432 4246 542 4298 illamL
595 4250 729 4306 olnam,
748 4246 1060 4314 mirificentissima
1074 4247 1492 4312 seremodmeaepleripertkffl

228 4322 297 4372 enim
316 4328 419 4370 vocetur
432 4317 474 4369 vel
493 4319 593 4367 omnino
607 4319 699 4368 modus
714 4319 870 4384 appelletur,
891 4333 949 4368 cnm
968 4331 1017 4367 aon
1038 4317 1113 4368 modo
1131 4330 1241 4382 persona
1264 4326 1357 4381 eareat,
1375 4315 1418 4366 sed
1433 4312 1492 4364 etit!

230 4392 300 4442 omui
317 4388 504 4456 significatione
522 4396 635 4453 tempore
655 4402 759 4439 numero
863 4390 880 4438 ti
903 4388 1029 4438 inlinitum
1052 4395 1202 4453 perpetuum
1221 4399 1249 4437 nt
1272 4387 1389 4438 dieamus
1408 4385 1427 4436 L

228 4462 245 4513 8
263 4459 404 4511 rediculnm
423 4458 446 4507 L
532 4458 678 4522 lipraeiert
698 4465 723 4506 et
742 4469 780 4507 eet
798 4458 916 4525 participi
935 4457 1027 4508 similis
1046 4457 1087 4508 L:
1103 4456 1217 4519 sortmse
1234 4458 1335 4521 similis,
1354 4458 1376 4507 si
1391 4470 1420 4505 ex
1434 4449 1492 4501 serit

230 4532 333 4598 passivo
348 4536 392 4578 aut
407 4528 534 4578 communi
552 4528 660 4578 trahitur
731 4526 763 4578 13
779 4528 894 4591 fortusse
913 4529 960 4579 aed
979 4542 1038 4577 cnm
1058 4541 1073 4576 n
1091 4529 1199 4577 neutrali
1224 4539 1270 4578 ant
1288 4526 1418 4594 deponenti
1433 4519 1492 4572 vet·

230 4602 306 4665 veuit,
328 4599 396 4650 nullo
413 4597 488 4648 modo
507 4598 533 4646 in
551 4599 711 4663 participium
729 4597 890 4659 transfertur,
909 4600 960 4649 aiei
973 4599 1058 4662 potina
1074 4600 1191 4660 exempto
1212 4598 1284 4650 seror
1295 4598 1413 4649 amodo
1428 4599 1450 4644 et
1460 4589 1492 4638 dr

228 4676 340 4733 paneam
360 4668 517 4721 exciderunt.
541 4671 624 4732 ituqaoe
642 4669 755 4719 lacunam
772 4668 883 4719 indicaui
953 4667 984 4719 ln
1001 4675 1026 4717 et
1042 4667 1103 4717 dnm
1120 4667 1205 4717 scribo
1224 4667 1346 4736 fatigatus
1357 4676 1459 4716 anano·
1474 4656 1492 4707 1⁴

297 4742 332 4791 to
346 4739 509 4806 principalem
525 4737 550 4786 L
614 4735 1054 4804 atterentius]Auetpu.11,su
1122 4738 1158 4787 2²
1174 4737 1254 4787 caelet
1270 4739 1294 4787 L
1361 4733 1394 4785 23
1410 4729 1492 4797 spcoifl

230 4820 305 4859 eant
323 4819 333 4861 t
349 4809 439 4861 litteris
453 4809 478 4859 L
547 4809 581 4858 24
599 4816 626 4856 ut
644 4809 722 4872 pudet
739 4808 827 4874 (pedet
844 4807 866 4871 l)
885 4833 919 4844 -
935 4805 1055 4856 liniuntur
1071 4821 1118 4858 ota.
1139 4806 1173 4867 L,
1191 4807 1284 4858 acina
1351 4804 1384 4855 'L't
1398 4799 1492 4852 declino

231 4882 298 4928 turi
366 4879 397 4932 31
418 4876 652 4930 consederemnsL
