<?xml version="1.0" encoding="UTF-8"?>
<!DOCTYPE html PUBLIC "-//W3C//DTD XHTML 1.0 Transitional//EN"
    "http://www.w3.org/TR/xhtml1/DTD/xhtml1-transitional.dtd">
<html xmlns="http://www.w3.org/1999/xhtml" xml:lang="en" lang="en">
 <head>
  <title>
</title>
<meta http-equiv="Content-Type" content="text/html;charset=utf-8" />
  <meta name='ocr-system' content='tesseract 3.04.00' />
  <meta name='ocr-capabilities' content='ocr_page ocr_carea ocr_par ocr_line ocrx_word'/>
</head>
<body>
  <div class='ocr_page' id='page_1' title='image "./grammaticilatin05keilgoog/grammaticilatin05keilgoog_0306.png"; bbox 0 0 3314 5506; ppageno 0'>
   <div class='ocr_carea' id='block_1_1' title="bbox 479 391 1464 455">
    <p class='ocr_par' dir='ltr' id='par_1_1' title="bbox 479 391 1464 455">
     <span class='ocr_line' id='line_1_1' title="bbox 479 391 1464 455; baseline 0.001 -1"><span class='ocrx_word' id='word_1_1' title='bbox 479 393 527 454; x_wconf 87' lang='lat' dir='ltr'><strong>DE</strong></span> <span class='ocrx_word' id='word_1_2' title='bbox 546 392 697 454; x_wconf 86' lang='lat' dir='ltr'><strong>VL&#39;lllllS</strong></span> <span class='ocrx_word' id='word_1_3' title='bbox 721 391 899 454; x_wconf 64' lang='lat' dir='ltr'><strong>SYLlnlBlS</strong></span> <span class='ocrx_word' id='word_1_4' title='bbox 922 392 971 453; x_wconf 92' lang='lat' dir='ltr'><strong>Vll</strong></span> <span class='ocrx_word' id='word_1_5' title='bbox 991 391 1117 454; x_wconf 83' lang='lat' dir='ltr'>7-v111</span> <span class='ocrx_word' id='word_1_6' title='bbox 1137 393 1155 453; x_wconf 90' lang='lat'><strong>3</strong></span> <span class='ocrx_word' id='word_1_7' title='bbox 1402 394 1464 455; x_wconf 80' lang='lat'><strong>243</strong></span> 
     </span>
    </p>
   </div>
   <div class='ocr_carea' id='block_1_2' title="bbox 165 508 1464 659">
    <p class='ocr_par' dir='ltr' id='par_1_2' title="bbox 165 508 1464 659">
     <span class='ocr_line' id='line_1_2' title="bbox 215 508 1412 564; baseline -0.003 -14"><span class='ocrx_word' id='word_1_8' title='bbox 215 509 397 564; x_wconf 58' lang='lat' dir='ltr'><strong>pumen</strong></span> <span class='ocrx_word' id='word_1_9' title='bbox 1267 508 1412 561; x_wconf 60' lang='lat' dir='ltr'><strong>nmmo</strong></span> 
     </span>
     <span class='ocr_line' id='line_1_3' title="bbox 165 578 1464 659; baseline -0.002 -17"><span class='ocrx_word' id='word_1_10' title='bbox 165 599 237 642; x_wconf 87' lang='lat' dir='ltr'><strong>sona</strong></span> <span class='ocrx_word' id='word_1_11' title='bbox 260 587 429 659; x_wconf 87' lang='lat' dir='ltr'><strong>postremas</strong></span> <span class='ocrx_word' id='word_1_12' title='bbox 450 578 555 640; x_wconf 85' lang='lat' dir='ltr'><strong>breves</strong></span> <span class='ocrx_word' id='word_1_13' title='bbox 577 578 680 649; x_wconf 89' lang='lat' dir='ltr'><strong>habet,</strong></span> <span class='ocrx_word' id='word_1_14' title='bbox 710 588 743 640; x_wconf 93' lang='lat' dir='ltr'><strong>nt</strong></span> <span class='ocrx_word' id='word_1_15' title='bbox 765 579 930 640; x_wconf 89' lang='lat' dir='ltr'><strong>amabimur</strong></span> <span class='ocrx_word' id='word_1_16' title='bbox 952 578 1155 648; x_wconf 73' lang='lat' dir='ltr'><strong>monentium,</strong></span> <span class='ocrx_word' id='word_1_17' title='bbox 1185 580 1313 641; x_wconf 87' lang='lat' dir='ltr'><strong>secunda</strong></span> <span class='ocrx_word' id='word_1_18' title='bbox 1336 597 1464 659; x_wconf 88' lang='lat' dir='ltr'><strong>persona</strong></span> 
     </span>
    </p>
   </div>
   <div class='ocr_carea' id='block_1_3' title="bbox 161 680 1504 4531">
    <p class='ocr_par' dir='ltr' id='par_1_3' title="bbox 161 680 1504 4531">
     <span class='ocr_line' id='line_1_4' title="bbox 166 680 1463 759; baseline -0.003 -15"><span class='ocrx_word' id='word_1_19' title='bbox 166 682 287 744; x_wconf 83' lang='lat' dir='ltr'><strong>brevem</strong></span> <span class='ocrx_word' id='word_1_20' title='bbox 310 688 341 743; x_wconf 88' lang='lat' dir='ltr'><strong>et</strong></span> <span class='ocrx_word' id='word_1_21' title='bbox 354 680 483 758; x_wconf 82' lang='lat' dir='ltr'><strong>longam,</strong></span> <span class='ocrx_word' id='word_1_22' title='bbox 504 683 590 742; x_wconf 90' lang='lat' dir='ltr'><strong>tertia</strong></span> <span class='ocrx_word' id='word_1_23' title='bbox 611 699 738 759; x_wconf 89' lang='lat' dir='ltr'><strong>persona</strong></span> <span class='ocrx_word' id='word_1_24' title='bbox 754 680 886 743; x_wconf 88' lang='lat' dir='ltr'><strong>ultimam</strong></span> <span class='ocrx_word' id='word_1_25' title='bbox 906 680 1026 742; x_wconf 77' lang='lat' dir='ltr'><strong>breuem</strong></span> <span class='ocrx_word' id='word_1_26' title='bbox 1049 682 1162 759; x_wconf 81' lang='lat' dir='ltr'><strong>recipit.</strong></span> <span class='ocrx_word' id='word_1_27' title='bbox 1194 683 1278 742; x_wconf 85' lang='lat' dir='ltr'><strong>tertia</strong></span> <span class='ocrx_word' id='word_1_28' title='bbox 1296 682 1463 758; x_wconf 85' lang='lat' dir='ltr'><strong>coniugatio</strong></span> 
     </span>
     <span class='ocr_line' id='line_1_5' title="bbox 166 781 1464 864; baseline -0.002 -19"><span class='ocrx_word' id='word_1_29' title='bbox 166 784 311 864; x_wconf 79' lang='lat' dir='ltr'><strong>producta</strong></span> <span class='ocrx_word' id='word_1_30' title='bbox 333 782 380 844; x_wconf 86' lang='lat' dir='ltr'><strong>rel</strong></span> <span class='ocrx_word' id='word_1_31' title='bbox 402 790 537 861; x_wconf 86' lang='lat' dir='ltr'><strong>eorrepta</strong></span> <span class='ocrx_word' id='word_1_32' title='bbox 565 782 696 844; x_wconf 89' lang='lat' dir='ltr'><strong>eiusdem</strong></span> <span class='ocrx_word' id='word_1_33' title='bbox 724 784 867 862; x_wconf 86' lang='lat' dir='ltr'><strong>temporis</strong></span> <span class='ocrx_word' id='word_1_34' title='bbox 895 781 986 843; x_wconf 82' lang='lat' dir='ltr'><strong>futuri</strong></span> <span class='ocrx_word' id='word_1_35' title='bbox 1015 784 1140 862; x_wconf 83' lang='lat' dir='ltr'><strong>primam</strong></span> <span class='ocrx_word' id='word_1_36' title='bbox 1163 801 1319 862; x_wconf 81' lang='lat' dir='ltr'>personam</span> <span class='ocrx_word' id='word_1_37' title='bbox 1348 782 1464 844; x_wconf 87' lang='lat' dir='ltr'><strong>duabus</strong></span> 
     </span>
     <span class='ocr_line' id='line_1_6' title="bbox 167 883 1464 966; baseline -0.002 -19"><span class='ocrx_word' id='word_1_38' title='bbox 167 888 328 966; x_wconf 72' lang='lat' dir='ltr'>postremis</span> <span class='ocrx_word' id='word_1_39' title='bbox 345 883 485 947; x_wconf 80' lang='lat' dir='ltr'><strong>brevibus</strong></span> <span class='ocrx_word' id='word_1_40' title='bbox 506 883 642 963; x_wconf 78' lang='lat' dir='ltr'><strong>explicat,</strong></span> <span class='ocrx_word' id='word_1_41' title='bbox 664 891 697 944; x_wconf 91' lang='lat' dir='ltr'><strong>ut</strong></span> <span class='ocrx_word' id='word_1_42' title='bbox 718 885 833 945; x_wconf 90' lang='lat' dir='ltr'><strong>nutriar</strong></span> <span class='ocrx_word' id='word_1_43' title='bbox 854 885 962 962; x_wconf 89' lang='lat' dir='ltr'><strong>rapiar.</strong></span> <span class='ocrx_word' id='word_1_44' title='bbox 1006 885 1037 944; x_wconf 93' lang='lat' dir='ltr'><strong>in</strong></span> <span class='ocrx_word' id='word_1_45' title='bbox 1059 883 1223 964; x_wconf 82' lang='lat' dir='ltr'><strong>dissyllabis</strong></span> <span class='ocrx_word' id='word_1_46' title='bbox 1246 891 1344 946; x_wconf 90' lang='lat' dir='ltr'><strong>autem</strong></span> <span class='ocrx_word' id='word_1_47' title='bbox 1368 884 1464 945; x_wconf 85' lang='lat' dir='ltr'><strong>verbis</strong></span> 
     </span>
     <span class='ocr_line' id='line_1_7' title="bbox 166 984 1500 1066; baseline 0 -17"><span class='ocrx_word' id='word_1_48' title='bbox 166 987 315 1049; x_wconf 84' lang='lat' dir='ltr'><strong>interdum</strong></span> <span class='ocrx_word' id='word_1_49' title='bbox 340 984 519 1066; x_wconf 76' lang='lat' dir='ltr'>paenultima</span> <span class='ocrx_word' id='word_1_50' title='bbox 542 985 629 1064; x_wconf 86' lang='lat' dir='ltr'><strong>longa</strong></span> <span class='ocrx_word' id='word_1_51' title='bbox 652 993 681 1047; x_wconf 94' lang='lat' dir='ltr'><strong>et</strong></span> <span class='ocrx_word' id='word_1_52' title='bbox 700 993 850 1064; x_wconf 90' lang='lat' dir='ltr'><strong>postrema</strong></span> <span class='ocrx_word' id='word_1_53' title='bbox 880 985 979 1046; x_wconf 79' lang='lat' dir='ltr'><strong>breuis</strong></span> <span class='ocrx_word' id='word_1_54' title='bbox 1008 988 1077 1055; x_wconf 89' lang='lat' dir='ltr'><strong>erit,</strong></span> <span class='ocrx_word' id='word_1_55' title='bbox 1103 995 1136 1046; x_wconf 93' lang='lat' dir='ltr'><strong>ut</strong></span> <span class='ocrx_word' id='word_1_56' title='bbox 1162 988 1192 1047; x_wconf 93' lang='lat' dir='ltr'><strong>in</strong></span> <span class='ocrx_word' id='word_1_57' title='bbox 1214 987 1336 1047; x_wconf 89' lang='lat' dir='ltr'><strong>Horatio</strong></span> <span class='ocrx_word' id='word_1_58' title='bbox 1364 988 1460 1065; x_wconf 91' lang='lat' dir='ltr'><strong>primo</strong></span> <span class='ocrx_word' id='word_1_59' title='bbox 1488 1013 1500 1051; x_wconf 78' lang='lat' dir='ltr'><strong>s</strong></span> 
     </span>
     <span class='ocr_line' id='line_1_8' title="bbox 168 1085 1463 1167; baseline -0.002 -17"><span class='ocrx_word' id='word_1_60' title='bbox 168 1091 332 1150; x_wconf 77' lang='lat' dir='ltr'><strong>carminum</strong></span> <span class='ocrx_word' id='word_1_61' title='bbox 369 1086 570 1149; x_wconf 81' lang='lat' dir='ltr'><strong>‘scriberis</strong></span> <span class='ocrx_word' id='word_1_62' title='bbox 598 1087 709 1149; x_wconf 88' lang='lat' dir='ltr'><strong>Vario</strong></span> <span class='ocrx_word' id='word_1_63' title='bbox 736 1087 880 1147; x_wconf 82' lang='lat' dir='ltr'><strong>lortis&#39;.</strong></span> <span class='ocrx_word' id='word_1_64' title='bbox 925 1085 1032 1165; x_wconf 81' lang='lat' dir='ltr'><strong>plurali</strong></span> <span class='ocrx_word' id='word_1_65' title='bbox 1059 1104 1184 1149; x_wconf 92' lang='lat' dir='ltr'><strong>numero</strong></span> <span class='ocrx_word' id='word_1_66' title='bbox 1213 1089 1308 1165; x_wconf 90' lang='lat' dir='ltr'><strong>prima</strong></span> <span class='ocrx_word' id='word_1_67' title='bbox 1336 1107 1463 1167; x_wconf 92' lang='lat' dir='ltr'><strong>persona</strong></span> 
     </span>
     <span class='ocr_line' id='line_1_9' title="bbox 167 1187 1463 1269; baseline -0.001 -17"><span class='ocrx_word' id='word_1_68' title='bbox 167 1188 380 1269; x_wconf 78' lang='lat' dir='ltr'><strong>paenultimam</strong></span> <span class='ocrx_word' id='word_1_69' title='bbox 400 1188 518 1268; x_wconf 87' lang='lat' dir='ltr'><strong>longam</strong></span> <span class='ocrx_word' id='word_1_70' title='bbox 546 1196 575 1250; x_wconf 85' lang='lat' dir='ltr'><strong>et</strong></span> <span class='ocrx_word' id='word_1_71' title='bbox 601 1197 782 1268; x_wconf 81' lang='lat' dir='ltr'><strong>postremam</strong></span> <span class='ocrx_word' id='word_1_72' title='bbox 804 1188 924 1248; x_wconf 81' lang='lat' dir='ltr'><strong>brevem</strong></span> <span class='ocrx_word' id='word_1_73' title='bbox 950 1187 1055 1260; x_wconf 90' lang='lat' dir='ltr'><strong>habet,</strong></span> <span class='ocrx_word' id='word_1_74' title='bbox 1084 1197 1117 1250; x_wconf 94' lang='lat' dir='ltr'><strong>ut</strong></span> <span class='ocrx_word' id='word_1_75' title='bbox 1140 1189 1295 1251; x_wconf 91' lang='lat' dir='ltr'><strong>audiemur</strong></span> <span class='ocrx_word' id='word_1_76' title='bbox 1318 1198 1347 1251; x_wconf 89' lang='lat' dir='ltr'><strong>et</strong></span> <span class='ocrx_word' id='word_1_77' title='bbox 1368 1191 1463 1269; x_wconf 87' lang='lat' dir='ltr'><strong>rapie-</strong></span> 
     </span>
     <span class='ocr_line' id='line_1_10' title="bbox 168 1288 1463 1370; baseline 0 -18"><span class='ocrx_word' id='word_1_78' title='bbox 168 1310 248 1352; x_wconf 87' lang='lat' dir='ltr'><strong>mur:</strong></span> <span class='ocrx_word' id='word_1_79' title='bbox 289 1292 421 1352; x_wconf 85' lang='lat' dir='ltr'><strong>secunda</strong></span> <span class='ocrx_word' id='word_1_80' title='bbox 443 1309 570 1370; x_wconf 89' lang='lat' dir='ltr'><strong>persona</strong></span> <span class='ocrx_word' id='word_1_81' title='bbox 599 1290 714 1350; x_wconf 89' lang='lat' dir='ltr'><strong>tertiam</strong></span> <span class='ocrx_word' id='word_1_82' title='bbox 742 1288 779 1349; x_wconf 92' lang='lat' dir='ltr'><strong>ab</strong></span> <span class='ocrx_word' id='word_1_83' title='bbox 801 1289 902 1351; x_wconf 89' lang='lat' dir='ltr'><strong>ultima</strong></span> <span class='ocrx_word' id='word_1_84' title='bbox 932 1290 1065 1368; x_wconf 89' lang='lat' dir='ltr'><strong>longam,</strong></span> <span class='ocrx_word' id='word_1_85' title='bbox 1095 1291 1304 1370; x_wconf 81' lang='lat' dir='ltr'><strong>paenultimam</strong></span> <span class='ocrx_word' id='word_1_86' title='bbox 1332 1291 1463 1361; x_wconf 82' lang='lat' dir='ltr'><strong>brevem,</strong></span> 
     </span>
     <span class='ocr_line' id='line_1_11' title="bbox 167 1390 1465 1473; baseline 0.001 -20"><span class='ocrx_word' id='word_1_87' title='bbox 167 1402 348 1472; x_wconf 74' lang='lat' dir='ltr'><strong>postremam</strong></span> <span class='ocrx_word' id='word_1_88' title='bbox 370 1391 488 1473; x_wconf 87' lang='lat' dir='ltr'><strong>longam</strong></span> <span class='ocrx_word' id='word_1_89' title='bbox 510 1390 611 1460; x_wconf 85' lang='lat' dir='ltr'><strong>habet,</strong></span> <span class='ocrx_word' id='word_1_90' title='bbox 641 1399 673 1452; x_wconf 89' lang='lat' dir='ltr'><strong>ut</strong></span> <span class='ocrx_word' id='word_1_91' title='bbox 694 1391 851 1453; x_wconf 89' lang='lat' dir='ltr'><strong>audiemini</strong></span> <span class='ocrx_word' id='word_1_92' title='bbox 875 1399 904 1452; x_wconf 91' lang='lat' dir='ltr'><strong>et</strong></span> <span class='ocrx_word' id='word_1_93' title='bbox 925 1393 1097 1470; x_wconf 81' lang='lat' dir='ltr'><strong>rapiamini:</strong></span> <span class='ocrx_word' id='word_1_94' title='bbox 1142 1395 1226 1454; x_wconf 88' lang='lat' dir='ltr'><strong>tertia</strong></span> <span class='ocrx_word' id='word_1_95' title='bbox 1249 1411 1376 1472; x_wconf 90' lang='lat' dir='ltr'><strong>persona</strong></span> <span class='ocrx_word' id='word_1_96' title='bbox 1400 1393 1465 1454; x_wconf 90' lang='lat' dir='ltr'><strong>ulti-</strong></span> 
     </span>
     <span class='ocr_line' id='line_1_12' title="bbox 167 1492 1504 1572; baseline -0.005 -16"><span class='ocrx_word' id='word_1_97' title='bbox 167 1513 243 1556; x_wconf 80' lang='lat' dir='ltr'><strong>mam</strong></span> <span class='ocrx_word' id='word_1_98' title='bbox 266 1494 390 1556; x_wconf 83' lang='lat' dir='ltr'><strong>brevem</strong></span> <span class='ocrx_word' id='word_1_99' title='bbox 412 1492 510 1563; x_wconf 86' lang='lat' dir='ltr'><strong>babet,</strong></span> <span class='ocrx_word' id='word_1_100' title='bbox 534 1502 567 1553; x_wconf 93' lang='lat' dir='ltr'><strong>ut</strong></span> <span class='ocrx_word' id='word_1_101' title='bbox 586 1493 742 1554; x_wconf 85' lang='lat' dir='ltr'><strong>audientur</strong></span> <span class='ocrx_word' id='word_1_102' title='bbox 764 1493 925 1572; x_wconf 90' lang='lat' dir='ltr'><strong>rapientur.</strong></span> <span class='ocrx_word' id='word_1_103' title='bbox 1479 1522 1504 1561; x_wconf 73' lang='lat'><strong>10</strong></span> 
     </span>
     <span class='ocr_line' id='line_1_13' title="bbox 251 1594 1464 1676; baseline 0.002 -19"><span class='ocrx_word' id='word_1_104' title='bbox 251 1597 449 1676; x_wconf 84' lang='lat' dir='ltr'><strong>lmperatirus</strong></span> <span class='ocrx_word' id='word_1_105' title='bbox 474 1594 579 1654; x_wconf 91' lang='lat' dir='ltr'><strong>modus</strong></span> <span class='ocrx_word' id='word_1_106' title='bbox 609 1601 743 1672; x_wconf 88' lang='lat' dir='ltr'><strong>ternpore</strong></span> <span class='ocrx_word' id='word_1_107' title='bbox 772 1597 921 1673; x_wconf 86' lang='lat' dir='ltr'><strong>praesenti</strong></span> <span class='ocrx_word' id='word_1_108' title='bbox 951 1612 1076 1657; x_wconf 90' lang='lat' dir='ltr'><strong>numero</strong></span> <span class='ocrx_word' id='word_1_109' title='bbox 1102 1595 1243 1674; x_wconf 82' lang='lat' dir='ltr'><strong>singulari</strong></span> <span class='ocrx_word' id='word_1_110' title='bbox 1269 1613 1395 1675; x_wconf 89' lang='lat' dir='ltr'><strong>persona</strong></span> <span class='ocrx_word' id='word_1_111' title='bbox 1419 1617 1464 1659; x_wconf 89' lang='lat' dir='ltr'><strong>se-</strong></span> 
     </span>
     <span class='ocr_line' id='line_1_14' title="bbox 168 1695 1464 1776; baseline -0.001 -16"><span class='ocrx_word' id='word_1_112' title='bbox 168 1698 261 1760; x_wconf 85' lang='lat' dir='ltr'><strong>cunda</strong></span> <span class='ocrx_word' id='word_1_113' title='bbox 286 1697 333 1759; x_wconf 85' lang='lat' dir='ltr'><strong>vel</strong></span> <span class='ocrx_word' id='word_1_114' title='bbox 352 1699 438 1758; x_wconf 87' lang='lat' dir='ltr'><strong>tertia</strong></span> <span class='ocrx_word' id='word_1_115' title='bbox 459 1697 488 1756; x_wconf 91' lang='lat' dir='ltr'><strong>in</strong></span> <span class='ocrx_word' id='word_1_116' title='bbox 511 1696 768 1775; x_wconf 84' lang='lat' dir='ltr'><strong>coniugationibus</strong></span> <span class='ocrx_word' id='word_1_117' title='bbox 784 1697 940 1775; x_wconf 73' lang='lat' dir='ltr'><strong>&#39;productis</strong></span> <span class='ocrx_word' id='word_1_118' title='bbox 968 1696 1177 1776; x_wconf 89' lang='lat' dir='ltr'><strong>paenultimam</strong></span> <span class='ocrx_word' id='word_1_119' title='bbox 1200 1695 1318 1776; x_wconf 89' lang='lat' dir='ltr'><strong>longam</strong></span> <span class='ocrx_word' id='word_1_120' title='bbox 1348 1706 1377 1759; x_wconf 91' lang='lat' dir='ltr'><strong>et</strong></span> <span class='ocrx_word' id='word_1_121' title='bbox 1398 1698 1464 1759; x_wconf 93' lang='lat' dir='ltr'><strong>ulti-</strong></span> 
     </span>
     <span class='ocr_line' id='line_1_15' title="bbox 168 1796 1464 1869; baseline -0.002 -6"><span class='ocrx_word' id='word_1_122' title='bbox 168 1818 242 1863; x_wconf 78' lang='lat' dir='ltr'><strong>nam</strong></span> <span class='ocrx_word' id='word_1_123' title='bbox 265 1799 389 1863; x_wconf 83' lang='lat' dir='ltr'><strong>brevem</strong></span> <span class='ocrx_word' id='word_1_124' title='bbox 411 1796 510 1868; x_wconf 85' lang='lat' dir='ltr'><strong>habet,</strong></span> <span class='ocrx_word' id='word_1_125' title='bbox 536 1806 568 1858; x_wconf 91' lang='lat' dir='ltr'><strong>nt</strong></span> <span class='ocrx_word' id='word_1_126' title='bbox 590 1816 690 1861; x_wconf 90' lang='lat' dir='ltr'><strong>amare</strong></span> <span class='ocrx_word' id='word_1_127' title='bbox 712 1806 843 1869; x_wconf 91' lang='lat' dir='ltr'><strong>ametur,</strong></span> <span class='ocrx_word' id='word_1_128' title='bbox 867 1817 988 1860; x_wconf 88' lang='lat' dir='ltr'><strong>monere</strong></span> <span class='ocrx_word' id='word_1_129' title='bbox 1007 1807 1171 1868; x_wconf 89' lang='lat' dir='ltr'><strong>moneatur,</strong></span> <span class='ocrx_word' id='word_1_130' title='bbox 1196 1799 1298 1861; x_wconf 89' lang='lat' dir='ltr'><strong>audire</strong></span> <span class='ocrx_word' id='word_1_131' title='bbox 1320 1800 1464 1862; x_wconf 86' lang='lat' dir='ltr'><strong>audiatur.</strong></span> 
     </span>
     <span class='ocr_line' id='line_1_16' title="bbox 168 1899 1464 1983; baseline -0.001 -19"><span class='ocrx_word' id='word_1_132' title='bbox 168 1902 305 1964; x_wconf 70' lang='lat' dir='ltr'><strong>intenia</strong></span> <span class='ocrx_word' id='word_1_133' title='bbox 328 1909 425 1963; x_wconf 88' lang='lat' dir='ltr'><strong>autem</strong></span> <span class='ocrx_word' id='word_1_134' title='bbox 453 1903 658 1978; x_wconf 87' lang='lat' dir='ltr'><strong>coniugatione</strong></span> <span class='ocrx_word' id='word_1_135' title='bbox 681 1909 819 1980; x_wconf 84' lang='lat' dir='ltr'><strong>correpta</strong></span> <span class='ocrx_word' id='word_1_136' title='bbox 849 1900 979 1962; x_wconf 88' lang='lat' dir='ltr'><strong>secunda</strong></span> <span class='ocrx_word' id='word_1_137' title='bbox 1002 1919 1130 1980; x_wconf 87' lang='lat' dir='ltr'><strong>persona</strong></span> <span class='ocrx_word' id='word_1_138' title='bbox 1149 1899 1155 1983; x_wconf 85' lang='grc' dir='ltr'>Ι</span> <span class='ocrx_word' id='word_1_139' title='bbox 1175 1908 1321 1979; x_wconf 89' lang='lat' dir='ltr'><strong>utraeque</strong></span> <span class='ocrx_word' id='word_1_140' title='bbox 1348 1910 1464 1981; x_wconf 90' lang='lat' dir='ltr'><strong>postre-</strong></span> 
     </span>
     <span class='ocr_line' id='line_1_17' title="bbox 170 2001 1504 2083; baseline 0.001 -16"><span class='ocrx_word' id='word_1_141' title='bbox 170 2021 232 2067; x_wconf 75' lang='lat' dir='ltr'><strong>mo</strong></span> <span class='ocrx_word' id='word_1_142' title='bbox 252 2003 364 2066; x_wconf 84' lang='lat' dir='ltr'><strong>breves</strong></span> <span class='ocrx_word' id='word_1_143' title='bbox 385 2009 467 2073; x_wconf 88' lang='lat' dir='ltr'><strong>suut,</strong></span> <span class='ocrx_word' id='word_1_144' title='bbox 487 2009 521 2062; x_wconf 93' lang='lat' dir='ltr'><strong>ut</strong></span> <span class='ocrx_word' id='word_1_145' title='bbox 539 2001 671 2064; x_wconf 88' lang='lat' dir='ltr'><strong>seribere</strong></span> <span class='ocrx_word' id='word_1_146' title='bbox 691 2001 806 2080; x_wconf 90' lang='lat' dir='ltr'><strong>legere:</strong></span> <span class='ocrx_word' id='word_1_147' title='bbox 833 2005 864 2062; x_wconf 89' lang='lat' dir='ltr'><strong>in</strong></span> <span class='ocrx_word' id='word_1_148' title='bbox 883 2003 968 2064; x_wconf 90' lang='lat' dir='ltr'><strong>tertia</strong></span> <span class='ocrx_word' id='word_1_149' title='bbox 987 2020 1113 2081; x_wconf 89' lang='lat' dir='ltr'><strong>persona</strong></span> <span class='ocrx_word' id='word_1_150' title='bbox 1135 2002 1310 2080; x_wconf 87' lang='lat' dir='ltr'><strong>paenultima</strong></span> <span class='ocrx_word' id='word_1_151' title='bbox 1331 2003 1416 2083; x_wconf 87' lang='lat' dir='ltr'><strong>longa</strong></span> <span class='ocrx_word' id='word_1_152' title='bbox 1437 2013 1465 2065; x_wconf 95' lang='lat' dir='ltr'><strong>et</strong></span> <span class='ocrx_word' id='word_1_153' title='bbox 1480 2031 1504 2069; x_wconf 79' lang='lat' dir='ltr'><strong>u</strong></span> 
     </span>
     <span class='ocr_line' id='line_1_18' title="bbox 168 2102 1464 2184; baseline 0 -17"><span class='ocrx_word' id='word_1_154' title='bbox 168 2114 316 2182; x_wconf 84' lang='lat' dir='ltr'><strong>postrema</strong></span> <span class='ocrx_word' id='word_1_155' title='bbox 341 2103 439 2167; x_wconf 82' lang='lat' dir='ltr'><strong>brevis</strong></span> <span class='ocrx_word' id='word_1_156' title='bbox 461 2112 521 2174; x_wconf 87' lang='lat' dir='ltr'><strong>est,</strong></span> <span class='ocrx_word' id='word_1_157' title='bbox 549 2112 582 2165; x_wconf 90' lang='lat' dir='ltr'><strong>ut</strong></span> <span class='ocrx_word' id='word_1_158' title='bbox 603 2103 726 2184; x_wconf 86' lang='lat' dir='ltr'><strong>legatur.</strong></span> <span class='ocrx_word' id='word_1_159' title='bbox 771 2102 876 2181; x_wconf 90' lang='lat' dir='ltr'><strong>plurali</strong></span> <span class='ocrx_word' id='word_1_160' title='bbox 906 2122 1031 2165; x_wconf 89' lang='lat' dir='ltr'><strong>numero</strong></span> <span class='ocrx_word' id='word_1_161' title='bbox 1058 2122 1185 2183; x_wconf 87' lang='lat' dir='ltr'><strong>persona</strong></span> <span class='ocrx_word' id='word_1_162' title='bbox 1209 2106 1305 2184; x_wconf 88' lang='lat' dir='ltr'><strong>prima</strong></span> <span class='ocrx_word' id='word_1_163' title='bbox 1333 2107 1464 2167; x_wconf 91' lang='lat' dir='ltr'><strong>omnium</strong></span> 
     </span>
     <span class='ocr_line' id='line_1_19' title="bbox 170 2204 1464 2289; baseline -0.003 -16"><span class='ocrx_word' id='word_1_164' title='bbox 170 2207 408 2286; x_wconf 76' lang='lat' dir='ltr'><strong>ouiuganouum</strong></span> <span class='ocrx_word' id='word_1_165' title='bbox 422 2204 436 2289; x_wconf 86' lang='grc' dir='ltr'><strong>ΙΙ</strong></span> <span class='ocrx_word' id='word_1_166' title='bbox 451 2204 661 2285; x_wconf 86' lang='lat' dir='ltr'><strong>paenultimam</strong></span> <span class='ocrx_word' id='word_1_167' title='bbox 682 2205 800 2284; x_wconf 88' lang='lat' dir='ltr'><strong>longam</strong></span> <span class='ocrx_word' id='word_1_168' title='bbox 824 2213 852 2267; x_wconf 93' lang='lat' dir='ltr'><strong>et</strong></span> <span class='ocrx_word' id='word_1_169' title='bbox 870 2205 1001 2267; x_wconf 89' lang='lat' dir='ltr'><strong>ultimam</strong></span> <span class='ocrx_word' id='word_1_170' title='bbox 1024 2206 1145 2268; x_wconf 83' lang='lat' dir='ltr'><strong>brevem</strong></span> <span class='ocrx_word' id='word_1_171' title='bbox 1161 2205 1258 2275; x_wconf 85' lang='lat' dir='ltr'><strong>habet,</strong></span> <span class='ocrx_word' id='word_1_172' title='bbox 1282 2215 1315 2267; x_wconf 88' lang='lat' dir='ltr'><strong>ut</strong></span> <span class='ocrx_word' id='word_1_173' title='bbox 1330 2225 1464 2269; x_wconf 90' lang='lat' dir='ltr'><strong>amemur</strong></span> 
     </span>
     <span class='ocr_line' id='line_1_20' title="bbox 169 2306 1462 2389; baseline 0.001 -19"><span class='ocrx_word' id='word_1_174' title='bbox 169 2325 343 2371; x_wconf 78' lang='lat' dir='ltr'><strong>moneamur</strong></span> <span class='ocrx_word' id='word_1_175' title='bbox 364 2308 518 2369; x_wconf 87' lang='lat' dir='ltr'><strong>audiamur</strong></span> <span class='ocrx_word' id='word_1_176' title='bbox 535 2306 716 2368; x_wconf 83' lang='lat' dir='ltr'><strong>scribamur:</strong></span> <span class='ocrx_word' id='word_1_177' title='bbox 739 2325 867 2386; x_wconf 90' lang='lat' dir='ltr'><strong>persona</strong></span> <span class='ocrx_word' id='word_1_178' title='bbox 883 2308 1011 2369; x_wconf 85' lang='lat' dir='ltr'><strong>secunda</strong></span> <span class='ocrx_word' id='word_1_179' title='bbox 1031 2311 1147 2370; x_wconf 88' lang='lat' dir='ltr'><strong>tertiam</strong></span> <span class='ocrx_word' id='word_1_180' title='bbox 1165 2307 1201 2370; x_wconf 88' lang='lat' dir='ltr'><strong>ab</strong></span> <span class='ocrx_word' id='word_1_181' title='bbox 1217 2307 1319 2369; x_wconf 87' lang='lat' dir='ltr'><strong>ultima</strong></span> <span class='ocrx_word' id='word_1_182' title='bbox 1334 2308 1462 2389; x_wconf 88' lang='lat' dir='ltr'><strong>longam,</strong></span> 
     </span>
     <span class='ocr_line' id='line_1_21' title="bbox 167 2408 1463 2496; baseline 0 -24"><span class='ocrx_word' id='word_1_183' title='bbox 167 2410 377 2487; x_wconf 78' lang='lat' dir='ltr'><strong>paenultimam</strong></span> <span class='ocrx_word' id='word_1_184' title='bbox 392 2408 511 2472; x_wconf 84' lang='lat' dir='ltr'><strong>brevem</strong></span> <span class='ocrx_word' id='word_1_185' title='bbox 535 2416 565 2470; x_wconf 90' lang='lat' dir='ltr'><strong>et</strong></span> <span class='ocrx_word' id='word_1_186' title='bbox 581 2416 762 2496; x_wconf 81' lang='lat' dir='ltr'><strong>postremam</strong></span> <span class='ocrx_word' id='word_1_187' title='bbox 779 2408 896 2489; x_wconf 88' lang='lat' dir='ltr'><strong>longam</strong></span> <span class='ocrx_word' id='word_1_188' title='bbox 912 2409 1016 2471; x_wconf 87' lang='lat' dir='ltr'><strong>habet:</strong></span> <span class='ocrx_word' id='word_1_189' title='bbox 1036 2413 1121 2472; x_wconf 89' lang='lat' dir='ltr'><strong>tertia</strong></span> <span class='ocrx_word' id='word_1_190' title='bbox 1140 2428 1267 2489; x_wconf 92' lang='lat' dir='ltr'><strong>persona</strong></span> <span class='ocrx_word' id='word_1_191' title='bbox 1283 2417 1463 2490; x_wconf 87' lang='lat' dir='ltr'><strong>postremam</strong></span> 
     </span>
     <span class='ocr_line' id='line_1_22' title="bbox 165 2509 1504 2593; baseline 0.005 -22"><span class='ocrx_word' id='word_1_192' title='bbox 165 2512 308 2593; x_wconf 78' lang='lat' dir='ltr'><strong>syllabam</strong></span> <span class='ocrx_word' id='word_1_193' title='bbox 329 2529 448 2591; x_wconf 90' lang='lat' dir='ltr'><strong>semper</strong></span> <span class='ocrx_word' id='word_1_194' title='bbox 468 2509 588 2573; x_wconf 86' lang='lat' dir='ltr'><strong>brevem</strong></span> <span class='ocrx_word' id='word_1_195' title='bbox 616 2512 729 2590; x_wconf 86' lang='lat' dir='ltr'><strong>recipit.</strong></span> <span class='ocrx_word' id='word_1_196' title='bbox 776 2518 909 2590; x_wconf 89' lang='lat' dir='ltr'><strong>tempore</strong></span> <span class='ocrx_word' id='word_1_197' title='bbox 934 2512 1034 2573; x_wconf 79' lang='lat' dir='ltr'><strong>futuro</strong></span> <span class='ocrx_word' id='word_1_198' title='bbox 1061 2513 1090 2572; x_wconf 91' lang='lat' dir='ltr'><strong>in</strong></span> <span class='ocrx_word' id='word_1_199' title='bbox 1114 2511 1253 2572; x_wconf 87' lang='lat' dir='ltr'><strong>omnibus</strong></span> <span class='ocrx_word' id='word_1_200' title='bbox 1281 2515 1460 2592; x_wconf 90' lang='lat' dir='ltr'><strong>coniugatio·</strong></span> <span class='ocrx_word' id='word_1_201' title='bbox 1476 2539 1504 2579; x_wconf 82' lang='lat' dir='ltr'><strong>no</strong></span> 
     </span>
     <span class='ocr_line' id='line_1_23' title="bbox 163 2611 1463 2696; baseline 0.003 -23"><span class='ocrx_word' id='word_1_202' title='bbox 163 2614 252 2677; x_wconf 76' lang='lat' dir='ltr'><strong>nibus</strong></span> <span class='ocrx_word' id='word_1_203' title='bbox 275 2613 428 2694; x_wconf 86' lang='lat' dir='ltr'><strong>productis</strong></span> <span class='ocrx_word' id='word_1_204' title='bbox 449 2613 579 2674; x_wconf 79' lang='lat' dir='ltr'><strong>secunda</strong></span> <span class='ocrx_word' id='word_1_205' title='bbox 600 2611 645 2673; x_wconf 86' lang='lat' dir='ltr'><strong>rel</strong></span> <span class='ocrx_word' id='word_1_206' title='bbox 667 2613 752 2675; x_wconf 86' lang='lat' dir='ltr'><strong>tertia</strong></span> <span class='ocrx_word' id='word_1_207' title='bbox 776 2630 903 2693; x_wconf 91' lang='lat' dir='ltr'><strong>persona</strong></span> <span class='ocrx_word' id='word_1_208' title='bbox 926 2613 1083 2692; x_wconf 91' lang='lat' dir='ltr'><strong>singularis</strong></span> <span class='ocrx_word' id='word_1_209' title='bbox 1112 2613 1322 2693; x_wconf 88' lang='lat' dir='ltr'><strong>paenultimam</strong></span> <span class='ocrx_word' id='word_1_210' title='bbox 1347 2615 1463 2696; x_wconf 88' lang='lat' dir='ltr'><strong>longam</strong></span> 
     </span>
     <span class='ocr_line' id='line_1_24' title="bbox 161 2713 1464 2792; baseline 0.002 -16"><span class='ocrx_word' id='word_1_211' title='bbox 161 2713 277 2778; x_wconf 77' lang='lat' dir='ltr'><strong>babent</strong></span> <span class='ocrx_word' id='word_1_212' title='bbox 309 2723 339 2777; x_wconf 90' lang='lat' dir='ltr'><strong>et</strong></span> <span class='ocrx_word' id='word_1_213' title='bbox 367 2714 500 2776; x_wconf 88' lang='lat' dir='ltr'><strong>ultimam</strong></span> <span class='ocrx_word' id='word_1_214' title='bbox 532 2714 667 2784; x_wconf 85' lang='lat' dir='ltr'><strong>brevem,</strong></span> <span class='ocrx_word' id='word_1_215' title='bbox 705 2721 737 2775; x_wconf 89' lang='lat' dir='ltr'><strong>ut</strong></span> <span class='ocrx_word' id='word_1_216' title='bbox 771 2714 1072 2792; x_wconf 78' lang='lat' dir='ltr'><strong>‘contemplator</strong></span> <span class='ocrx_word' id='word_1_217' title='bbox 1105 2717 1194 2776; x_wconf 89' lang='lat' dir='ltr'><strong>item</strong></span> <span class='ocrx_word' id='word_1_218' title='bbox 1226 2722 1334 2778; x_wconf 90' lang='lat' dir='ltr'><strong>cnm&#39;.</strong></span> <span class='ocrx_word' id='word_1_219' title='bbox 1380 2721 1464 2779; x_wconf 87' lang='lat' dir='ltr'><strong>tertia</strong></span> 
     </span>
     <span class='ocr_line' id='line_1_25' title="bbox 161 2814 1465 2897; baseline 0.002 -19"><span class='ocrx_word' id='word_1_220' title='bbox 161 2824 264 2879; x_wconf 74' lang='lat' dir='ltr'><strong>autem</strong></span> <span class='ocrx_word' id='word_1_221' title='bbox 284 2818 454 2896; x_wconf 78' lang='lat' dir='ltr'><strong>coniugatio</strong></span> <span class='ocrx_word' id='word_1_222' title='bbox 476 2823 613 2895; x_wconf 78' lang='lat' dir='ltr'><strong>correpta</strong></span> <span class='ocrx_word' id='word_1_223' title='bbox 636 2814 845 2894; x_wconf 90' lang='lat' dir='ltr'><strong>paenultimam</strong></span> <span class='ocrx_word' id='word_1_224' title='bbox 865 2815 1006 2896; x_wconf 83' lang='lat' dir='ltr'><strong>syllabam</strong></span> <span class='ocrx_word' id='word_1_225' title='bbox 1028 2814 1148 2878; x_wconf 81' lang='lat' dir='ltr'><strong>brevem</strong></span> <span class='ocrx_word' id='word_1_226' title='bbox 1173 2815 1278 2888; x_wconf 88' lang='lat' dir='ltr'><strong>habet,</strong></span> <span class='ocrx_word' id='word_1_227' title='bbox 1305 2827 1337 2879; x_wconf 92' lang='lat' dir='ltr'><strong>ut</strong></span> <span class='ocrx_word' id='word_1_228' title='bbox 1359 2818 1465 2897; x_wconf 86' lang='lat' dir='ltr'><strong>legitor</strong></span> 
     </span>
     <span class='ocr_line' id='line_1_26' title="bbox 161 2917 1463 2999; baseline 0.002 -19"><span class='ocrx_word' id='word_1_229' title='bbox 161 2919 318 2981; x_wconf 77' lang='lat' dir='ltr'><strong>scribitor.</strong></span> <span class='ocrx_word' id='word_1_230' title='bbox 348 2917 470 2998; x_wconf 90' lang='lat' dir='ltr'><strong>pluralis</strong></span> <span class='ocrx_word' id='word_1_231' title='bbox 492 2936 635 2980; x_wconf 89' lang='lat' dir='ltr'><strong>numeros</strong></span> <span class='ocrx_word' id='word_1_232' title='bbox 657 2936 783 2998; x_wconf 91' lang='lat' dir='ltr'><strong>persona</strong></span> <span class='ocrx_word' id='word_1_233' title='bbox 805 2918 935 2980; x_wconf 86' lang='lat' dir='ltr'><strong>secunda</strong></span> <span class='ocrx_word' id='word_1_234' title='bbox 960 2920 1159 2997; x_wconf 86' lang='lat' dir='ltr'><strong>coniugationi</strong></span> <span class='ocrx_word' id='word_1_235' title='bbox 1181 2921 1284 2981; x_wconf 88' lang='lat' dir='ltr'><strong>tertiae</strong></span> <span class='ocrx_word' id='word_1_236' title='bbox 1308 2930 1463 2999; x_wconf 81' lang='lat' dir='ltr'><strong>correptae</strong></span> 
     </span>
     <span class='ocr_line' id='line_1_27' title="bbox 161 3023 1502 3101; baseline 0.002 -18"><span class='ocrx_word' id='word_1_237' title='bbox 161 3023 308 3101; x_wconf 69' lang='lat' dir='ltr'><strong>conpone</strong></span> <span class='ocrx_word' id='word_1_238' title='bbox 1476 3049 1502 3088; x_wconf 82' lang='lat' dir='ltr'><strong>as</strong></span> 
     </span>
     <span class='ocr_line' id='line_1_28' title="bbox 253 3123 1464 3203; baseline 0 -19"><span class='ocrx_word' id='word_1_239' title='bbox 253 3124 388 3203; x_wconf 78' lang='lat' dir='ltr'><strong>(iptatiro</strong></span> <span class='ocrx_word' id='word_1_240' title='bbox 409 3123 497 3184; x_wconf 93' lang='lat' dir='ltr'><strong>modo</strong></span> <span class='ocrx_word' id='word_1_241' title='bbox 531 3131 666 3201; x_wconf 92' lang='lat' dir='ltr'><strong>tempore</strong></span> <span class='ocrx_word' id='word_1_242' title='bbox 697 3123 848 3202; x_wconf 89' lang='lat' dir='ltr'><strong>praesenti</strong></span> <span class='ocrx_word' id='word_1_243' title='bbox 878 3130 908 3183; x_wconf 90' lang='lat' dir='ltr'><strong>et</strong></span> <span class='ocrx_word' id='word_1_244' title='bbox 939 3123 1100 3200; x_wconf 86' lang='lat' dir='ltr'><strong>praeterito</strong></span> <span class='ocrx_word' id='word_1_245' title='bbox 1133 3125 1308 3203; x_wconf 80' lang='lat' dir='ltr'><strong>imperfecto</strong></span> <span class='ocrx_word' id='word_1_246' title='bbox 1339 3142 1464 3186; x_wconf 89' lang='lat' dir='ltr'><strong>numero</strong></span> 
     </span>
     <span class='ocr_line' id='line_1_29' title="bbox 164 3223 1462 3304; baseline 0 -17"><span class='ocrx_word' id='word_1_247' title='bbox 164 3224 308 3302; x_wconf 62' lang='lat' dir='ltr'><strong>desolari</strong></span> <span class='ocrx_word' id='word_1_248' title='bbox 329 3243 474 3304; x_wconf 81' lang='lat' dir='ltr'><strong>personae</strong></span> <span class='ocrx_word' id='word_1_249' title='bbox 496 3241 600 3285; x_wconf 88' lang='lat' dir='ltr'><strong>omnes</strong></span> <span class='ocrx_word' id='word_1_250' title='bbox 624 3225 654 3283; x_wconf 93' lang='lat' dir='ltr'><strong>in</strong></span> <span class='ocrx_word' id='word_1_251' title='bbox 676 3224 772 3286; x_wconf 88' lang='lat' dir='ltr'><strong>tribus</strong></span> <span class='ocrx_word' id='word_1_252' title='bbox 795 3223 1052 3300; x_wconf 87' lang='lat' dir='ltr'><strong>coniugationibus</strong></span> <span class='ocrx_word' id='word_1_253' title='bbox 1074 3225 1226 3304; x_wconf 87' lang='lat' dir='ltr'><strong>productis</strong></span> <span class='ocrx_word' id='word_1_254' title='bbox 1254 3225 1462 3304; x_wconf 87' lang='lat' dir='ltr'><strong>paenultimam</strong></span> 
     </span>
     <span class='ocr_line' id='line_1_30' title="bbox 166 3325 1464 3406; baseline 0.002 -21"><span class='ocrx_word' id='word_1_255' title='bbox 166 3325 285 3402; x_wconf 81' lang='lat' dir='ltr'><strong>longam</strong></span> <span class='ocrx_word' id='word_1_256' title='bbox 307 3328 464 3406; x_wconf 84' lang='lat' dir='ltr'><strong>recipiunt,</strong></span> <span class='ocrx_word' id='word_1_257' title='bbox 487 3335 521 3388; x_wconf 90' lang='lat' dir='ltr'><strong>ut</strong></span> <span class='ocrx_word' id='word_1_258' title='bbox 541 3328 652 3388; x_wconf 91' lang='lat' dir='ltr'><strong>utinam</strong></span> <span class='ocrx_word' id='word_1_259' title='bbox 675 3326 803 3386; x_wconf 89' lang='lat' dir='ltr'><strong>donarer</strong></span> <span class='ocrx_word' id='word_1_260' title='bbox 824 3343 965 3387; x_wconf 88' lang='lat' dir='ltr'><strong>monerer</strong></span> <span class='ocrx_word' id='word_1_261' title='bbox 986 3325 1121 3386; x_wconf 88' lang='lat' dir='ltr'><strong>audirer:</strong></span> <span class='ocrx_word' id='word_1_262' title='bbox 1150 3325 1282 3387; x_wconf 89' lang='lat' dir='ltr'><strong>similiter</strong></span> <span class='ocrx_word' id='word_1_263' title='bbox 1304 3328 1333 3387; x_wconf 92' lang='lat' dir='ltr'><strong>in</strong></span> <span class='ocrx_word' id='word_1_264' title='bbox 1351 3329 1464 3388; x_wconf 85' lang='lat' dir='ltr'><strong>-eeteris</strong></span> 
     </span>
     <span class='ocr_line' id='line_1_31' title="bbox 171 3425 1462 3508; baseline -0.001 -18"><span class='ocrx_word' id='word_1_265' title='bbox 171 3430 302 3501; x_wconf 69' lang='lat' dir='ltr'><strong>personis</strong></span> <span class='ocrx_word' id='word_1_266' title='bbox 336 3427 544 3506; x_wconf 85' lang='lat' dir='ltr'><strong>singrrlaribus.</strong></span> <span class='ocrx_word' id='word_1_267' title='bbox 588 3430 659 3490; x_wconf 91' lang='lat' dir='ltr'><strong>item</strong></span> <span class='ocrx_word' id='word_1_268' title='bbox 695 3425 818 3507; x_wconf 90' lang='lat' dir='ltr'><strong>pluralis</strong></span> <span class='ocrx_word' id='word_1_269' title='bbox 851 3429 948 3507; x_wconf 91' lang='lat' dir='ltr'><strong>prima</strong></span> <span class='ocrx_word' id='word_1_270' title='bbox 976 3444 1104 3506; x_wconf 91' lang='lat' dir='ltr'><strong>persona</strong></span> <span class='ocrx_word' id='word_1_271' title='bbox 1134 3427 1275 3506; x_wconf 80' lang='lat' dir='ltr'><strong>singulari</strong></span> <span class='ocrx_word' id='word_1_272' title='bbox 1307 3432 1462 3508; x_wconf 84' lang='lat' dir='ltr'><strong>congruit:</strong></span> 
     </span>
     <span class='ocr_line' id='line_1_32' title="bbox 175 3528 1499 3611; baseline 0.003 -20"><span class='ocrx_word' id='word_1_273' title='bbox 175 3530 297 3593; x_wconf 64' lang='lat' dir='ltr'><strong>sumta</strong></span> <span class='ocrx_word' id='word_1_274' title='bbox 317 3548 446 3611; x_wconf 86' lang='lat' dir='ltr'><strong>persona</strong></span> <span class='ocrx_word' id='word_1_275' title='bbox 466 3533 580 3593; x_wconf 90' lang='lat' dir='ltr'><strong>tertiam</strong></span> <span class='ocrx_word' id='word_1_276' title='bbox 603 3549 618 3592; x_wconf 91' lang='lat' dir='ltr'><strong>a</strong></span> <span class='ocrx_word' id='word_1_277' title='bbox 635 3532 693 3591; x_wconf 88' lang='lat' dir='ltr'><strong>tine</strong></span> <span class='ocrx_word' id='word_1_278' title='bbox 714 3529 831 3607; x_wconf 87' lang='lat' dir='ltr'><strong>longam</strong></span> <span class='ocrx_word' id='word_1_279' title='bbox 853 3528 951 3599; x_wconf 88' lang='lat' dir='ltr'><strong>habet,</strong></span> <span class='ocrx_word' id='word_1_280' title='bbox 974 3528 1183 3609; x_wconf 88' lang='lat' dir='ltr'><strong>paenultimam</strong></span> <span class='ocrx_word' id='word_1_281' title='bbox 1208 3528 1327 3591; x_wconf 81' lang='lat' dir='ltr'><strong>brevem</strong></span> <span class='ocrx_word' id='word_1_282' title='bbox 1351 3538 1380 3591; x_wconf 89' lang='lat' dir='ltr'><strong>et</strong></span> <span class='ocrx_word' id='word_1_283' title='bbox 1395 3530 1460 3592; x_wconf 91' lang='lat' dir='ltr'><strong>ulti·</strong></span> <span class='ocrx_word' id='word_1_284' title='bbox 1473 3557 1499 3596; x_wconf 83' lang='lat' dir='ltr'><strong>ao</strong></span> 
     </span>
     <span class='ocr_line' id='line_1_33' title="bbox 176 3625 1461 3713; baseline 0.002 -22"><span class='ocrx_word' id='word_1_285' title='bbox 176 3630 396 3713; x_wconf 70' lang='lat' dir='ltr'><strong>manrengum,</strong></span> <span class='ocrx_word' id='word_1_286' title='bbox 418 3640 450 3694; x_wconf 92' lang='lat' dir='ltr'><strong>ut</strong></span> <span class='ocrx_word' id='word_1_287' title='bbox 469 3634 580 3695; x_wconf 88' lang='lat' dir='ltr'><strong>utinam</strong></span> <span class='ocrx_word' id='word_1_288' title='bbox 601 3633 773 3693; x_wconf 89' lang='lat' dir='ltr'><strong>amaremini</strong></span> <span class='ocrx_word' id='word_1_289' title='bbox 791 3625 989 3693; x_wconf 82' lang='lat' dir='ltr'><strong>moderemini</strong></span> <span class='ocrx_word' id='word_1_290' title='bbox 1009 3632 1194 3694; x_wconf 87' lang='lat' dir='ltr'><strong>audiremini.</strong></span> <span class='ocrx_word' id='word_1_291' title='bbox 1239 3632 1341 3693; x_wconf 90' lang='lat' dir='ltr'><strong>ultima</strong></span> <span class='ocrx_word' id='word_1_292' title='bbox 1364 3640 1461 3694; x_wconf 89' lang='lat' dir='ltr'><strong>autem</strong></span> 
     </span>
     <span class='ocr_line' id='line_1_34' title="bbox 174 3721 1462 3816; baseline -0.002 -19"><span class='ocrx_word' id='word_1_293' title='bbox 174 3721 278 3797; x_wconf 64' lang='lat' dir='ltr'><strong>⁸illiba</strong></span> <span class='ocrx_word' id='word_1_294' title='bbox 304 3742 424 3816; x_wconf 87' lang='lat' dir='ltr'><strong>praeter</strong></span> <span class='ocrx_word' id='word_1_295' title='bbox 454 3735 615 3797; x_wconf 79' lang='lat' dir='ltr'><strong>secundam</strong></span> <span class='ocrx_word' id='word_1_296' title='bbox 648 3752 806 3814; x_wconf 89' lang='lat' dir='ltr'><strong>personam</strong></span> <span class='ocrx_word' id='word_1_297' title='bbox 836 3732 981 3812; x_wconf 86' lang='lat' dir='ltr'><strong>pluralem</strong></span> <span class='ocrx_word' id='word_1_298' title='bbox 1016 3732 1115 3794; x_wconf 85' lang='lat' dir='ltr'><strong>brevis</strong></span> <span class='ocrx_word' id='word_1_299' title='bbox 1146 3742 1200 3794; x_wconf 89' lang='lat' dir='ltr'><strong>est.</strong></span> <span class='ocrx_word' id='word_1_300' title='bbox 1220 3734 1223 3740; x_wconf 87' lang='lat'>&#39;</span> <span class='ocrx_word' id='word_1_301' title='bbox 1245 3735 1331 3796; x_wconf 90' lang='lat' dir='ltr'><strong>tertia</strong></span> <span class='ocrx_word' id='word_1_302' title='bbox 1364 3743 1462 3797; x_wconf 90' lang='lat' dir='ltr'><strong>autem</strong></span> 
     </span>
     <span class='ocr_line' id='line_1_35' title="bbox 174 3831 1461 3916; baseline 0 -17"><span class='ocrx_word' id='word_1_303' title='bbox 174 3831 334 3916; x_wconf 61' lang='lat' dir='ltr'><strong>⁶⁰¹litigatio</strong></span> <span class='ocrx_word' id='word_1_304' title='bbox 359 3845 496 3915; x_wconf 85' lang='lat' dir='ltr'><strong>correpta</strong></span> <span class='ocrx_word' id='word_1_305' title='bbox 516 3856 532 3898; x_wconf 93' lang='lat' dir='ltr'><strong>a</strong></span> <span class='ocrx_word' id='word_1_306' title='bbox 555 3835 761 3916; x_wconf 88' lang='lat' dir='ltr'><strong>superioribus</strong></span> <span class='ocrx_word' id='word_1_307' title='bbox 781 3833 869 3913; x_wconf 87' lang='lat' dir='ltr'><strong>longe</strong></span> <span class='ocrx_word' id='word_1_308' title='bbox 891 3835 1046 3913; x_wconf 81' lang='lat' dir='ltr'><strong>discrepat.</strong></span> <span class='ocrx_word' id='word_1_309' title='bbox 1093 3855 1162 3897; x_wconf 88' lang='lat' dir='ltr'><strong>narn</strong></span> <span class='ocrx_word' id='word_1_310' title='bbox 1190 3844 1224 3897; x_wconf 92' lang='lat' dir='ltr'><strong>ut</strong></span> <span class='ocrx_word' id='word_1_311' title='bbox 1245 3837 1312 3899; x_wconf 91' lang='lat' dir='ltr'><strong>illae</strong></span> <span class='ocrx_word' id='word_1_312' title='bbox 1335 3837 1461 3899; x_wconf 86' lang='lat' dir='ltr'><strong>litteram</strong></span> 
     </span>
     <span class='ocr_line' id='line_1_36' title="bbox 171 3933 1462 4019; baseline 0.005 -25"><span class='ocrx_word' id='word_1_313' title='bbox 171 3933 298 4001; x_wconf 65' lang='lat' dir='ltr'><strong>&#39;maten</strong></span> <span class='ocrx_word' id='word_1_314' title='bbox 320 3939 499 4019; x_wconf 87' lang='lat' dir='ltr'><strong>producunt,</strong></span> <span class='ocrx_word' id='word_1_315' title='bbox 521 3957 597 4018; x_wconf 90' lang='lat' dir='ltr'><strong>quae</strong></span> <span class='ocrx_word' id='word_1_316' title='bbox 616 3946 660 4000; x_wconf 87' lang='lat' dir='ltr'><strong>est</strong></span> <span class='ocrx_word' id='word_1_317' title='bbox 676 3938 763 3999; x_wconf 82' lang='lat' dir='ltr'><strong>index</strong></span> <span class='ocrx_word' id='word_1_318' title='bbox 781 3938 1004 4015; x_wconf 84' lang='lat' dir='ltr'><strong>coniugationis‚</strong></span> <span class='ocrx_word' id='word_1_319' title='bbox 1025 3938 1063 3998; x_wconf 88' lang='lat' dir='ltr'><strong>ita</strong></span> <span class='ocrx_word' id='word_1_320' title='bbox 1087 3945 1117 3998; x_wconf 94' lang='lat' dir='ltr'><strong>et</strong></span> <span class='ocrx_word' id='word_1_321' title='bbox 1137 3939 1191 3999; x_wconf 90' lang='lat' dir='ltr'><strong>ista</strong></span> <span class='ocrx_word' id='word_1_322' title='bbox 1214 3942 1345 4018; x_wconf 89' lang='lat' dir='ltr'><strong>corripit,</strong></span> <span class='ocrx_word' id='word_1_323' title='bbox 1368 3942 1462 4018; x_wconf 91' lang='lat' dir='ltr'><strong>prima</strong></span> 
     </span>
     <span class='ocr_line' id='line_1_37' title="bbox 168 4020 1500 4120; baseline 0.002 -20"><span class='ocrx_word' id='word_1_324' title='bbox 168 4020 269 4100; x_wconf 62' lang='lat' dir='ltr'><strong>¹³¹*ten</strong></span> <span class='ocrx_word' id='word_1_325' title='bbox 292 4059 419 4120; x_wconf 89' lang='lat' dir='ltr'><strong>persona</strong></span> <span class='ocrx_word' id='word_1_326' title='bbox 447 4039 605 4118; x_wconf 79' lang='lat' dir='ltr'><strong>singulari,</strong></span> <span class='ocrx_word' id='word_1_327' title='bbox 632 4046 665 4100; x_wconf 91' lang='lat' dir='ltr'><strong>ut</strong></span> <span class='ocrx_word' id='word_1_328' title='bbox 692 4041 804 4099; x_wconf 90' lang='lat' dir='ltr'><strong>utinam</strong></span> <span class='ocrx_word' id='word_1_329' title='bbox 833 4040 998 4110; x_wconf 86' lang='lat' dir='ltr'><strong>seriberer,</strong></span> <span class='ocrx_word' id='word_1_330' title='bbox 1029 4041 1141 4101; x_wconf 88' lang='lat' dir='ltr'><strong>utinam</strong></span> <span class='ocrx_word' id='word_1_331' title='bbox 1168 4039 1298 4119; x_wconf 69' lang='lat' dir='ltr'><strong>legerem</strong></span> <span class='ocrx_word' id='word_1_332' title='bbox 1333 4041 1500 4103; x_wconf 75' lang='lat' dir='ltr'><strong>secundam</strong></span> 
     </span>
     <span class='ocr_line' id='line_1_38' title="bbox 164 4131 1462 4223; baseline -0.002 -21"><span class='ocrx_word' id='word_1_333' title='bbox 164 4131 269 4202; x_wconf 58' lang='lat' dir='ltr'><strong>‘llere</strong></span> <span class='ocrx_word' id='word_1_334' title='bbox 294 4161 420 4223; x_wconf 87' lang='lat' dir='ltr'><strong>persona</strong></span> <span class='ocrx_word' id='word_1_335' title='bbox 445 4141 489 4203; x_wconf 85' lang='lat' dir='ltr'><strong>rel</strong></span> <span class='ocrx_word' id='word_1_336' title='bbox 518 4144 603 4203; x_wconf 91' lang='lat' dir='ltr'><strong>tertia</strong></span> <span class='ocrx_word' id='word_1_337' title='bbox 630 4139 787 4218; x_wconf 87' lang='lat' dir='ltr'><strong>singularis</strong></span> <span class='ocrx_word' id='word_1_338' title='bbox 810 4139 1020 4219; x_wconf 87' lang='lat' dir='ltr'><strong>paenultimam</strong></span> <span class='ocrx_word' id='word_1_339' title='bbox 1049 4139 1191 4222; x_wconf 78' lang='lat' dir='ltr'><strong>syllabam</strong></span> <span class='ocrx_word' id='word_1_340' title='bbox 1217 4142 1401 4220; x_wconf 80' lang='lat' dir='ltr'><strong>producunt,</strong></span> <span class='ocrx_word' id='word_1_341' title='bbox 1429 4148 1462 4202; x_wconf 90' lang='lat' dir='ltr'><strong>ut</strong></span> 
     </span>
     <span class='ocr_line' id='line_1_39' title="bbox 162 4224 1460 4327; baseline -0.001 -21"><span class='ocrx_word' id='word_1_342' title='bbox 162 4224 281 4306; x_wconf 56' lang='lat' dir='ltr'><strong>“hom</strong></span> <span class='ocrx_word' id='word_1_343' title='bbox 300 4246 449 4327; x_wconf 83' lang='lat' dir='ltr'><strong>rapereris</strong></span> <span class='ocrx_word' id='word_1_344' title='bbox 470 4251 635 4324; x_wconf 91' lang='lat' dir='ltr'><strong>raperetur.</strong></span> <span class='ocrx_word' id='word_1_345' title='bbox 669 4259 810 4303; x_wconf 89' lang='lat' dir='ltr'><strong>numerus</strong></span> <span class='ocrx_word' id='word_1_346' title='bbox 832 4242 953 4322; x_wconf 87' lang='lat' dir='ltr'><strong>pluralis</strong></span> <span class='ocrx_word' id='word_1_347' title='bbox 975 4243 1181 4323; x_wconf 90' lang='lat' dir='ltr'><strong>superioribus</strong></span> <span class='ocrx_word' id='word_1_348' title='bbox 1205 4244 1460 4322; x_wconf 88' lang='lat' dir='ltr'><strong>coniugationibus</strong></span> 
     </span>
     <span class='ocr_line' id='line_1_40' title="bbox 161 4332 1460 4426; baseline -0.001 -18"><span class='ocrx_word' id='word_1_349' title='bbox 161 4332 325 4418; x_wconf 66' lang='lat' dir='ltr'><strong>nonSentit,</strong></span> <span class='ocrx_word' id='word_1_350' title='bbox 356 4350 470 4411; x_wconf 91' lang='lat' dir='ltr'><strong>utinam</strong></span> <span class='ocrx_word' id='word_1_351' title='bbox 501 4346 713 4408; x_wconf 82' lang='lat' dir='ltr'><strong>scriberemur.</strong></span> <span class='ocrx_word' id='word_1_352' title='bbox 757 4346 948 4423; x_wconf 89' lang='lat' dir='ltr'><strong>praeteritum</strong></span> <span class='ocrx_word' id='word_1_353' title='bbox 976 4345 1142 4422; x_wconf 81' lang='lat' dir='ltr'><strong>perfeetum</strong></span> <span class='ocrx_word' id='word_1_354' title='bbox 1175 4353 1204 4408; x_wconf 91' lang='lat' dir='ltr'><strong>et</strong></span> <span class='ocrx_word' id='word_1_355' title='bbox 1233 4343 1460 4426; x_wconf 88' lang='lat' dir='ltr'><strong>plusquamper-</strong></span> 
     </span>
     <span class='ocr_line' id='line_1_41' title="bbox 161 4412 1459 4531; baseline 0 -25"><span class='ocrx_word' id='word_1_356' title='bbox 161 4412 280 4508; x_wconf 59' lang='lat' dir='ltr'><strong>l⁰⁰lum</strong></span> <span class='ocrx_word' id='word_1_357' title='bbox 308 4458 426 4531; x_wconf 89' lang='lat' dir='ltr'><strong>tempus</strong></span> <span class='ocrx_word' id='word_1_358' title='bbox 457 4450 536 4509; x_wconf 92' lang='lat' dir='ltr'><strong>modi</strong></span> <span class='ocrx_word' id='word_1_359' title='bbox 566 4446 777 4528; x_wconf 86' lang='lat' dir='ltr'><strong>pronuntiativi</strong></span> <span class='ocrx_word' id='word_1_360' title='bbox 810 4445 925 4507; x_wconf 88' lang='lat' dir='ltr'><strong>duobus</strong></span> <span class='ocrx_word' id='word_1_361' title='bbox 957 4446 1142 4527; x_wconf 89' lang='lat' dir='ltr'><strong>temporibus</strong></span> <span class='ocrx_word' id='word_1_362' title='bbox 1174 4451 1319 4526; x_wconf 79' lang='lat' dir='ltr'><strong>congruit.</strong></span> <span class='ocrx_word' id='word_1_363' title='bbox 1364 4449 1459 4527; x_wconf 88' lang='lat' dir='ltr'><strong>prima</strong></span> 
     </span>
    </p>
   </div>
   <div class='ocr_carea' id='block_1_4' title="bbox 161 4655 1461 4939">
    <p class='ocr_par' dir='ltr' id='par_1_4' title="bbox 161 4655 1461 4882">
     <span class='ocr_line' id='line_1_42' title="bbox 209 4655 1460 4728; baseline -0.004 -16"><span class='ocrx_word' id='word_1_364' title='bbox 209 4714 218 4725; x_wconf 64' lang='grc'><em>,</em></span> <span class='ocrx_word' id='word_1_365' title='bbox 242 4656 350 4728; x_wconf 71' lang='lat' dir='ltr'><strong>aprino</strong></span> <span class='ocrx_word' id='word_1_366' title='bbox 364 4658 515 4728; x_wconf 76' lang='lat' dir='ltr'><strong>carminum]</strong></span> <span class='ocrx_word' id='word_1_367' title='bbox 536 4662 562 4724; x_wconf 87' lang='lat'><strong>6,</strong></span> <span class='ocrx_word' id='word_1_368' title='bbox 583 4661 595 4711; x_wconf 93' lang='lat' dir='ltr'><strong>l</strong></span> <span class='ocrx_word' id='word_1_369' title='bbox 681 4663 715 4710; x_wconf 74' lang='lat'><strong>22</strong></span> <span class='ocrx_word' id='word_1_370' title='bbox 735 4655 928 4724; x_wconf 81' lang='lat' dir='ltr'><strong>contemplator]</strong></span> <span class='ocrx_word' id='word_1_371' title='bbox 952 4661 1031 4722; x_wconf 77' lang='lat' dir='ltr'><strong>Verp.</strong></span> <span class='ocrx_word' id='word_1_372' title='bbox 1047 4674 1137 4724; x_wconf 79' lang='lat' dir='ltr'><strong>peorp.</strong></span> <span class='ocrx_word' id='word_1_373' title='bbox 1159 4661 1235 4712; x_wconf 82' lang='lat'>1187</span> <span class='ocrx_word' id='word_1_374' title='bbox 1319 4661 1353 4709; x_wconf 75' lang='lat'><strong>24</strong></span> <span class='ocrx_word' id='word_1_375' title='bbox 1372 4660 1460 4708; x_wconf 89' lang='lat' dir='ltr'><strong>eoniu-</strong></span> 
     </span>
     <span class='ocr_line' id='line_1_43' title="bbox 161 4707 1459 4799; baseline -0.003 -19"><span class='ocrx_word' id='word_1_376' title='bbox 161 4707 275 4799; x_wconf 62' lang='lat' dir='ltr'><strong>m{One</strong></span> <span class='ocrx_word' id='word_1_377' title='bbox 288 4737 360 4784; x_wconf 85' lang='lat' dir='ltr'><strong>tertia</strong></span> <span class='ocrx_word' id='word_1_378' title='bbox 374 4734 409 4786; x_wconf 82' lang='lat' dir='ltr'><strong>B.</strong></span> <span class='ocrx_word' id='word_1_379' title='bbox 436 4735 487 4783; x_wconf 80' lang='lat' dir='ltr'><strong>nisi</strong></span> <span class='ocrx_word' id='word_1_380' title='bbox 504 4733 650 4782; x_wconf 77' lang='lat' dir='ltr'><strong>accuratius</strong></span> <span class='ocrx_word' id='word_1_381' title='bbox 666 4735 722 4782; x_wconf 77' lang='lat' dir='ltr'><strong>otoo</strong></span> <span class='ocrx_word' id='word_1_382' title='bbox 736 4730 769 4778; x_wconf 87' lang='lat' dir='ltr'><strong>de</strong></span> <span class='ocrx_word' id='word_1_383' title='bbox 786 4744 902 4778; x_wconf 81' lang='lat' dir='ltr'><strong>mensuro</strong></span> <span class='ocrx_word' id='word_1_384' title='bbox 917 4732 1027 4791; x_wconf 81' lang='lat' dir='ltr'><strong>pluralis</strong></span> <span class='ocrx_word' id='word_1_385' title='bbox 1048 4732 1144 4779; x_wconf 83' lang='lat' dir='ltr'><strong>numeri</strong></span> <span class='ocrx_word' id='word_1_386' title='bbox 1157 4731 1300 4793; x_wconf 80' lang='lat' dir='ltr'><strong>insperatiui</strong></span> <span class='ocrx_word' id='word_1_387' title='bbox 1313 4730 1397 4792; x_wconf 79' lang='lat' dir='ltr'><strong>futuri</strong></span> <span class='ocrx_word' id='word_1_388' title='bbox 1412 4745 1459 4777; x_wconf 75' lang='lat' dir='ltr'><strong>ex·</strong></span> 
     </span>
     <span class='ocr_line' id='line_1_44' title="bbox 161 4777 1461 4882; baseline -0.002 -33"><span class='ocrx_word' id='word_1_389' title='bbox 161 4777 276 4882; x_wconf 45' lang='lat' dir='ltr'><strong>„mmm</strong></span> <span class='ocrx_word' id='word_1_390' title='bbox 294 4813 361 4865; x_wconf 65' lang='lat' dir='ltr'><strong>mat,</strong></span> <span class='ocrx_word' id='word_1_391' title='bbox 385 4803 433 4855; x_wconf 80' lang='lat' dir='ltr'><strong>doe</strong></span> <span class='ocrx_word' id='word_1_392' title='bbox 450 4804 537 4853; x_wconf 79' lang='lat' dir='ltr'><strong>dicere</strong></span> <span class='ocrx_word' id='word_1_393' title='bbox 558 4802 657 4853; x_wconf 70' lang='lat' dir='ltr'><strong>vitietur</strong></span> <span class='ocrx_word' id='word_1_394' title='bbox 671 4800 855 4865; x_wconf 79' lang='lat' dir='ltr'><strong>grammaticus,</strong></span> <span class='ocrx_word' id='word_1_395' title='bbox 873 4799 985 4848; x_wconf 83' lang='lat' dir='ltr'><strong>serundo</strong></span> <span class='ocrx_word' id='word_1_396' title='bbox 999 4813 1113 4861; x_wconf 83' lang='lat' dir='ltr'><strong>persona</strong></span> <span class='ocrx_word' id='word_1_397' title='bbox 1128 4803 1302 4863; x_wconf 79' lang='lat' dir='ltr'><strong>paenultimam</strong></span> <span class='ocrx_word' id='word_1_398' title='bbox 1317 4814 1366 4847; x_wconf 85' lang='lat' dir='ltr'><strong>non</strong></span> <span class='ocrx_word' id='word_1_399' title='bbox 1382 4802 1461 4848; x_wconf 72' lang='lat' dir='ltr'><strong>adnare</strong></span> 
     </span>
    </p>

    <p class='ocr_par' dir='ltr' id='par_1_5' title="bbox 196 4863 1126 4939">
     <span class='ocr_line' id='line_1_45' title="bbox 196 4863 1126 4939; baseline 0.002 -20"><span class='ocrx_word' id='word_1_400' title='bbox 196 4863 336 4925; x_wconf 67' lang='lat' dir='ltr'><strong>Proteum</strong></span> <span class='ocrx_word' id='word_1_401' title='bbox 352 4873 567 4939; x_wconf 78' lang='lat' dir='ltr'><strong>coniugationibus</strong></span> <span class='ocrx_word' id='word_1_402' title='bbox 583 4888 655 4936; x_wconf 83' lang='lat' dir='ltr'><strong>qumn</strong></span> <span class='ocrx_word' id='word_1_403' title='bbox 673 4874 697 4920; x_wconf 89' lang='lat' dir='ltr'><strong>in</strong></span> <span class='ocrx_word' id='word_1_404' title='bbox 717 4872 793 4918; x_wconf 83' lang='lat' dir='ltr'><strong>tertio</strong></span> <span class='ocrx_word' id='word_1_405' title='bbox 810 4875 929 4930; x_wconf 82' lang='lat' dir='ltr'><strong>correpta</strong></span> <span class='ocrx_word' id='word_1_406' title='bbox 947 4869 1043 4918; x_wconf 78' lang='lat' dir='ltr'><strong>breuem</strong></span> <span class='ocrx_word' id='word_1_407' title='bbox 1062 4886 1126 4922; x_wconf 74' lang='lat' dir='ltr'><strong>esse,</strong></span> 
     </span>
    </p>
   </div>
   <div class='ocr_carea' id='block_1_5' title="bbox 1194 4955 1256 5016">
    <p class='ocr_par' dir='ltr' id='par_1_6' title="bbox 1194 4955 1256 5016">
     <span class='ocr_line' id='line_1_46' title="bbox 1194 4955 1256 5016; baseline 0 0"><span class='ocrx_word' id='word_1_408' title='bbox 1194 4955 1256 5016; x_wconf 80' lang='lat'><strong>16·</strong></span> 
     </span>
    </p>
   </div>
   <div class='ocr_carea' id='block_1_6' title="bbox 0 0 1662 5506">
    <p class='ocr_par' dir='ltr' id='par_1_7' title="bbox 0 0 1662 5506">
     <span class='ocr_line' id='line_1_47' title="bbox 0 0 1662 5506; baseline 0 1"><span class='ocrx_word' id='word_1_409' title='bbox 0 0 1662 5506; x_wconf 95' lang='lat' dir='ltr'><strong> </strong></span> 
     </span>
    </p>
   </div>
  </div>
 </body>
</html>
