3314 5506
640 388 848 452 carnotina
871 389 909 452 fif
929 390 1011 452 3-6
1429 393 1469 455 35

225 520 247 561 ρ.
260 506 319 550 taor.
329 507 357 549 aa
371 507 396 548 r.
1265 520 1287 561 p.
1304 506 1383 550 inae
1394 507 1418 550 c.

179 586 298 657 quartae
318 579 545 656 coniugationis,
568 581 668 656 specie
688 577 818 656 perfecta
837 578 944 639 facient
966 579 992 638 vi
1012 577 1055 638 ref
1074 580 1102 646 ii.
1127 587 1160 640 ut
1181 580 1248 639 ineo
1269 581 1325 639 inie
1342 581 1410 642 iniri
1426 578 1469 642 rel

179 681 241 747 iuii;
263 682 290 741 si
311 697 373 740 non
394 681 546 744 venerint.
570 681 717 741 secundae
740 689 827 740 erunt
845 681 1058 758 coniugationis
1081 683 1132 741 uui
1159 681 1295 742 facientia
1320 683 1350 742 iu
1370 684 1470 760 specie

178 783 322 860 perfecta,
350 799 460 843 moneo
483 800 585 843 mones
607 783 717 842 monui.
763 789 869 842 oante
890 800 926 841 eo
949 780 1085 842 habentia
1111 783 1216 843 tertiae
1239 782 1416 861 productae,
1439 782 1469 845 to

178 891 219 944 eat
237 890 364 962 quartae
382 891 452 943 suut
474 885 687 962 coniugationis
706 885 731 943 vi
750 880 794 943 vei
816 885 837 943 ii
858 884 990 944 facientia
1013 885 1043 943 in
1062 887 1160 963 specie
1181 886 1320 963 perfecta,
1344 892 1376 945 ut
1397 902 1470 945 coeo

177 986 236 1045 coia
256 986 335 1045 coiri
354 984 401 1046 rel
423 986 489 1046 coii.
524 1003 558 1064 p:
583 985 661 1046 banc
681 983 807 1045 litteram
829 992 897 1045 ante
919 1003 955 1046 eo
977 984 1099 1046 verbum
1123 985 1236 1048 babens
1258 1003 1317 1047 non
1339 986 1468 1064 repperi.
1495 1013 1509 1052 a

178 1105 211 1165 q:
234 1086 316 1147 banc
337 1104 458 1165 quoque
477 1085 603 1147 litteram
627 1094 694 1147 ante
717 1103 753 1147 eo
781 1103 927 1164 nusquam
950 1089 1078 1165 repperi.
1123 1106 1154 1148 r:
1177 1087 1251 1149 baec
1278 1087 1375 1149 fittera
1403 1095 1471 1149 ante

178 1206 212 1248 eo
228 1189 328 1266 posita
350 1188 498 1250 secundae
518 1190 731 1266 coniugationis
753 1189 829 1264 regit
844 1188 943 1254 verba,
956 1190 1014 1248 rui
1036 1189 1146 1250 faciunt
1167 1191 1196 1250 in
1214 1192 1313 1267 specie
1328 1190 1468 1269 perfecta,

178 1307 265 1350 careo
288 1308 375 1351 caree
395 1291 494 1359 carui;
524 1293 626 1353 tertiae
648 1290 807 1369 productae
835 1291 861 1349 vi
890 1289 931 1350 vei
960 1276 994 1358 ii.
1025 1298 1059 1351 ut
1085 1308 1175 1369 pereo
1201 1293 1282 1370 peria
1310 1292 1401 1369 periri
1426 1289 1471 1351 vel
1553 1282 1560 1294 ’

178 1393 261 1470 perii.
307 1400 414 1453 sante
435 1410 471 1453 eo
490 1395 584 1473 posita
610 1411 701 1454 unum
725 1393 843 1470 repperi
867 1391 989 1452 verbum
1019 1394 1122 1452 tertiae
1144 1393 1305 1470 productae
1327 1393 1365 1453 ivi
1386 1390 1431 1453 ref
1451 1393 1472 1452 ii

179 1493 291 1554 taciem
319 1495 348 1554 iu
376 1495 476 1572 specie
503 1494 649 1573 perfecta,
678 1502 797 1555 transeo
826 1494 947 1554 transivi
967 1494 1012 1554 vel
1038 1495 1151 1554 baresii.
1195 1502 1222 1555 t:
1245 1494 1322 1555 hanc
1344 1492 1471 1556 litterani
1486 1518 1511 1562 n

179 1603 245 1656 ante
267 1615 305 1657 eo
327 1597 440 1663 iurem,
468 1597 520 1657 sed
550 1597 638 1658 verba
662 1597 811 1657 secundae
838 1596 1051 1673 coniugationia
1077 1604 1230 1672 regentem
1259 1604 1288 1657 et
1316 1596 1470 1657 facientem

182 1698 312 1774 speciem
336 1697 498 1775 perfectam
519 1699 575 1764 tui.
604 1706 637 1758 ut
657 1696 733 1758 lateo
756 1696 840 1766 fatui,
871 1705 955 1775 pateo
979 1698 1068 1774 patui.
1113 1698 1216 1758 tertiae
1243 1697 1419 1776 productae,
1442 1697 1472 1759 id

180 1805 222 1861 est
243 1804 371 1876 quartae
396 1801 610 1878 coniugationis
624 1801 648 1860 si
666 1801 815 1859 inventum
832 1795 846 1880 ΙΙ
859 1799 957 1866 fuerit,
979 1800 1075 1859 reniet
1096 1797 1221 1859 averbo
1239 1817 1274 1860 eo
1293 1801 1319 1858 is
1340 1806 1370 1859 et
1387 1799 1473 1860 faciet

180 1901 215 1960 iri
236 1899 284 1961 rel
312 1901 332 1961 ii
359 1903 389 1962 in
414 1903 513 1979 specie
545 1902 686 1978 perfecta.
729 1886 814 1969 nam,
850 1900 925 1961 sicui
954 1909 1021 1964 ante
1053 1899 1155 1970 docui,
1190 1920 1206 1962 e
1237 1908 1304 1962 ante
1335 1919 1355 1960 o
1382 1900 1472 1962 verba

181 2001 319 2064 babentia
340 2006 440 2064 omnia
463 2003 610 2064 secundae
631 2012 701 2065 eunt
721 2003 935 2078 coniugationis
956 2009 1078 2079 excepto
1099 2001 1189 2062 verbo
1210 2020 1246 2063 eo
1267 2004 1302 2071 is,
1323 2010 1352 2062 et
1373 2000 1472 2080 siquid
1487 2029 1511 2071 ιι

182 2103 214 2165 ab
243 2121 282 2165 eo
315 2106 458 2166 nascitur.
502 2123 569 2165 nam
602 2106 705 2166 tertiae
735 2113 803 2164 suut
835 2104 998 2182 protectae
1029 2105 1240 2182 coniugationia
1266 2111 1385 2182 praeter
1412 2103 1472 2164 uuo

183 2206 268 2267 rerba
297 2207 412 2283 primae
438 2208 665 2284 commotionis,
693 2225 770 2284 quae
793 2213 862 2266 ante
887 2208 986 2283 posui,
1015 2223 1150 2267 commeo
1171 2222 1335 2275 commeat,
1358 2222 1472 2267 remeo.

183 2310 263 2369 tertia
285 2309 367 2368 enim
390 2317 526 2386 correpta
548 2309 714 2386 coniugatio
735 2327 771 2368 eo
790 2326 850 2367 non
873 2310 1066 2377 terminatur,
1094 2309 1169 2369 sicut
1190 2325 1280 2386 supra
1303 2308 1472 2369 monstrari.

184 2408 236 2470 boc
262 2418 364 2471 tamen
390 2409 655 2481 scireuebemus,
685 2410 764 2488 quod
792 2411 897 2470 tertiae
923 2411 1085 2487 productae
1115 2409 1342 2488 coniugatiouis,
1371 2409 1399 2470 id
1429 2416 1474 2470 eet

182 2520 317 2590 quartae,
340 2510 380 2572 ab
401 2531 437 2573 eo
459 2514 576 2573 veniens
594 2512 709 2590 speciae
732 2512 861 2589 perfecta
889 2511 1006 2573 duobus
1029 2520 1141 2572 tantum
1165 2511 1261 2573 modis
1280 2515 1468 2598 terminatur,
1483 2540 1510 2582 η

183 2615 214 2674 iri
243 2613 289 2674 ref
319 2615 348 2673 ii.
395 2633 427 2673 v:
452 2613 528 2674 hauc
548 2613 674 2674 litteram
707 2621 774 2675 ante
805 2632 841 2674 eo
868 2615 991 2691 positam
1026 2612 1148 2674 verbum
1179 2612 1293 2674 bahem
1325 2612 1473 2675 mundae

183 2718 300 2795 repperi
323 2716 539 2796 coniugationis
561 2717 689 2792 speciem
710 2716 871 2793 perfectam
894 2717 1003 2776 faciens
1023 2717 1069 2785 iri,
1093 2717 1214 2776 coniveo
1230 2716 1347 2775 coniveo
1362 2717 1471 2784 conto:

183 2816 281 2879 Cicero
302 2818 423 2896 ‘niqui
444 2819 551 2879 exire
575 2816 707 2886 velint,
730 2819 903 2878 conivere
926 2821 1110 2895 possum':
1130 2825 1159 2878 et
1181 2835 1269 2878 cereo
1288 2835 1374 2879 ceres
1393 2816 1471 2884 ceri:

183 2917 300 2981 Persius
332 2923 412 2987 ‘an,
443 2917 619 2986 Romule,
652 2920 804 2979 ceresi'.
850 2937 867 2978 x
895 2938 965 2998 yz:
999 2918 1185 2982 baalitteras
1215 2928 1283 2981 aute
1314 2939 1350 2981 eo
1384 2918 1471 2980 verbe

183 3018 318 3083 babentm
338 3038 484 3100 uusqtuam
508 3021 636 3098 repperi.
1423 3055 1445 3080 κ
1484 3049 1511 3090 2,

262 3121 412 3192 Quoniam
434 3120 625 3198 sufficienter,
647 3129 680 3180 ut
694 3121 832 3190 arbitror,
855 3123 892 3186 tie
908 3122 1004 3183 verbis
1019 3142 1035 3184 e
1051 3133 1118 3185 ante
1140 3142 1158 3183 o
1180 3123 1357 3185 habentibus
1373 3123 1471 3193 docui,

184 3242 369 3304 consequens
388 3222 394 3302 Ι
413 3232 483 3302 puto
504 3225 541 3285 de
562 3222 607 3284 bis
629 3231 766 3291 tractare.
786 3243 862 3302 quae
883 3227 891 3284 i
913 3233 981 3286 aute
1000 3244 1018 3285 ο
1040 3225 1150 3286 babent
1169 3243 1224 3303 per
1245 3225 1374 3303 singulas
1395 3224 1472 3286 fitte-

184 3345 227 3385 ras
245 3329 448 3406 antepositam·
467 3343 543 3403 quae
562 3333 670 3404 regunt
690 3327 816 3404 primam
839 3328 1075 3403 coniugationem
1098 3327 1141 3389 vei
1166 3326 1281 3389 tertiam
1305 3335 1470 3406 utramque.

183 3447 246 3490 nam
271 3429 406 3490 secunda
431 3429 597 3506 coniugatio
620 3447 656 3488 eo
684 3434 796 3488 tantum
827 3429 914 3489 modo
944 3430 1128 3494 terminatur.
1173 3435 1279 3490 aante
1302 3430 1331 3488 io
1358 3427 1472 3491 babens
1510 3440 1522 3451 “

184 3530 305 3593 rerbum
329 3531 434 3590 tertiae
456 3537 610 3606 correptae
639 3531 735 3590 inveni
758 3531 785 3590 ai
807 3531 916 3590 iaciens
945 3533 973 3591 in
997 3532 1096 3608 specie
1118 3531 1264 3608 perfecta,
1289 3531 1337 3591 aio
1356 3530 1399 3591 ais
1420 3531 1470 3600 ait,
1483 3558 1510 3600 ω

182 3634 207 3693 ai
222 3635 289 3694 aisti
310 3633 360 3693 ait.
404 3631 424 3692 b
446 3638 513 3692 urite
530 3633 560 3692 io
583 3630 718 3692 babentia
741 3634 843 3692 tertiae
867 3631 1043 3711 productae,
1068 3632 1097 3693 iti
1121 3641 1166 3693 est
1187 3641 1308 3712 quartae
1331 3633 1470 3710 coniuga-

183 3737 266 3796 tionie
286 3734 387 3794 inueni
410 3734 437 3794 vi
456 3732 500 3795 vei
521 3735 541 3804 ii
564 3734 697 3793 facientia
719 3735 847 3810 speciem
870 3735 1041 3813 perfectam,
1064 3731 1162 3795 ambio
1184 3734 1279 3795 ambis
1299 3734 1406 3796 ambiri
1427 3735 1472 3797 ref

183 3837 278 3898 amon
310 3854 328 3896 c
345 3843 414 3896 anta
429 3837 458 3895 io
474 3834 610 3896 babentia
633 3837 736 3895 tertiae
752 3837 919 3910 productae
937 3838 962 3897 vi
979 3836 1022 3897 vei
1041 3837 1070 3896 xi
1092 3836 1199 3899 facient
1215 3837 1314 3914 specie
1329 3837 1471 3915 perfectu,
1553 3832 1555 3837 ’

182 3941 274 4001 sarcio
289 3938 406 4007 sarciri,
429 3938 523 3998 vincio
541 3939 630 4004 viuai;
651 3938 755 3997 tertiae
771 3955 841 3998 vero
855 3945 1011 4016 correptae
1026 3940 1062 4006 ci,
1084 3947 1117 3999 ut
1133 3939 1221 3999 inicio
1239 3940 1333 4001 inieci.
1366 3937 1385 4000 d
1403 3947 1472 4000 ante

183 4041 282 4103 ionon
299 4041 407 4101 inveni.
437 4057 469 4118 q:
490 4039 566 4100 banc
580 4057 700 4119 quoquc
714 4039 838 4099 litteram
855 4057 913 4099 nou
929 4041 1036 4101 inveni.
1069 4041 1161 4101 fante
1176 4041 1204 4100 io
1223 4039 1358 4103 babentia
1381 4039 1470 4101 verba
1484 4067 1513 4109 aa

183 4146 284 4204 tertiae
298 4149 370 4203 sunt
386 4141 557 4220 productae,
575 4143 602 4201 vi
618 4141 662 4202 uel
675 4142 705 4201 tii
720 4142 831 4202 faciunt
845 4142 943 4219 specie
958 4143 1096 4221 perfecta,
1112 4144 1198 4204 suffio
1214 4143 1310 4203 suffiri
1323 4141 1368 4203 vei
1384 4142 1470 4203 suffii.

183 4263 269 4307 unum
288 4245 414 4324 repperi
436 4242 568 4303 eitndem
588 4244 803 4320 coniugationia
824 4242 1000 4304 defectivum
1023 4261 1143 4322 genere,
1167 4246 1242 4305 sicut
1263 4242 1345 4305 soleo
1367 4243 1471 4305 sotitua

182 4364 251 4417 eom,
273 4348 318 4409 eie
342 4346 380 4405 tio
404 4345 440 4405 tis
459 4343 555 4405 factus
575 4363 650 4406 sum.
685 4353 792 4421 gante
813 4347 842 4404 io
863 4345 975 4406 babens
996 4345 1117 4408 rcrbutn
1140 4364 1197 4407 non
1220 4347 1325 4406 inveni.
1360 4345 1379 4405 b
1403 4352 1470 4405 ante

738 4545 874 4598 praeterduo
882 4546 949 4586 uerba

245 4605 261 4656 7
278 4601 464 4655 declinationis
483 4614 575 4666 regens
586 4600 613 4650 B
674 4599 706 4650 to
725 4601 802 4650 idest
821 4616 926 4665 quartae
941 4602 973 4650 nb
987 4615 1016 4650 eo
1033 4601 1138 4649 ureniana
1156 4602 1239 4650 sciens
1258 4599 1372 4667 perfecto
1389 4599 1468 4653 duob.

181 4682 270 4727 uotum
288 4674 410 4726 modetia
429 4671 476 4720 iibi
496 4670 537 4719 uei
553 4671 571 4719 it
586 4669 612 4719 B
629 4670 711 4721 idest
727 4681 830 4732 quartae
849 4678 950 4734 praeter
967 4671 1017 4719 duo
1037 4672 1113 4718 rerba
1129 4671 1160 4719 ub
1178 4685 1209 4720 eo
1227 4673 1354 4719 uenientia
1369 4671 1471 4734 species

180 4747 284 4808 perfecte
300 4747 408 4798 duobue
430 4750 530 4790 tantum
550 4740 633 4790 modis
653 4741 814 4804 terminatur,
839 4741 873 4788 ivi
893 4741 932 4789 vet
953 4743 970 4789 ii
988 4742 1190 4791 Lindencnuur:
1213 4741 1240 4788 iu
1258 4751 1346 4789 est-
1366 4742 1470 4789 veniens

178 4830 253 4874 ηις
320 4819 356 4868 22
376 4813 481 4865 facient
501 4811 536 4860 ibi
554 4811 660 4861 conibeo
677 4811 781 4859 conibes
800 4811 901 4860 conibui
919 4811 944 4859 B
1011 4811 1047 4862 23
1063 4825 1140 4860 cetron
1157 4811 1233 4859 robes
1250 4809 1323 4859 cebui
1341 4809 1367 4860 B
1435 4810 1469 4858 ‘ii

178 4885 284 4955 temtus]
302 4896 355 4939 sat.
380 4886 406 4944 l,
426 4881 462 4933 87
552 4877 585 4936 33
604 4880 742 4947 productae
759 4896 806 4933 orn.
825 4881 848 4929 B

1222 4964 1267 5025 3*
