3314 5506
211 354 273 419 408
790 344 910 406 Slillllll

1279 468 1303 510 p.
1316 454 1374 499 tm.
1385 456 1409 499 sa
1420 455 1442 498 r.

211 547 273 599 tum
296 555 405 616 genera
428 533 617 617 principalia,
641 531 841 597 mascnlinum
864 540 895 594 et
914 533 1100 595 femininum.
1131 533 1207 596 haec
1225 537 1308 597 enim
1329 553 1415 598 sexus
1433 543 1486 597 tan·

212 647 273 701 turn
297 647 429 717 generat.
465 655 574 717 genera
596 645 695 699 antem
712 643 764 697 ant
785 633 930 697 naturalia
952 643 1030 706 sunt,
1054 643 1106 697 ant
1126 654 1163 698 ex
1185 640 1361 700 auctoritate
1381 637 1488 700 descen·

213 741 302 802 dunt:
326 740 470 803 naturalia
493 748 578 810 sunt,
601 748 634 801 ut
650 740 692 799 vir
708 737 829 808 mnlier;
853 739 1026 800 auctoritate
1048 739 1248 811 descendunt,
1272 748 1305 803 nt
1326 740 1376 802 hic
1396 743 1493 822 paries

213 845 288 905 haec
320 844 458 905 fenestra.
503 844 534 902 in
567 842 613 903 his
640 843 719 903 enim
746 839 911 902 naturalem
938 838 1051 902 nnllnrn
1080 840 1279 921 intellegimus
1306 860 1424 915 sexum,
1449 844 1502 906 sed

188 962 282 1007 scum
305 948 473 1026 sequimur,
496 963 584 1025 quem
606 944 734 1006 tirmavit
756 944 922 1004 auctoritas.
958 949 1056 1004 cetera
1079 961 1149 1006 vero
1172 961 1322 1024 generas
1344 947 1506 1026 superiori-

213 1046 270 1108 bus
297 1049 432 1120 veniunt,
460 1055 494 1108 nt
523 1055 568 1108 est
596 1053 751 1115 neutrum,
780 1044 859 1125 qnod
881 1062 936 1105 nec
959 1043 1154 1108 masculinum
1177 1055 1223 1108 est
1245 1065 1301 1109 nec
1323 1046 1517 1121 femininum,

215 1167 389 1219 commune,
418 1148 497 1227 quod
527 1157 557 1210 et
584 1145 779 1210 masculinnm
802 1153 832 1207 et
853 1145 1043 1218 femininum,
1066 1165 1170 1219 omne,
1193 1148 1274 1229 qnod
1295 1149 1394 1211 omnia
1416 1168 1521 1230 supra

216 1252 293 1313 dicta
323 1252 454 1312 continet
481 1269 605 1331 genera,
633 1252 797 1331 epicoenon
825 1267 909 1320 vero,
943 1249 1022 1329 quod
1049 1250 1205 1312 confusum
1234 1252 1368 1313 continet
1394 1270 1527 1322 sexum.

217 1373 286 1415 nam
315 1355 392 1415 inter
422 1369 578 1414 commune
606 1360 636 1414 et
663 1352 827 1433 epicoenon
848 1351 906 1412 hoc
928 1353 1065 1423 interest,
1094 1352 1174 1434 quod
1196 1370 1357 1416 commuue
1378 1363 1436 1425 est,
1456 1354 1525 1428 nbi

180 1468 205 1509 ¹⁰
218 1457 282 1517 visu
304 1456 486 1517 secernimus
507 1472 624 1526 senum,
648 1463 681 1516 ut
701 1456 798 1526 canis;
822 1454 985 1534 epicoenon
1008 1461 1053 1515 est
1074 1471 1091 1515 e
1113 1455 1280 1525 contrario,
1303 1454 1358 1516 nbi
1371 1457 1433 1517 visu
1447 1475 1520 1529 non

217 1558 401 1619 secernimus
428 1575 546 1628 senum,
573 1565 607 1618 ut
633 1557 732 1637 piscis.
776 1557 855 1617 inter
883 1557 1046 1636 epicoenon
1068 1561 1099 1616 et
1120 1574 1278 1619 commune
1300 1557 1359 1620 hoc
1379 1559 1512 1639 interesq

218 1659 297 1741 qnod
319 1661 349 1720 in
373 1660 523 1721 communi
544 1658 669 1721 articulo
691 1655 892 1740 secerllnimus
914 1676 1033 1727 sexum,
1056 1663 1088 1718 ut
1102 1656 1151 1718 hio
1167 1660 1250 1719 canis
1264 1658 1312 1720 vel
1325 1658 1399 1721 haec
1414 1665 1506 1730 canis.-

219 1764 250 1823 in
272 1763 415 1841 epicoeno
439 1779 508 1821 vero
530 1779 608 1821 unns
629 1759 770 1822 siliculus
792 1763 917 1822 sumitur
939 1767 968 1820 et
996 1768 1153 1840 utrumqne
1176 1778 1280 1822 sexum
1302 1760 1496 1840 intellegimuq

221 1870 254 1923 nt
275 1863 348 1924 haec
370 1862 475 1943 aquila.
521 1882 589 1924 cum
612 1870 709 1924 autern
731 1865 875 1924 sumimus
897 1861 1069 1932 articulum,
1092 1880 1182 1942 quem
1204 1863 1364 1925 auctoritas
1385 1862 1490 1928 dederit

183 1979 207 2021 n
221 1983 290 2026 nam
313 1983 380 2026 curn
404 1964 576 2027 naturaiiter
592 1983 652 2026 non
674 1984 830 2046 possumus
851 1966 882 2026 in
905 1965 1056 2044 epicoenis
1077 1982 1180 2026 sexum
1204 1963 1432 2046 deprehendere,
1452 1968 1486 2028 de·

222 2065 328 2129 bernus
351 2069 524 2129 auctoritate
546 2068 668 2128 firmari.

306 2152 455 2231 Numerus
482 2178 533 2231 ant
559 2168 716 2249 singularis
746 2177 790 2230 est
819 2176 869 2231 ant
897 2167 1028 2250 pluralis.
1073 2168 1167 2230 dualis
1194 2187 1265 2232 vero
1294 2170 1419 2232 Graecus
1439 2187 1482 2229 non

224 2279 384 2352 usurpatur
406 2273 463 2334 nisi
485 2274 515 2332 in
539 2270 709 2333 nominibus
731 2271 860 2342 dnobus,
884 2288 959 2350 quae
974 2279 1042 2333 sunt
1056 2269 1143 2342 haec,
1167 2272 1225 2333 dno
1249 2271 1486 2352 staminaque

223 2373 292 2436 ideo
315 2376 403 2435 etiam
425 2372 620 2454 inaequaliter
642 2373 837 2435 declinantur.

186 2488 212 2531 ao
309 2476 418 2555 Figura
442 2485 492 2537 ant
513 2474 637 2556 simplex
658 2477 775 2537 estant
797 2476 963 2556 conposita:
986 2474 1125 2556 simplex,
1148 2493 1225 2556 quae
1247 2495 1337 2539 unam
1357 2495 1414 2538 rem
1431 2491 1494 2536 un·

224 2578 298 2639 tinet
326 2584 414 2659 atque
441 2577 583 2639 naturalis
612 2585 669 2648 est,
697 2586 731 2639 ut
759 2577 876 2647 doctns;
906 2579 1056 2658 conposita
1083 2595 1169 2649 vero,
1192 2597 1270 2661 quae
1292 2597 1327 2640 ex
1348 2587 1406 2641 artu
1422 2578 1447 2637 tit
1461 2578 1503 2634 et

226 2681 299 2742 duas
328 2698 376 2742 res
403 2679 507 2750 habet,
537 2688 570 2741 ut
597 2679 741 2742 indoctus.
787 2681 938 2760 conposita
966 2687 1063 2741 antem
1086 2681 1180 2761 ligura
1201 2681 1235 2743 iit
1254 2689 1387 2762 quattuor
1406 2677 1506 2742 modis,

226 2783 328 2863 quiin
351 2791 415 2843 arte
437 2790 505 2843 sunt
532 2784 629 2863 positi.
674 2780 752 2862 quod
782 2789 879 2843 autern
908 2782 979 2843 dicit
1005 2782 1059 2843 ‘ex
1082 2784 1231 2863 corruptis
1239 2788 1261 2855 ',
1283 2785 1323 2846 ita
1343 2781 1513 2860 intellegere

228 2884 384 2954 dehemus,
414 2892 445 2945 nt
472 2891 543 2946 tnnc
571 2883 776 2963 intellegamus
804 2891 944 2964 corrupta
978 2902 1042 2946 esse
1068 2887 1099 2946 in
1129 2886 1349 2966 conpositione,
1381 2885 1518 2965 quotien5

189 3000 215 3041 rs
228 2984 358 3048 resoluta
380 2994 505 3066 possunt
525 3005 588 3048 esse
609 2989 739 3066 integra:
769 2995 800 3048 nt
822 2987 898 3066 siqui
926 2985 1002 3049 dicat
1025 2987 1175 3065 concipio,
1198 2988 1263 3048 iure
1286 2987 1390 3048 dicitnr
1408 2996 1519 3047 corru‘

228 3098 328 3169 ptum,
358 3091 441 3169 qnia,
468 3090 493 3149 si
515 3088 658 3161 solvatur,
687 3089 758 3150 iacit
779 3090 877 3170 capio,
901 3087 980 3169 quod
1002 3096 1048 3150 est
1067 3090 1232 3168 integrum;
1256 3097 1286 3166 et
1307 3089 1422 3151 coniicio
1439 3077 1522 3147 tacit

229 3192 306 3254 lacio
329 3200 358 3252 et
380 3189 493 3252 similia.

207 3310 210 3316 ·
313 3293 463 3355 Ablativms
492 3292 648 3372 singularis
676 3294 752 3371 regit
781 3293 946 3371 genetivum
978 3293 1105 3354 dativum
1136 3301 1166 3354 et
1192 3293 1349 3357 ablativum
1375 3290 1521 3376 pluralem

230 3396 393 3457 secundnm
423 3394 540 3475 regulas
566 3396 597 3455 in
627 3402 690 3456 arte
717 3397 835 3474 positas
880 3395 932 3456 sed
960 3394 1031 3456 illud
1054 3395 1132 3474 quod
1155 3395 1226 3456 dicit
1248 3395 1390 3458 ‘ablativo
1410 3415 1425 3457 e
1442 3406 1520 3476 pro·

194 3498 319 3559 anneta
343 3497 387 3559 vel
410 3504 546 3578 correpta
570 3499 754 3567 terminata',
777 3498 816 3559 ite
838 3496 1069 3576 intellegendum
1093 3505 1152 3569 cst,
1175 3505 1209 3560 nt
1229 3506 1301 3559 tnnc
1316 3499 1449 3580 producta
1461 3493 1514 3557 sil

231 3602 367 3682 quotiens
394 3602 546 3680 genetivus
574 3598 729 3679 singrdaris
757 3599 783 3659 ei
810 3600 984 3661 terminatus
1007 3600 1057 3669 sit;
1081 3618 1148 3660 cunr
1171 3618 1242 3660 vero
1264 3601 1289 3661 is
1311 3601 1398 3662 luerit
1416 3592 1512 3661 tenni·

233 3709 318 3763 natns
340 3701 417 3763 idem
441 3704 594 3781 genetivus
616 3700 787 3780 singularis,
815 3709 969 3780 correpto,
998 3710 1030 3762 nt
1050 3702 1138 3763 huius
1159 3703 1268 3781 patris,
1291 3701 1328 3763 ab
1351 3703 1403 3764 hoc
1422 3709 1504 3782 patre·

232 3804 299 3864 ideo
323 3811 420 3864 antem
444 3805 540 3865 Latini
562 3804 719 3864 voluerunt
740 3803 776 3864 ab
799 3803 924 3865 ablativo
940 3803 1082 3883 singrdari
1095 3803 1212 3883 regulas
1227 3823 1361 3876 sumere,
1383 3805 1499 3887 qnoniam

233 3905 282 3965 hic
306 3923 390 3965 casus
412 3906 533 3967 Latinus
556 3914 613 3974 est,
648 3924 703 3965 nec
732 3924 799 3967 curn
827 3904 937 3967 habent
964 3906 1083 3975 Graeci:
1112 3914 1142 3967 et
1168 3906 1218 3968 ille
1240 3909 1343 3988 utique
1365 3925 1440 3970 casus
1458 3901 1495 3962 de·

196 4018 221 4059 ³⁵
235 4005 299 4068 buit
321 4006 438 4085 regulas
460 4008 571 4068 Latinis
594 4007 762 4068 nominihus
784 4008 870 4079 dare,
894 4010 944 4088 qui
966 4009 1105 4089 proprius
1121 4009 1294 4071 Latinorum
1317 4018 1370 4070 est.

321 4107 425 4168 Omnia
455 4110 589 4180 nomina,
619 4127 693 4190 qnae
719 4111 749 4171 in
779 4129 878 4171 rerum
907 4119 1011 4172 natura
1034 4118 1116 4180 sunt,
1146 4111 1276 4191 quinque
1298 4110 1404 4190 regulis
1423 4104 1490 4170 conti·

237 4217 357 4280 nentur,
384 4228 460 4291 quae
487 4211 606 4291 regulae
628 4211 706 4292 apud
733 4212 878 4273 Donatum
908 4213 1026 4292 quidem
1056 4230 1117 4274 non
1147 4222 1216 4275 sunt
1248 4222 1372 4294 propter
1392 4224 1490 4291 conpen-

237 4310 334 4384 dium,
359 4322 458 4374 tamen
481 4313 626 4375 tenendae
648 4323 726 4376 sunt.
771 4312 950 4394 colliguntur
972 4323 1069 4376 autern
1092 4317 1165 4377 istae
1187 4315 1308 4395 regulae
1331 4314 1367 4376 de
1387 4312 1491 4395 genetivo

309 4500 321 4550 l
341 4499 367 4550 hi
384 4502 449 4550 enirn
468 4516 548 4553 sexus
566 4509 661 4553 tantum
679 4511 802 4569 generunt
819 4517 836 4559 ς
910 4501 938 4552 ll
958 4517 1048 4553 sexum
1064 4516 1082 4559 ς
1100 4517 1164 4553 sexu
1182 4503 1207 4552 P
1294 4502 1326 4554 ld
1344 4502 1494 4554 auctoritates

238 4571 412 4620 auctoritatem
431 4572 456 4618 P
509 4572 539 4622 17
558 4581 600 4622 ant
617 4572 757 4639 singularis
774 4588 790 4630 ς
809 4582 892 4623 alitem
912 4573 1051 4639 singularis
1067 4574 1092 4623 P
1108 4580 1132 4623 et
1149 4574 1358 4636 princepeedino
1423 4570 1450 4622 18
1463 4584 1494 4620 tt

238 4639 351 4690 minibus
370 4655 387 4697 ς
406 4641 524 4690 omnibus
543 4643 568 4689 P
649 4644 682 4694 25
702 4659 759 4693 esse
777 4659 823 4697 om.
844 4645 886 4695 P:
904 4643 1015 4694 resoluto
1037 4644 1157 4710 integrari
1172 4651 1281 4709 possunt
1297 4656 1314 4700 ς
1332 4643 1378 4693 hoc
1391 4652 1497 4693 teneamus
1560 4694 1563 4705 Ι

238 4709 282 4760 ille
302 4726 360 4762 esse
378 4718 496 4775 corrupta
516 4726 580 4774 qnae
598 4711 708 4763 resoluta
731 4722 838 4778 possunt
868 4729 925 4764 esse
947 4715 1047 4781 integra
1064 4715 1170 4778 Sergium
1191 4729 1219 4778 p.
1239 4712 1290 4764 494
1308 4713 1348 4766 ed.
1368 4713 1455 4765 hlud.-
1472 4711 1498 4774 tl.

239 4780 392 4845 Pompeip.
415 4780 464 4832 tou
513 4780 547 4832 30
564 4790 727 4838 ωιιοςηιιηο
743 4784 768 4831 P
818 4784 852 4836 32
871 4792 987 4851 correpta
1005 4782 1331 4846 cornuumaueniens
1377 4780 1499 4852 munus]

239 4850 274 4915 cs.
294 4852 369 4917 Serg.
382 4867 411 4916 p.
432 4849 484 4903 497
503 4850 543 4904 cd.
566 4851 639 4903 Lind.
