<?xml version="1.0" encoding="UTF-8"?>
<!DOCTYPE html PUBLIC "-//W3C//DTD XHTML 1.0 Transitional//EN"
    "http://www.w3.org/TR/xhtml1/DTD/xhtml1-transitional.dtd">
<html xmlns="http://www.w3.org/1999/xhtml" xml:lang="en" lang="en">
 <head>
  <title>
</title>
<meta http-equiv="Content-Type" content="text/html;charset=utf-8" />
  <meta name='ocr-system' content='tesseract 3.04.00' />
  <meta name='ocr-capabilities' content='ocr_page ocr_carea ocr_par ocr_line ocrx_word'/>
</head>
<body>
  <div class='ocr_page' id='page_1' title='image "./grammaticilatin05keilgoog/grammaticilatin05keilgoog_0545.png"; bbox 0 0 3346 5506; ppageno 0'>
   <div class='ocr_carea' id='block_1_1' title="bbox 237 108 1472 271">
    <p class='ocr_par' dir='ltr' id='par_1_1' title="bbox 237 108 1472 271">
     <span class='ocr_line' id='line_1_1' title="bbox 237 108 937 179; baseline -0.007 -1"><span class='ocrx_word' id='word_1_1' title='bbox 237 116 298 179; x_wconf 81' lang='lat'>480</span> <span class='ocrx_word' id='word_1_2' title='bbox 813 108 937 173; x_wconf 72' lang='lat' dir='ltr'>stituit</span> 
     </span>
     <span class='ocr_line' id='line_1_2' title="bbox 285 216 1472 271; baseline -0.002 -12"><span class='ocrx_word' id='word_1_3' title='bbox 285 230 308 271; x_wconf 73' lang='lat' dir='ltr'>p.</span> <span class='ocrx_word' id='word_1_4' title='bbox 322 216 380 259; x_wconf 79' lang='lat' dir='ltr'>rear.</span> <span class='ocrx_word' id='word_1_5' title='bbox 396 217 422 260; x_wconf 80' lang='lat' dir='ltr'>m</span> <span class='ocrx_word' id='word_1_6' title='bbox 434 216 459 260; x_wconf 83' lang='lat' dir='ltr'>n.</span> <span class='ocrx_word' id='word_1_7' title='bbox 1299 228 1322 270; x_wconf 66' lang='lat' dir='ltr'>p</span> <span class='ocrx_word' id='word_1_8' title='bbox 1336 217 1429 263; x_wconf 80' lang='lat' dir='ltr'>tro-u</span> <span class='ocrx_word' id='word_1_9' title='bbox 1443 216 1472 259; x_wconf 85' lang='lat' dir='ltr'>v.</span> 
     </span>
    </p>
   </div>
   <div class='ocr_carea' id='block_1_2' title="bbox 233 295 1525 479">
    <p class='ocr_par' dir='ltr' id='par_1_2' title="bbox 233 295 1525 479">
     <span class='ocr_line' id='line_1_3' title="bbox 235 295 1524 378; baseline 0.004 -22"><span class='ocrx_word' id='word_1_10' title='bbox 235 297 365 358; x_wconf 89' lang='lat' dir='ltr'>caesuris</span> <span class='ocrx_word' id='word_1_11' title='bbox 391 296 627 377; x_wconf 81' lang='lat' dir='ltr'>penthemimere</span> <span class='ocrx_word' id='word_1_12' title='bbox 655 303 684 357; x_wconf 89' lang='lat' dir='ltr'>et</span> <span class='ocrx_word' id='word_1_13' title='bbox 705 295 976 377; x_wconf 90' lang='lat' dir='ltr'>hephthemimere,</span> <span class='ocrx_word' id='word_1_14' title='bbox 1005 313 1079 377; x_wconf 84' lang='lat' dir='ltr'>quas</span> <span class='ocrx_word' id='word_1_15' title='bbox 1099 303 1240 378; x_wconf 73' lang='lat' dir='ltr'>unusque</span> <span class='ocrx_word' id='word_1_16' title='bbox 1260 297 1293 359; x_wconf 89' lang='lat' dir='ltr'>iu</span> <span class='ocrx_word' id='word_1_17' title='bbox 1312 298 1415 377; x_wconf 75' lang='lat' dir='ltr'>primo</span> <span class='ocrx_word' id='word_1_18' title='bbox 1436 314 1524 361; x_wconf 77' lang='lat' dir='ltr'>versu</span> 
     </span>
     <span class='ocr_line' id='line_1_4' title="bbox 233 397 1525 479; baseline 0.004 -20"><span class='ocrx_word' id='word_1_19' title='bbox 233 397 431 460; x_wconf 74' lang='lat' dir='ltr'>Aeneidorum</span> <span class='ocrx_word' id='word_1_20' title='bbox 452 416 516 460; x_wconf 89' lang='lat' dir='ltr'>esse</span> <span class='ocrx_word' id='word_1_21' title='bbox 538 399 703 479; x_wconf 87' lang='lat' dir='ltr'>reperimus</span> <span class='ocrx_word' id='word_1_22' title='bbox 729 398 785 467; x_wconf 88' lang='lat' dir='ltr'>ita,</span> <span class='ocrx_word' id='word_1_23' title='bbox 808 403 932 459; x_wconf 72' lang='lat' dir='ltr'>‘ormo</span> <span class='ocrx_word' id='word_1_24' title='bbox 952 400 1145 474; x_wconf 79' lang='lat' dir='ltr'>virum-quc</span> <span class='ocrx_word' id='word_1_25' title='bbox 1164 401 1291 470; x_wconf 84' lang='lat' dir='ltr'>cuao’,</span> <span class='ocrx_word' id='word_1_26' title='bbox 1311 401 1402 461; x_wconf 79' lang='lat' dir='ltr'>item</span> <span class='ocrx_word' id='word_1_27' title='bbox 1422 416 1525 463; x_wconf 83' lang='lat' dir='ltr'>arma</span> 
     </span>
    </p>
   </div>
   <div class='ocr_carea' id='block_1_3' title="bbox 233 500 707 582">
    <p class='ocr_par' dir='ltr' id='par_1_3' title="bbox 233 500 707 582">
     <span class='ocr_line' id='line_1_5' title="bbox 233 500 707 582; baseline -0.004 -21"><span class='ocrx_word' id='word_1_28' title='bbox 233 502 428 582; x_wconf 84' lang='lat' dir='ltr'>virumque</span> <span class='ocrx_word' id='word_1_29' title='bbox 449 518 541 562; x_wconf 85' lang='lat' dir='ltr'>cano</span> <span class='ocrx_word' id='word_1_30' title='bbox 563 500 707 562; x_wconf 85' lang='lat' dir='ltr'>Troiae.</span> 
     </span>
    </p>
   </div>
   <div class='ocr_carea' id='block_1_4' title="bbox 758 667 994 732">
    <p class='ocr_par' dir='ltr' id='par_1_4' title="bbox 758 667 994 732">
     <span class='ocr_line' id='line_1_6' title="bbox 758 667 994 732; baseline 0.004 -2"><span class='ocrx_word' id='word_1_31' title='bbox 758 669 807 731; x_wconf 84' lang='lat' dir='ltr'>DE</span> <span class='ocrx_word' id='word_1_32' title='bbox 828 667 994 732; x_wconf 83' lang='lat' dir='ltr'>PEDIBVS.</span> 
     </span>
    </p>
   </div>
   <div class='ocr_carea' id='block_1_5' title="bbox 188 805 1522 3239">
    <p class='ocr_par' dir='ltr' id='par_1_5' title="bbox 206 805 1522 1297">
     <span class='ocr_line' id='line_1_7' title="bbox 206 805 1522 886; baseline 0.005 -22"><span class='ocrx_word' id='word_1_33' title='bbox 206 824 220 864; x_wconf 86' lang='lat' dir='ltr'>s</span> <span class='ocrx_word' id='word_1_34' title='bbox 316 808 372 868; x_wconf 85' lang='lat' dir='ltr'>Pes</span> <span class='ocrx_word' id='word_1_35' title='bbox 400 806 495 867; x_wconf 89' lang='lat' dir='ltr'>dictus</span> <span class='ocrx_word' id='word_1_36' title='bbox 523 815 582 877; x_wconf 90' lang='lat' dir='ltr'>est,</span> <span class='ocrx_word' id='word_1_37' title='bbox 614 824 672 886; x_wconf 92' lang='lat' dir='ltr'>quo</span> <span class='ocrx_word' id='word_1_38' title='bbox 700 807 782 886; x_wconf 84' lang='lat' dir='ltr'>quasi</span> <span class='ocrx_word' id='word_1_39' title='bbox 808 814 972 867; x_wconf 81' lang='lat' dir='ltr'>metrorum</span> <span class='ocrx_word' id='word_1_40' title='bbox 999 822 1120 885; x_wconf 81' lang='lat' dir='ltr'>gressus</span> <span class='ocrx_word' id='word_1_41' title='bbox 1146 805 1272 867; x_wconf 87' lang='lat' dir='ltr'>incedat.</span> <span class='ocrx_word' id='word_1_42' title='bbox 1315 805 1403 869; x_wconf 91' lang='lat' dir='ltr'>aliter</span> <span class='ocrx_word' id='word_1_43' title='bbox 1421 807 1522 871; x_wconf 82' lang='lat' dir='ltr'>dictus</span> 
     </span>
     <span class='ocr_line' id='line_1_8' title="bbox 233 907 1519 989; baseline 0.004 -21"><span class='ocrx_word' id='word_1_44' title='bbox 233 914 278 968; x_wconf 90' lang='lat' dir='ltr'>est</span> <span class='ocrx_word' id='word_1_45' title='bbox 304 928 370 989; x_wconf 88' lang='lat' dir='ltr'>pes,</span> <span class='ocrx_word' id='word_1_46' title='bbox 400 908 479 987; x_wconf 89' lang='lat' dir='ltr'>quod</span> <span class='ocrx_word' id='word_1_47' title='bbox 506 907 563 969; x_wconf 91' lang='lat' dir='ltr'>hoc</span> <span class='ocrx_word' id='word_1_48' title='bbox 591 910 674 988; x_wconf 91' lang='lat' dir='ltr'>quasi</span> <span class='ocrx_word' id='word_1_49' title='bbox 703 907 800 988; x_wconf 89' lang='lat' dir='ltr'>pedali</span> <span class='ocrx_word' id='word_1_50' title='bbox 821 907 924 989; x_wconf 87' lang='lat' dir='ltr'>regule</span> <span class='ocrx_word' id='word_1_51' title='bbox 946 907 983 969; x_wconf 92' lang='lat' dir='ltr'>ad</span> <span class='ocrx_word' id='word_1_52' title='bbox 1005 925 1121 971; x_wconf 86' lang='lat' dir='ltr'>versum</span> <span class='ocrx_word' id='word_1_53' title='bbox 1143 909 1254 970; x_wconf 86' lang='lat' dir='ltr'>utimur</span> <span class='ocrx_word' id='word_1_54' title='bbox 1271 909 1519 973; x_wconf 79' lang='lat' dir='ltr'>mensurandum</span> 
     </span>
     <span class='ocr_line' id='line_1_9' title="bbox 232 1009 1521 1093; baseline 0.003 -22"><span class='ocrx_word' id='word_1_55' title='bbox 232 1012 373 1071; x_wconf 75' lang='lat' dir='ltr'>metimur</span> <span class='ocrx_word' id='word_1_56' title='bbox 396 1011 474 1071; x_wconf 91' lang='lat' dir='ltr'>enim</span> <span class='ocrx_word' id='word_1_57' title='bbox 497 1011 649 1072; x_wconf 89' lang='lat' dir='ltr'>heroicum</span> <span class='ocrx_word' id='word_1_58' title='bbox 673 1018 702 1071; x_wconf 92' lang='lat' dir='ltr'>et</span> <span class='ocrx_word' id='word_1_59' title='bbox 723 1011 848 1073; x_wconf 81' lang='lat' dir='ltr'>dicimus</span> <span class='ocrx_word' id='word_1_60' title='bbox 870 1009 924 1072; x_wconf 63' lang='lat' dir='ltr'>‘vl</span> <span class='ocrx_word' id='word_1_61' title='bbox 945 1010 1055 1092; x_wconf 89' lang='lat' dir='ltr'>pedum</span> <span class='ocrx_word' id='word_1_62' title='bbox 1075 1013 1155 1082; x_wconf 86' lang='lat' dir='ltr'>est&#39;;</span> <span class='ocrx_word' id='word_1_63' title='bbox 1177 1012 1317 1073; x_wconf 85' lang='lat' dir='ltr'>metimur</span> <span class='ocrx_word' id='word_1_64' title='bbox 1338 1012 1521 1093; x_wconf 85' lang='lat' dir='ltr'>Sapphicum</span> 
     </span>
     <span class='ocr_line' id='line_1_10' title="bbox 231 1111 1520 1195; baseline 0.002 -23"><span class='ocrx_word' id='word_1_65' title='bbox 231 1118 261 1172; x_wconf 90' lang='lat' dir='ltr'>ct</span> <span class='ocrx_word' id='word_1_66' title='bbox 282 1111 407 1173; x_wconf 81' lang='lat' dir='ltr'>dicimus</span> <span class='ocrx_word' id='word_1_67' title='bbox 429 1113 461 1184; x_wconf 89' lang='lat' dir='ltr'>V,</span> <span class='ocrx_word' id='word_1_68' title='bbox 485 1118 514 1173; x_wconf 90' lang='lat' dir='ltr'>et</span> <span class='ocrx_word' id='word_1_69' title='bbox 534 1119 659 1173; x_wconf 88' lang='lat' dir='ltr'>ceteros.</span> <span class='ocrx_word' id='word_1_70' title='bbox 701 1112 792 1191; x_wconf 88' lang='lat' dir='ltr'>igitur</span> <span class='ocrx_word' id='word_1_71' title='bbox 813 1130 936 1175; x_wconf 86' lang='lat' dir='ltr'>neeesse</span> <span class='ocrx_word' id='word_1_72' title='bbox 957 1119 1002 1175; x_wconf 85' lang='lat' dir='ltr'>est</span> <span class='ocrx_word' id='word_1_73' title='bbox 1021 1111 1128 1193; x_wconf 91' lang='lat' dir='ltr'>pedem</span> <span class='ocrx_word' id='word_1_74' title='bbox 1150 1131 1242 1176; x_wconf 89' lang='lat' dir='ltr'>uuum</span> <span class='ocrx_word' id='word_1_75' title='bbox 1263 1131 1413 1195; x_wconf 81' lang='lat' dir='ltr'>quemque</span> <span class='ocrx_word' id='word_1_76' title='bbox 1433 1115 1466 1175; x_wconf 90' lang='lat' dir='ltr'>in</span> <span class='ocrx_word' id='word_1_77' title='bbox 1488 1132 1520 1175; x_wconf 84' lang='lat' dir='ltr'>se</span> 
     </span>
     <span class='ocr_line' id='line_1_11' title="bbox 230 1212 1519 1297; baseline 0.003 -22"><span class='ocrx_word' id='word_1_78' title='bbox 230 1212 341 1275; x_wconf 88' lang='lat' dir='ltr'>hahere</span> <span class='ocrx_word' id='word_1_79' title='bbox 370 1222 484 1276; x_wconf 89' lang='lat' dir='ltr'>certum</span> <span class='ocrx_word' id='word_1_80' title='bbox 512 1232 579 1276; x_wconf 90' lang='lat' dir='ltr'>cum</span> <span class='ocrx_word' id='word_1_81' title='bbox 609 1214 790 1295; x_wconf 86' lang='lat' dir='ltr'>temporibus</span> <span class='ocrx_word' id='word_1_82' title='bbox 819 1232 976 1277; x_wconf 89' lang='lat' dir='ltr'>numerum</span> <span class='ocrx_word' id='word_1_83' title='bbox 1003 1213 1197 1294; x_wconf 79' lang='lat' dir='ltr'>syllabarum,</span> <span class='ocrx_word' id='word_1_84' title='bbox 1219 1223 1252 1277; x_wconf 94' lang='lat' dir='ltr'>ut</span> <span class='ocrx_word' id='word_1_85' title='bbox 1278 1223 1323 1277; x_wconf 91' lang='lat' dir='ltr'>est</span> <span class='ocrx_word' id='word_1_86' title='bbox 1350 1215 1519 1297; x_wconf 60' lang='lat' dir='ltr'>spondeum</span> 
     </span>
    </p>

    <p class='ocr_par' dir='ltr' id='par_1_6' title="bbox 193 1315 1520 1806">
     <span class='ocr_line' id='line_1_12' title="bbox 193 1315 1520 1397; baseline 0.007 -25"><span class='ocrx_word' id='word_1_87' title='bbox 193 1315 320 1379; x_wconf 74' lang='lat' dir='ltr'>schebet</span> <span class='ocrx_word' id='word_1_88' title='bbox 342 1318 420 1378; x_wconf 89' lang='lat' dir='ltr'>enim</span> <span class='ocrx_word' id='word_1_89' title='bbox 441 1316 468 1377; x_wconf 91' lang='lat' dir='ltr'>ll</span> <span class='ocrx_word' id='word_1_90' title='bbox 489 1315 614 1397; x_wconf 67' lang='lat' dir='ltr'>syllabas</span> <span class='ocrx_word' id='word_1_91' title='bbox 637 1325 666 1377; x_wconf 92' lang='lat' dir='ltr'>et</span> <span class='ocrx_word' id='word_1_92' title='bbox 687 1325 819 1397; x_wconf 83' lang='lat' dir='ltr'>tempora</span> <span class='ocrx_word' id='word_1_93' title='bbox 842 1316 909 1386; x_wconf 88' lang='lat' dir='ltr'>llll;</span> <span class='ocrx_word' id='word_1_94' title='bbox 936 1318 1008 1379; x_wconf 89' lang='lat' dir='ltr'>item</span> <span class='ocrx_word' id='word_1_95' title='bbox 1030 1315 1161 1397; x_wconf 79' lang='lat' dir='ltr'>dactylus</span> <span class='ocrx_word' id='word_1_96' title='bbox 1181 1317 1222 1379; x_wconf 84' lang='lat'>111</span> <span class='ocrx_word' id='word_1_97' title='bbox 1243 1317 1369 1397; x_wconf 74' lang='lat' dir='ltr'>syllabus</span> <span class='ocrx_word' id='word_1_98' title='bbox 1392 1326 1424 1381; x_wconf 89' lang='lat' dir='ltr'>et</span> <span class='ocrx_word' id='word_1_99' title='bbox 1443 1326 1520 1381; x_wconf 88' lang='lat' dir='ltr'>tem·</span> 
     </span>
     <span class='ocr_line' id='line_1_13' title="bbox 229 1417 1520 1501; baseline 0.003 -22"><span class='ocrx_word' id='word_1_100' title='bbox 229 1436 303 1499; x_wconf 88' lang='lat' dir='ltr'>pora</span> <span class='ocrx_word' id='word_1_101' title='bbox 329 1418 397 1488; x_wconf 90' lang='lat'>1111;</span> <span class='ocrx_word' id='word_1_102' title='bbox 427 1420 498 1479; x_wconf 90' lang='lat' dir='ltr'>item</span> <span class='ocrx_word' id='word_1_103' title='bbox 525 1418 791 1499; x_wconf 83' lang='lat' dir='ltr'>proceleumaticus</span> <span class='ocrx_word' id='word_1_104' title='bbox 819 1418 871 1481; x_wconf 93' lang='lat' dir='ltr'>llll</span> <span class='ocrx_word' id='word_1_105' title='bbox 898 1417 1025 1497; x_wconf 72' lang='lat' dir='ltr'>syllabas</span> <span class='ocrx_word' id='word_1_106' title='bbox 1051 1427 1081 1480; x_wconf 84' lang='lat' dir='ltr'>et</span> <span class='ocrx_word' id='word_1_107' title='bbox 1108 1426 1240 1501; x_wconf 89' lang='lat' dir='ltr'>tempora</span> <span class='ocrx_word' id='word_1_108' title='bbox 1268 1418 1338 1492; x_wconf 91' lang='lat' dir='ltr'>llll,</span> <span class='ocrx_word' id='word_1_109' title='bbox 1365 1427 1398 1481; x_wconf 88' lang='lat' dir='ltr'>et</span> <span class='ocrx_word' id='word_1_110' title='bbox 1426 1420 1520 1483; x_wconf 83' lang='lat' dir='ltr'>ueteri</span> 
     </span>
     <span class='ocr_line' id='line_1_14' title="bbox 230 1519 1520 1603; baseline 0.001 -20"><span class='ocrx_word' id='word_1_111' title='bbox 230 1523 281 1602; x_wconf 91' lang='lat' dir='ltr'>qui</span> <span class='ocrx_word' id='word_1_112' title='bbox 308 1539 375 1583; x_wconf 89' lang='lat' dir='ltr'>cum</span> <span class='ocrx_word' id='word_1_113' title='bbox 402 1521 449 1583; x_wconf 90' lang='lat' dir='ltr'>his</span> <span class='ocrx_word' id='word_1_114' title='bbox 477 1538 566 1602; x_wconf 89' lang='lat' dir='ltr'>supra</span> <span class='ocrx_word' id='word_1_115' title='bbox 594 1523 696 1603; x_wconf 91' lang='lat' dir='ltr'>scripti</span> <span class='ocrx_word' id='word_1_116' title='bbox 724 1528 801 1583; x_wconf 86' lang='lat' dir='ltr'>sunt.</span> <span class='ocrx_word' id='word_1_117' title='bbox 846 1522 923 1582; x_wconf 89' lang='lat' dir='ltr'>scire</span> <span class='ocrx_word' id='word_1_118' title='bbox 956 1522 1045 1582; x_wconf 88' lang='lat' dir='ltr'>etiam</span> <span class='ocrx_word' id='word_1_119' title='bbox 1067 1519 1209 1585; x_wconf 90' lang='lat' dir='ltr'>debemus</span> <span class='ocrx_word' id='word_1_120' title='bbox 1236 1520 1313 1602; x_wconf 88' lang='lat' dir='ltr'>quod</span> <span class='ocrx_word' id='word_1_121' title='bbox 1336 1521 1389 1583; x_wconf 91' lang='lat' dir='ltr'>uui</span> <span class='ocrx_word' id='word_1_122' title='bbox 1412 1522 1520 1603; x_wconf 77' lang='lat' dir='ltr'>urique</span> 
     </span>
     <span class='ocr_line' id='line_1_15' title="bbox 228 1617 1518 1707; baseline 0.001 -23"><span class='ocrx_word' id='word_1_123' title='bbox 228 1622 298 1704; x_wconf 90' lang='lat' dir='ltr'>pedi</span> <span class='ocrx_word' id='word_1_124' title='bbox 326 1623 432 1685; x_wconf 89' lang='lat' dir='ltr'>accidit</span> <span class='ocrx_word' id='word_1_125' title='bbox 460 1617 466 1707; x_wconf 86' lang='grc' dir='ltr'>Ι</span> <span class='ocrx_word' id='word_1_126' title='bbox 495 1624 569 1684; x_wconf 88' lang='lat' dir='ltr'>arsis</span> <span class='ocrx_word' id='word_1_127' title='bbox 600 1630 629 1684; x_wconf 87' lang='lat' dir='ltr'>ct</span> <span class='ocrx_word' id='word_1_128' title='bbox 656 1623 761 1694; x_wconf 91' lang='lat' dir='ltr'>thesis,</span> <span class='ocrx_word' id='word_1_129' title='bbox 795 1623 852 1684; x_wconf 92' lang='lat' dir='ltr'>hoc</span> <span class='ocrx_word' id='word_1_130' title='bbox 879 1630 926 1684; x_wconf 89' lang='lat' dir='ltr'>cst</span> <span class='ocrx_word' id='word_1_131' title='bbox 952 1621 1076 1685; x_wconf 85' lang='lat' dir='ltr'>elevatio</span> <span class='ocrx_word' id='word_1_132' title='bbox 1103 1631 1134 1684; x_wconf 88' lang='lat' dir='ltr'>et</span> <span class='ocrx_word' id='word_1_133' title='bbox 1159 1624 1280 1705; x_wconf 88' lang='lat' dir='ltr'>positio;</span> <span class='ocrx_word' id='word_1_134' title='bbox 1314 1622 1367 1685; x_wconf 89' lang='lat' dir='ltr'>sed</span> <span class='ocrx_word' id='word_1_135' title='bbox 1390 1624 1467 1685; x_wconf 88' lang='lat' dir='ltr'>arsis</span> <span class='ocrx_word' id='word_1_136' title='bbox 1487 1625 1518 1685; x_wconf 85' lang='lat' dir='ltr'>in</span> 
     </span>
     <span class='ocr_line' id='line_1_16' title="bbox 229 1723 1518 1806; baseline 0.002 -20"><span class='ocrx_word' id='word_1_137' title='bbox 229 1727 324 1806; x_wconf 89' lang='lat' dir='ltr'>prima</span> <span class='ocrx_word' id='word_1_138' title='bbox 352 1733 450 1806; x_wconf 90' lang='lat' dir='ltr'>parte,</span> <span class='ocrx_word' id='word_1_139' title='bbox 479 1726 570 1787; x_wconf 87' lang='lat' dir='ltr'>thesis</span> <span class='ocrx_word' id='word_1_140' title='bbox 597 1727 627 1786; x_wconf 90' lang='lat' dir='ltr'>io</span> <span class='ocrx_word' id='word_1_141' title='bbox 657 1724 787 1787; x_wconf 91' lang='lat' dir='ltr'>secunda</span> <span class='ocrx_word' id='word_1_142' title='bbox 814 1725 950 1806; x_wconf 89' lang='lat' dir='ltr'>ponenda</span> <span class='ocrx_word' id='word_1_143' title='bbox 973 1734 1031 1787; x_wconf 89' lang='lat' dir='ltr'>est:</span> <span class='ocrx_word' id='word_1_144' title='bbox 1063 1743 1206 1788; x_wconf 91' lang='lat' dir='ltr'>numerus</span> <span class='ocrx_word' id='word_1_145' title='bbox 1228 1727 1314 1787; x_wconf 86' lang='lat' dir='ltr'>etiam</span> <span class='ocrx_word' id='word_1_146' title='bbox 1337 1723 1518 1804; x_wconf 74' lang='lat' dir='ltr'>syllabarum</span> 
     </span>
    </p>

    <p class='ocr_par' dir='ltr' id='par_1_7' title="bbox 191 1826 1518 2318">
     <span class='ocr_line' id='line_1_17' title="bbox 191 1826 1518 1908; baseline 0.007 -26"><span class='ocrx_word' id='word_1_147' title='bbox 191 1841 216 1884; x_wconf 81' lang='lat'>15</span> <span class='ocrx_word' id='word_1_148' title='bbox 230 1836 259 1888; x_wconf 91' lang='lat' dir='ltr'>ct</span> <span class='ocrx_word' id='word_1_149' title='bbox 280 1836 410 1908; x_wconf 91' lang='lat' dir='ltr'>tempus,</span> <span class='ocrx_word' id='word_1_150' title='bbox 433 1835 577 1907; x_wconf 90' lang='lat' dir='ltr'>utsupra</span> <span class='ocrx_word' id='word_1_151' title='bbox 599 1826 709 1889; x_wconf 90' lang='lat' dir='ltr'>dictum</span> <span class='ocrx_word' id='word_1_152' title='bbox 731 1835 789 1889; x_wconf 88' lang='lat' dir='ltr'>est:</span> <span class='ocrx_word' id='word_1_153' title='bbox 814 1827 968 1900; x_wconf 87' lang='lat' dir='ltr'>resolutio,</span> <span class='ocrx_word' id='word_1_154' title='bbox 991 1835 1024 1889; x_wconf 92' lang='lat' dir='ltr'>ut</span> <span class='ocrx_word' id='word_1_155' title='bbox 1045 1829 1069 1889; x_wconf 91' lang='lat' dir='ltr'>si</span> <span class='ocrx_word' id='word_1_156' title='bbox 1091 1845 1146 1908; x_wconf 90' lang='lat' dir='ltr'>pro</span> <span class='ocrx_word' id='word_1_157' title='bbox 1166 1827 1297 1908; x_wconf 83' lang='lat' dir='ltr'>spondeo</span> <span class='ocrx_word' id='word_1_158' title='bbox 1311 1826 1518 1906; x_wconf 82' lang='lat' dir='ltr'>proceleuma-</span> 
     </span>
     <span class='ocr_line' id='line_1_18' title="bbox 228 1927 1517 2011; baseline 0.002 -20"><span class='ocrx_word' id='word_1_159' title='bbox 228 1931 303 1992; x_wconf 91' lang='lat' dir='ltr'>ticus</span> <span class='ocrx_word' id='word_1_160' title='bbox 329 1938 471 2011; x_wconf 92' lang='lat' dir='ltr'>ponatur,</span> <span class='ocrx_word' id='word_1_161' title='bbox 500 1938 534 1992; x_wconf 91' lang='lat' dir='ltr'>ut</span> <span class='ocrx_word' id='word_1_162' title='bbox 560 1938 605 1991; x_wconf 91' lang='lat' dir='ltr'>est</span> <span class='ocrx_word' id='word_1_163' title='bbox 632 1929 710 2010; x_wconf 92' lang='lat' dir='ltr'>apud</span> <span class='ocrx_word' id='word_1_164' title='bbox 731 1929 891 2010; x_wconf 79' lang='lat' dir='ltr'>Vergilium</span> <span class='ocrx_word' id='word_1_165' title='bbox 920 1934 1057 2010; x_wconf 77' lang='lat' dir='ltr'>‘genua</span> <span class='ocrx_word' id='word_1_166' title='bbox 1079 1927 1238 2001; x_wconf 87' lang='lat' dir='ltr'>lahant&#39;;</span> <span class='ocrx_word' id='word_1_167' title='bbox 1262 1928 1417 1992; x_wconf 87' lang='lat' dir='ltr'>solvuntur</span> <span class='ocrx_word' id='word_1_168' title='bbox 1438 1932 1517 1993; x_wconf 88' lang='lat' dir='ltr'>enim</span> 
     </span>
     <span class='ocr_line' id='line_1_19' title="bbox 229 2027 1518 2115; baseline 0.002 -22"><span class='ocrx_word' id='word_1_169' title='bbox 229 2033 303 2093; x_wconf 89' lang='lat' dir='ltr'>duae</span> <span class='ocrx_word' id='word_1_170' title='bbox 326 2030 432 2112; x_wconf 87' lang='lat' dir='ltr'>longae</span> <span class='ocrx_word' id='word_1_171' title='bbox 453 2034 484 2093; x_wconf 91' lang='lat' dir='ltr'>iu</span> <span class='ocrx_word' id='word_1_172' title='bbox 507 2039 644 2113; x_wconf 91' lang='lat' dir='ltr'>quattuor</span> <span class='ocrx_word' id='word_1_173' title='bbox 665 2031 785 2104; x_wconf 87' lang='lat' dir='ltr'>breves,</span> <span class='ocrx_word' id='word_1_174' title='bbox 808 2051 883 2114; x_wconf 89' lang='lat' dir='ltr'>quae</span> <span class='ocrx_word' id='word_1_175' title='bbox 905 2032 1068 2113; x_wconf 89' lang='lat' dir='ltr'>spondeum</span> <span class='ocrx_word' id='word_1_176' title='bbox 1083 2027 1098 2115; x_wconf 74' lang='lat' dir='ltr'>l}</span> <span class='ocrx_word' id='word_1_177' title='bbox 1111 2031 1181 2094; x_wconf 89' lang='lat' dir='ltr'>solis</span> <span class='ocrx_word' id='word_1_178' title='bbox 1202 2031 1300 2094; x_wconf 86' lang='lat' dir='ltr'>lacere</span> <span class='ocrx_word' id='word_1_179' title='bbox 1322 2029 1422 2094; x_wconf 87' lang='lat' dir='ltr'>solent</span> <span class='ocrx_word' id='word_1_180' title='bbox 1443 2041 1518 2095; x_wconf 86' lang='lat' dir='ltr'>tcm-</span> 
     </span>
     <span class='ocr_line' id='line_1_20' title="bbox 227 2132 1517 2215; baseline 0.002 -22"><span class='ocrx_word' id='word_1_181' title='bbox 227 2132 358 2214; x_wconf 92' lang='lat' dir='ltr'>poribus.</span> <span class='ocrx_word' id='word_1_182' title='bbox 402 2137 495 2215; x_wconf 83' lang='lat' dir='ltr'>ligura</span> <span class='ocrx_word' id='word_1_183' title='bbox 523 2136 611 2196; x_wconf 89' lang='lat' dir='ltr'>etiam</span> <span class='ocrx_word' id='word_1_184' title='bbox 640 2134 746 2196; x_wconf 90' lang='lat' dir='ltr'>accidit</span> <span class='ocrx_word' id='word_1_185' title='bbox 771 2134 853 2214; x_wconf 88' lang='lat' dir='ltr'>pedi,</span> <span class='ocrx_word' id='word_1_186' title='bbox 881 2144 915 2197; x_wconf 94' lang='lat' dir='ltr'>ut</span> <span class='ocrx_word' id='word_1_187' title='bbox 941 2136 966 2194; x_wconf 89' lang='lat' dir='ltr'>si</span> <span class='ocrx_word' id='word_1_188' title='bbox 988 2132 1111 2199; x_wconf 85' lang='lat' dir='ltr'>velimus</span> <span class='ocrx_word' id='word_1_189' title='bbox 1131 2134 1294 2213; x_wconf 81' lang='lat' dir='ltr'>spondeum</span> <span class='ocrx_word' id='word_1_190' title='bbox 1315 2134 1448 2215; x_wconf 84' lang='lat' dir='ltr'>figurare</span> <span class='ocrx_word' id='word_1_191' title='bbox 1470 2134 1517 2197; x_wconf 91' lang='lat' dir='ltr'>his</span> 
     </span>
     <span class='ocr_line' id='line_1_21' title="bbox 227 2235 1518 2318; baseline 0.002 -22"><span class='ocrx_word' id='word_1_192' title='bbox 227 2238 305 2297; x_wconf 86' lang='lat' dir='ltr'>notis</span> <span class='ocrx_word' id='word_1_193' title='bbox 327 2279 345 2287; x_wconf 93' lang='lat'>-</span> <span class='ocrx_word' id='word_1_194' title='bbox 364 2278 397 2308; x_wconf 92' lang='lat'>-,</span> <span class='ocrx_word' id='word_1_195' title='bbox 426 2237 607 2318; x_wconf 69' lang='lat' dir='ltr'>pprrichium</span> <span class='ocrx_word' id='word_1_196' title='bbox 636 2236 682 2299; x_wconf 91' lang='lat' dir='ltr'>his</span> <span class='ocrx_word' id='word_1_197' title='bbox 703 2269 722 2286; x_wconf 75' lang='grc' dir='ltr'>ν</span> <span class='ocrx_word' id='word_1_198' title='bbox 739 2267 772 2306; x_wconf 74' lang='grc' dir='ltr'>ν,</span> <span class='ocrx_word' id='word_1_199' title='bbox 801 2238 878 2298; x_wconf 90' lang='lat' dir='ltr'>sicut</span> <span class='ocrx_word' id='word_1_200' title='bbox 899 2237 987 2297; x_wconf 90' lang='lat' dir='ltr'>ctiam</span> <span class='ocrx_word' id='word_1_201' title='bbox 1009 2235 1088 2315; x_wconf 90' lang='lat' dir='ltr'>apud</span> <span class='ocrx_word' id='word_1_202' title='bbox 1110 2235 1238 2299; x_wconf 87' lang='lat' dir='ltr'>Graecos</span> <span class='ocrx_word' id='word_1_203' title='bbox 1259 2237 1347 2298; x_wconf 89' lang='lat' dir='ltr'>liunt:</span> <span class='ocrx_word' id='word_1_204' title='bbox 1384 2245 1518 2299; x_wconf 88' lang='lat' dir='ltr'>metrum</span> 
     </span>
    </p>

    <p class='ocr_par' dir='ltr' id='par_1_8' title="bbox 188 2332 1517 2522">
     <span class='ocr_line' id='line_1_22' title="bbox 188 2332 1517 2420; baseline 0.005 -24"><span class='ocrx_word' id='word_1_205' title='bbox 188 2355 361 2420; x_wconf 78' lang='lat' dir='ltr'>aequoque,</span> <span class='ocrx_word' id='word_1_206' title='bbox 390 2347 423 2400; x_wconf 92' lang='lat' dir='ltr'>ut</span> <span class='ocrx_word' id='word_1_207' title='bbox 451 2358 487 2401; x_wconf 85' lang='lat' dir='ltr'>ex</span> <span class='ocrx_word' id='word_1_208' title='bbox 514 2332 646 2420; x_wconf 90' lang='lat' dir='ltr'>spondeo</span> <span class='ocrx_word' id='word_1_209' title='bbox 679 2339 886 2420; x_wconf 89' lang='lat' dir='ltr'>spondiacum,</span> <span class='ocrx_word' id='word_1_210' title='bbox 916 2357 952 2400; x_wconf 84' lang='lat' dir='ltr'>ex</span> <span class='ocrx_word' id='word_1_211' title='bbox 974 2338 1115 2401; x_wconf 81' lang='lat' dir='ltr'>trochaeo</span> <span class='ocrx_word' id='word_1_212' title='bbox 1136 2338 1334 2410; x_wconf 89' lang='lat' dir='ltr'>trochaicum,</span> <span class='ocrx_word' id='word_1_213' title='bbox 1357 2357 1396 2402; x_wconf 86' lang='lat' dir='ltr'>ex</span> <span class='ocrx_word' id='word_1_214' title='bbox 1416 2338 1517 2403; x_wconf 82' lang='lat' dir='ltr'>iambo</span> 
     </span>
     <span class='ocr_line' id='line_1_23' title="bbox 226 2439 604 2522; baseline 0.003 -21"><span class='ocrx_word' id='word_1_215' title='bbox 226 2439 385 2503; x_wconf 89' lang='lat' dir='ltr'>iambicum</span> <span class='ocrx_word' id='word_1_216' title='bbox 408 2450 604 2522; x_wconf 87' lang='lat' dir='ltr'>nuncupatur.</span> 
     </span>
    </p>

    <p class='ocr_par' dir='ltr' id='par_1_9' title="bbox 226 2540 1516 2830">
     <span class='ocr_line' id='line_1_24' title="bbox 312 2540 1516 2626; baseline 0.002 -22"><span class='ocrx_word' id='word_1_217' title='bbox 312 2543 406 2623; x_wconf 85' lang='lat' dir='ltr'>Igitur</span> <span class='ocrx_word' id='word_1_218' title='bbox 420 2543 512 2625; x_wconf 87' lang='lat' dir='ltr'>pedes</span> <span class='ocrx_word' id='word_1_219' title='bbox 534 2542 669 2624; x_wconf 71' lang='lat' dir='ltr'>disyllabi</span> <span class='ocrx_word' id='word_1_220' title='bbox 690 2543 723 2604; x_wconf 94' lang='lat' dir='ltr'>hi</span> <span class='ocrx_word' id='word_1_221' title='bbox 744 2552 821 2613; x_wconf 90' lang='lat' dir='ltr'>suut,</span> <span class='ocrx_word' id='word_1_222' title='bbox 844 2543 1011 2626; x_wconf 75' lang='lat' dir='ltr'>pyrrichius</span> <span class='ocrx_word' id='word_1_223' title='bbox 1032 2541 1182 2624; x_wconf 86' lang='lat' dir='ltr'>spondeus</span> <span class='ocrx_word' id='word_1_224' title='bbox 1202 2540 1317 2604; x_wconf 85' lang='lat' dir='ltr'>lembus</span> <span class='ocrx_word' id='word_1_225' title='bbox 1338 2543 1516 2613; x_wconf 80' lang='lat' dir='ltr'>trochaeus:</span> 
     </span>
     <span class='ocr_line' id='line_1_25' title="bbox 226 2643 1516 2727; baseline 0.002 -21"><span class='ocrx_word' id='word_1_226' title='bbox 226 2645 370 2727; x_wconf 78' lang='lat' dir='ltr'>trisyllabi</span> <span class='ocrx_word' id='word_1_227' title='bbox 397 2647 443 2718; x_wconf 93' lang='lat' dir='ltr'>bi,</span> <span class='ocrx_word' id='word_1_228' title='bbox 471 2646 640 2708; x_wconf 86' lang='lat' dir='ltr'>tribrachus</span> <span class='ocrx_word' id='word_1_229' title='bbox 666 2645 813 2708; x_wconf 89' lang='lat' dir='ltr'>molossus</span> <span class='ocrx_word' id='word_1_230' title='bbox 841 2654 1016 2726; x_wconf 87' lang='lat' dir='ltr'>anapaestus</span> <span class='ocrx_word' id='word_1_231' title='bbox 1042 2643 1174 2725; x_wconf 81' lang='lat' dir='ltr'>dactylus</span> <span class='ocrx_word' id='word_1_232' title='bbox 1200 2643 1432 2726; x_wconf 85' lang='lat' dir='ltr'>amphibrachus</span> <span class='ocrx_word' id='word_1_233' title='bbox 1453 2665 1516 2709; x_wconf 88' lang='lat' dir='ltr'>am·</span> 
     </span>
     <span class='ocr_line' id='line_1_26' title="bbox 226 2745 1515 2830; baseline 0.001 -20"><span class='ocrx_word' id='word_1_234' title='bbox 226 2749 397 2829; x_wconf 90' lang='lat' dir='ltr'>phimacrus</span> <span class='ocrx_word' id='word_1_235' title='bbox 424 2746 563 2810; x_wconf 89' lang='lat' dir='ltr'>bacchius</span> <span class='ocrx_word' id='word_1_236' title='bbox 590 2747 836 2827; x_wconf 88' lang='lat' dir='ltr'>palimbacchius;</span> <span class='ocrx_word' id='word_1_237' title='bbox 864 2746 997 2829; x_wconf 90' lang='lat' dir='ltr'>duplices</span> <span class='ocrx_word' id='word_1_238' title='bbox 1018 2748 1067 2819; x_wconf 93' lang='lat' dir='ltr'>hi,</span> <span class='ocrx_word' id='word_1_239' title='bbox 1090 2745 1369 2829; x_wconf 82' lang='lat' dir='ltr'>proceleumaticus,</span> <span class='ocrx_word' id='word_1_240' title='bbox 1395 2748 1515 2830; x_wconf 80' lang='lat' dir='ltr'>dispon-</span> 
     </span>
    </p>

    <p class='ocr_par' dir='ltr' id='par_1_10' title="bbox 191 2848 1514 3239">
     <span class='ocr_line' id='line_1_27' title="bbox 191 2848 1514 2931; baseline 0.002 -23"><span class='ocrx_word' id='word_1_241' title='bbox 191 2864 217 2908; x_wconf 80' lang='lat' dir='ltr'>es</span> <span class='ocrx_word' id='word_1_242' title='bbox 231 2851 316 2921; x_wconf 88' lang='lat' dir='ltr'>deus,</span> <span class='ocrx_word' id='word_1_243' title='bbox 340 2850 500 2923; x_wconf 85' lang='lat' dir='ltr'>diiambus,</span> <span class='ocrx_word' id='word_1_244' title='bbox 525 2851 724 2920; x_wconf 87' lang='lat' dir='ltr'>ditrochaeus,</span> <span class='ocrx_word' id='word_1_245' title='bbox 749 2851 940 2931; x_wconf 88' lang='lat' dir='ltr'>antispastus,</span> <span class='ocrx_word' id='word_1_246' title='bbox 956 2848 1157 2920; x_wconf 90' lang='lat' dir='ltr'>choriambus,</span> <span class='ocrx_word' id='word_1_247' title='bbox 1174 2851 1289 2911; x_wconf 86' lang='lat' dir='ltr'>ionicus</span> <span class='ocrx_word' id='word_1_248' title='bbox 1302 2850 1416 2922; x_wconf 89' lang='lat' dir='ltr'>minor,</span> <span class='ocrx_word' id='word_1_249' title='bbox 1439 2851 1514 2911; x_wconf 89' lang='lat' dir='ltr'>ioni-</span> 
     </span>
     <span class='ocr_line' id='line_1_28' title="bbox 226 2951 1512 3034; baseline 0.001 -21"><span class='ocrx_word' id='word_1_250' title='bbox 226 2973 278 3014; x_wconf 89' lang='lat' dir='ltr'>cus</span> <span class='ocrx_word' id='word_1_251' title='bbox 301 2955 408 3027; x_wconf 90' lang='lat' dir='ltr'>maior,</span> <span class='ocrx_word' id='word_1_252' title='bbox 431 2972 527 3034; x_wconf 89' lang='lat' dir='ltr'>paeon</span> <span class='ocrx_word' id='word_1_253' title='bbox 548 2955 678 3034; x_wconf 90' lang='lat' dir='ltr'>primus,</span> <span class='ocrx_word' id='word_1_254' title='bbox 701 2970 795 3033; x_wconf 92' lang='lat' dir='ltr'>paeon</span> <span class='ocrx_word' id='word_1_255' title='bbox 818 2951 979 3022; x_wconf 88' lang='lat' dir='ltr'>secundus,</span> <span class='ocrx_word' id='word_1_256' title='bbox 1002 2970 1097 3032; x_wconf 90' lang='lat' dir='ltr'>paeon</span> <span class='ocrx_word' id='word_1_257' title='bbox 1119 2953 1239 3021; x_wconf 79' lang='lat' dir='ltr'>tertius,</span> <span class='ocrx_word' id='word_1_258' title='bbox 1261 2969 1355 3032; x_wconf 90' lang='lat' dir='ltr'>paeon</span> <span class='ocrx_word' id='word_1_259' title='bbox 1379 2960 1512 3030; x_wconf 82' lang='lat' dir='ltr'>quartus,</span> 
     </span>
     <span class='ocr_line' id='line_1_29' title="bbox 225 3055 1511 3136; baseline 0.002 -21"><span class='ocrx_word' id='word_1_260' title='bbox 225 3057 361 3135; x_wconf 89' lang='lat' dir='ltr'>epitritus</span> <span class='ocrx_word' id='word_1_261' title='bbox 389 3057 520 3136; x_wconf 91' lang='lat' dir='ltr'>primus,</span> <span class='ocrx_word' id='word_1_262' title='bbox 549 3057 684 3136; x_wconf 90' lang='lat' dir='ltr'>epitritus</span> <span class='ocrx_word' id='word_1_263' title='bbox 710 3055 873 3126; x_wconf 88' lang='lat' dir='ltr'>sccundus,</span> <span class='ocrx_word' id='word_1_264' title='bbox 903 3056 1037 3135; x_wconf 87' lang='lat' dir='ltr'>epitritus</span> <span class='ocrx_word' id='word_1_265' title='bbox 1065 3056 1182 3126; x_wconf 87' lang='lat' dir='ltr'>tertius,</span> <span class='ocrx_word' id='word_1_266' title='bbox 1218 3056 1353 3134; x_wconf 86' lang='lat' dir='ltr'>epitritus</span> <span class='ocrx_word' id='word_1_267' title='bbox 1380 3062 1511 3134; x_wconf 86' lang='lat' dir='ltr'>quartus.</span> 
     </span>
     <span class='ocr_line' id='line_1_30' title="bbox 227 3156 1513 3239; baseline -0.002 -21"><span class='ocrx_word' id='word_1_268' title='bbox 227 3178 263 3218; x_wconf 84' lang='lat' dir='ltr'>ex</span> <span class='ocrx_word' id='word_1_269' title='bbox 285 3157 392 3238; x_wconf 89' lang='lat' dir='ltr'>quihus</span> <span class='ocrx_word' id='word_1_270' title='bbox 414 3158 463 3219; x_wconf 90' lang='lat' dir='ltr'>alii</span> <span class='ocrx_word' id='word_1_271' title='bbox 484 3157 578 3239; x_wconf 87' lang='lat' dir='ltr'>pedes</span> <span class='ocrx_word' id='word_1_272' title='bbox 599 3156 644 3218; x_wconf 88' lang='lat' dir='ltr'>rel</span> <span class='ocrx_word' id='word_1_273' title='bbox 667 3158 822 3237; x_wconf 79' lang='lat' dir='ltr'>synzugice</span> <span class='ocrx_word' id='word_1_274' title='bbox 845 3158 926 3217; x_wconf 89' lang='lat' dir='ltr'>nasci</span> <span class='ocrx_word' id='word_1_275' title='bbox 947 3156 1124 3218; x_wconf 88' lang='lat' dir='ltr'>iudicantur.</span> <span class='ocrx_word' id='word_1_276' title='bbox 1154 3158 1291 3237; x_wconf 75' lang='lat' dir='ltr'>sphungia</span> <span class='ocrx_word' id='word_1_277' title='bbox 1306 3163 1351 3217; x_wconf 91' lang='lat' dir='ltr'>est</span> <span class='ocrx_word' id='word_1_278' title='bbox 1366 3175 1402 3216; x_wconf 85' lang='lat' dir='ltr'>er</span> <span class='ocrx_word' id='word_1_279' title='bbox 1426 3158 1513 3218; x_wconf 85' lang='lat' dir='ltr'>variis</span> 
     </span>
    </p>
   </div>
   <div class='ocr_carea' id='block_1_6' title="bbox 188 3256 1512 3444">
    <p class='ocr_par' dir='ltr' id='par_1_11' title="bbox 188 3256 1512 3444">
     <span class='ocr_line' id='line_1_31' title="bbox 224 3256 1512 3343; baseline 0 -23"><span class='ocrx_word' id='word_1_280' title='bbox 224 3259 349 3340; x_wconf 90' lang='lat' dir='ltr'>pedibus</span> <span class='ocrx_word' id='word_1_281' title='bbox 376 3259 454 3322; x_wconf 90' lang='lat' dir='ltr'>velut</span> <span class='ocrx_word' id='word_1_282' title='bbox 482 3262 512 3321; x_wconf 92' lang='lat' dir='ltr'>iu</span> <span class='ocrx_word' id='word_1_283' title='bbox 541 3279 633 3322; x_wconf 93' lang='lat' dir='ltr'>uuum</span> <span class='ocrx_word' id='word_1_284' title='bbox 655 3258 760 3338; x_wconf 87' lang='lat' dir='ltr'>pedem</span> <span class='ocrx_word' id='word_1_285' title='bbox 790 3257 912 3320; x_wconf 92' lang='lat' dir='ltr'>collecta</span> <span class='ocrx_word' id='word_1_286' title='bbox 935 3256 1101 3343; x_wconf 75' lang='lat' dir='ltr'>conclulsio.</span> <span class='ocrx_word' id='word_1_287' title='bbox 1147 3277 1214 3320; x_wconf 93' lang='lat' dir='ltr'>nam</span> <span class='ocrx_word' id='word_1_288' title='bbox 1237 3260 1353 3320; x_wconf 85' lang='lat' dir='ltr'>inventa</span> <span class='ocrx_word' id='word_1_289' title='bbox 1376 3266 1423 3318; x_wconf 92' lang='lat' dir='ltr'>est</span> <span class='ocrx_word' id='word_1_290' title='bbox 1444 3277 1512 3340; x_wconf 92' lang='lat' dir='ltr'>pro·</span> 
     </span>
     <span class='ocr_line' id='line_1_32' title="bbox 188 3358 1511 3444; baseline 0.001 -25"><span class='ocrx_word' id='word_1_291' title='bbox 188 3377 213 3419; x_wconf 85' lang='lat' dir='ltr'>ao</span> <span class='ocrx_word' id='word_1_292' title='bbox 226 3371 293 3443; x_wconf 91' lang='lat' dir='ltr'>pter</span> <span class='ocrx_word' id='word_1_293' title='bbox 315 3363 388 3424; x_wconf 88' lang='lat' dir='ltr'>haec</span> <span class='ocrx_word' id='word_1_294' title='bbox 417 3363 519 3435; x_wconf 84' lang='lat' dir='ltr'>rerba,</span> <span class='ocrx_word' id='word_1_295' title='bbox 548 3383 622 3444; x_wconf 89' lang='lat' dir='ltr'>quae</span> <span class='ocrx_word' id='word_1_296' title='bbox 646 3381 700 3423; x_wconf 88' lang='lat' dir='ltr'>uec</span> <span class='ocrx_word' id='word_1_297' title='bbox 723 3360 931 3440; x_wconf 73' lang='lat' dir='ltr'>disyllaborum</span> <span class='ocrx_word' id='word_1_298' title='bbox 955 3379 1009 3421; x_wconf 92' lang='lat' dir='ltr'>nec</span> <span class='ocrx_word' id='word_1_299' title='bbox 1031 3360 1248 3439; x_wconf 66' lang='lat' dir='ltr'>trisyllaborum</span> <span class='ocrx_word' id='word_1_300' title='bbox 1272 3378 1327 3421; x_wconf 88' lang='lat' dir='ltr'>nee</span> <span class='ocrx_word' id='word_1_301' title='bbox 1349 3358 1511 3440; x_wconf 73' lang='lat' dir='ltr'>quadrisyl-</span> 
     </span>
    </p>
   </div>
   <div class='ocr_carea' id='block_1_7' title="bbox 219 3513 1515 4702">
    <p class='ocr_par' dir='ltr' id='par_1_12' title="bbox 220 3513 1515 4421">
     <span class='ocr_line' id='line_1_33' title="bbox 294 3513 1511 3583; baseline -0.002 -17"><span class='ocrx_word' id='word_1_302' title='bbox 294 3517 308 3566; x_wconf 93' lang='lat' dir='ltr'>l</span> <span class='ocrx_word' id='word_1_303' title='bbox 328 3518 503 3579; x_wconf 85' lang='lat' dir='ltr'>pentimemirc</span> <span class='ocrx_word' id='word_1_304' title='bbox 522 3525 547 3566; x_wconf 87' lang='lat' dir='ltr'>et</span> <span class='ocrx_word' id='word_1_305' title='bbox 562 3516 719 3583; x_wconf 87' lang='lat' dir='ltr'>eptimemire</span> <span class='ocrx_word' id='word_1_306' title='bbox 737 3515 763 3564; x_wconf 87' lang='lat' dir='ltr'><em>F</em></span> <span class='ocrx_word' id='word_1_307' title='bbox 778 3516 971 3581; x_wconf 87' lang='lat' dir='ltr'>pentimimeren</span> <span class='ocrx_word' id='word_1_308' title='bbox 988 3522 1012 3564; x_wconf 88' lang='lat' dir='ltr'>et</span> <span class='ocrx_word' id='word_1_309' title='bbox 1031 3514 1204 3581; x_wconf 86' lang='lat' dir='ltr'>eptimimerac</span> <span class='ocrx_word' id='word_1_310' title='bbox 1221 3513 1247 3563; x_wconf 99' lang='grc' dir='ltr'><em>Β</em></span> <span class='ocrx_word' id='word_1_311' title='bbox 1306 3527 1370 3577; x_wconf 83' lang='lat' dir='ltr'>quas</span> <span class='ocrx_word' id='word_1_312' title='bbox 1389 3523 1511 3579; x_wconf 80' lang='lat' dir='ltr'>utresque</span> 
     </span>
     <span class='ocr_line' id='line_1_34' title="bbox 223 3582 1512 3650; baseline 0.001 -18"><span class='ocrx_word' id='word_1_313' title='bbox 223 3586 306 3637; x_wconf 78' lang='lat' dir='ltr'>codex</span> <span class='ocrx_word' id='word_1_314' title='bbox 324 3586 497 3650; x_wconf 73' lang='lat' dir='ltr'>Sangallensis</span> <span class='ocrx_word' id='word_1_315' title='bbox 520 3601 583 3650; x_wconf 88' lang='lat' dir='ltr'>quas</span> <span class='ocrx_word' id='word_1_316' title='bbox 608 3588 706 3649; x_wconf 87' lang='lat' dir='ltr'>utrique</span> <span class='ocrx_word' id='word_1_317' title='bbox 732 3601 800 3640; x_wconf 84' lang='lat' dir='ltr'>corr.</span> <span class='ocrx_word' id='word_1_318' title='bbox 826 3601 890 3648; x_wconf 89' lang='lat' dir='ltr'>quas</span> <span class='ocrx_word' id='word_1_319' title='bbox 907 3596 1028 3648; x_wconf 84' lang='lat' dir='ltr'>utrasque</span> <span class='ocrx_word' id='word_1_320' title='bbox 1045 3585 1072 3635; x_wconf 93' lang='lat' dir='ltr'><em>F</em></span> <span class='ocrx_word' id='word_1_321' title='bbox 1089 3600 1153 3648; x_wconf 81' lang='lat' dir='ltr'>quae</span> <span class='ocrx_word' id='word_1_322' title='bbox 1171 3593 1277 3648; x_wconf 86' lang='lat' dir='ltr'>utreque</span> <span class='ocrx_word' id='word_1_323' title='bbox 1295 3582 1321 3631; x_wconf 87' lang='lat' dir='ltr'><em>B</em></span> <span class='ocrx_word' id='word_1_324' title='bbox 1337 3598 1403 3648; x_wconf 84' lang='lat' dir='ltr'>quas</span> <span class='ocrx_word' id='word_1_325' title='bbox 1426 3585 1512 3647; x_wconf 87' lang='lat' dir='ltr'>utiquc</span> 
     </span>
     <span class='ocr_line' id='line_1_35' title="bbox 224 3653 1442 3718; baseline 0.002 -15"><span class='ocrx_word' id='word_1_326' title='bbox 224 3655 308 3704; x_wconf 80' lang='lat' dir='ltr'>codex</span> <span class='ocrx_word' id='word_1_327' title='bbox 329 3657 462 3706; x_wconf 80' lang='lat' dir='ltr'>Leideneir</span> <span class='ocrx_word' id='word_1_328' title='bbox 542 3656 651 3706; x_wconf 80' lang='lat' dir='ltr'>2itaF</span> <span class='ocrx_word' id='word_1_329' title='bbox 667 3666 694 3704; x_wconf 92' lang='lat' dir='ltr'>ut</span> <span class='ocrx_word' id='word_1_330' title='bbox 710 3655 737 3704; x_wconf 85' lang='lat' dir='ltr'><em>B</em></span> <span class='ocrx_word' id='word_1_331' title='bbox 822 3670 893 3705; x_wconf 86' lang='lat' dir='ltr'>ermu</span> <span class='ocrx_word' id='word_1_332' title='bbox 904 3657 1038 3718; x_wconf 87' lang='lat' dir='ltr'>uirumque</span> <span class='ocrx_word' id='word_1_333' title='bbox 1050 3670 1113 3706; x_wconf 81' lang='lat' dir='ltr'>cuno</span> <span class='ocrx_word' id='word_1_334' title='bbox 1128 3656 1187 3704; x_wconf 84' lang='lat' dir='ltr'>item</span> <span class='ocrx_word' id='word_1_335' title='bbox 1205 3671 1251 3705; x_wconf 86' lang='lat' dir='ltr'>our.</span> <span class='ocrx_word' id='word_1_336' title='bbox 1265 3653 1322 3713; x_wconf 89' lang='lat' dir='ltr'>BF,</span> <span class='ocrx_word' id='word_1_337' title='bbox 1341 3654 1442 3712; x_wconf 66' lang='lat' dir='ltr'>adds</span> 
     </span>
     <span class='ocr_line' id='line_1_36' title="bbox 222 3722 1512 3792; baseline 0 -18"><span class='ocrx_word' id='word_1_338' title='bbox 222 3726 239 3774; x_wconf 80' lang='lat'>4</span> <span class='ocrx_word' id='word_1_339' title='bbox 257 3740 289 3773; x_wconf 83' lang='lat' dir='ltr'>ns</span> <span class='ocrx_word' id='word_1_340' title='bbox 311 3739 415 3776; x_wconf 74' lang='lat' dir='ltr'>eburnus</span> <span class='ocrx_word' id='word_1_341' title='bbox 432 3753 465 3761; x_wconf 91' lang='lat'>—</span> <span class='ocrx_word' id='word_1_342' title='bbox 482 3724 543 3789; x_wconf 81' lang='grc'><strong>482,</strong></span> <span class='ocrx_word' id='word_1_343' title='bbox 562 3729 578 3775; x_wconf 83' lang='grc'>4</span> <span class='ocrx_word' id='word_1_344' title='bbox 595 3726 707 3791; x_wconf 72' lang='lat' dir='ltr'>syllabas</span> <span class='ocrx_word' id='word_1_345' title='bbox 729 3722 839 3792; x_wconf 90' lang='lat' dir='ltr'>mittunt]</span> <span class='ocrx_word' id='word_1_346' title='bbox 859 3728 992 3791; x_wconf 82' lang='lat' dir='ltr'>adscripta</span> <span class='ocrx_word' id='word_1_347' title='bbox 1007 3733 1046 3774; x_wconf 83' lang='lat' dir='ltr'>cet</span> <span class='ocrx_word' id='word_1_348' title='bbox 1062 3726 1232 3789; x_wconf 77' lang='lat' dir='ltr'>discrepantia</span> <span class='ocrx_word' id='word_1_349' title='bbox 1253 3727 1402 3787; x_wconf 74' lang='lat' dir='ltr'>scripturae</span> <span class='ocrx_word' id='word_1_350' title='bbox 1416 3725 1512 3775; x_wconf 75' lang='lat' dir='ltr'>codicis</span> 
     </span>
     <span class='ocr_line' id='line_1_37' title="bbox 223 3794 1512 3861; baseline 0.003 -20"><span class='ocrx_word' id='word_1_351' title='bbox 223 3795 338 3845; x_wconf 81' lang='lat' dir='ltr'>Parisinr&#39;</span> <span class='ocrx_word' id='word_1_352' title='bbox 354 3795 422 3848; x_wconf 73' lang='lat'><strong>7530</strong></span> <span class='ocrx_word' id='word_1_353' title='bbox 438 3794 487 3859; x_wconf 84' lang='lat' dir='ltr'>(P)</span> <span class='ocrx_word' id='word_1_354' title='bbox 573 3796 676 3859; x_wconf 74' lang='lat' dir='ltr'>bqrrod</span> <span class='ocrx_word' id='word_1_355' title='bbox 695 3796 768 3859; x_wconf 73' lang='lat' dir='ltr'>qumi</span> <span class='ocrx_word' id='word_1_356' title='bbox 786 3796 826 3852; x_wconf 77' lang='grc' dir='ltr'>Βς</span> <span class='ocrx_word' id='word_1_357' title='bbox 896 3796 978 3846; x_wconf 88' lang='lat' dir='ltr'>dictus</span> <span class='ocrx_word' id='word_1_358' title='bbox 996 3795 1082 3859; x_wconf 85' lang='lat' dir='ltr'>pesB</span> <span class='ocrx_word' id='word_1_359' title='bbox 1099 3810 1146 3861; x_wconf 85' lang='lat' dir='ltr'>pes</span> <span class='ocrx_word' id='word_1_360' title='bbox 1161 3794 1244 3844; x_wconf 86' lang='lat' dir='ltr'>dictus</span> <span class='ocrx_word' id='word_1_361' title='bbox 1263 3802 1301 3844; x_wconf 88' lang='lat' dir='ltr'>est</span> <span class='ocrx_word' id='word_1_362' title='bbox 1318 3795 1344 3844; x_wconf 87' lang='lat' dir='ltr'><em>P</em></span> <span class='ocrx_word' id='word_1_363' title='bbox 1430 3794 1512 3845; x_wconf 81' lang='lat' dir='ltr'>lihoc</span> 
     </span>
     <span class='ocr_line' id='line_1_38' title="bbox 223 3863 1512 3930; baseline 0 -18"><span class='ocrx_word' id='word_1_364' title='bbox 223 3878 268 3912; x_wconf 77' lang='lat' dir='ltr'>our.</span> <span class='ocrx_word' id='word_1_365' title='bbox 285 3864 326 3920; x_wconf 87' lang='grc' dir='ltr'>Ρς</span> <span class='ocrx_word' id='word_1_366' title='bbox 396 3880 538 3916; x_wconf 87' lang='lat' dir='ltr'>mensuram</span> <span class='ocrx_word' id='word_1_367' title='bbox 558 3866 583 3915; x_wconf 90' lang='lat' dir='ltr'><em>P</em></span> <span class='ocrx_word' id='word_1_368' title='bbox 651 3866 754 3914; x_wconf 80' lang='lat' dir='ltr'>ienim</span> <span class='ocrx_word' id='word_1_369' title='bbox 774 3880 876 3915; x_wconf 88' lang='lat' dir='ltr'>uersum</span> <span class='ocrx_word' id='word_1_370' title='bbox 895 3865 1034 3915; x_wconf 86' lang='lat' dir='ltr'>hieroicum</span> <span class='ocrx_word' id='word_1_371' title='bbox 1054 3864 1078 3913; x_wconf 93' lang='lat' dir='ltr'><em>F</em></span> <span class='ocrx_word' id='word_1_372' title='bbox 1157 3863 1286 3930; x_wconf 82' lang='lat' dir='ltr'>8pedem</span> <span class='ocrx_word' id='word_1_373' title='bbox 1304 3879 1512 3929; x_wconf 82' lang='lat' dir='ltr'>unumquemque</span> 
     </span>
     <span class='ocr_line' id='line_1_39' title="bbox 223 3932 1512 4001; baseline 0.001 -18"><span class='ocrx_word' id='word_1_374' title='bbox 223 3934 248 3983; x_wconf 90' lang='lat' dir='ltr'><em>P</em></span> <span class='ocrx_word' id='word_1_375' title='bbox 264 3933 356 3999; x_wconf 88' lang='lat' dir='ltr'>pedum</span> <span class='ocrx_word' id='word_1_376' title='bbox 375 3951 579 4000; x_wconf 89' lang='lat' dir='ltr'>unumquemque</span> <span class='ocrx_word' id='word_1_377' title='bbox 597 3936 840 3999; x_wconf 89' lang='lat' dir='ltr'>Fuuumquemque</span> <span class='ocrx_word' id='word_1_378' title='bbox 860 3935 952 4001; x_wconf 87' lang='lat' dir='ltr'>pedem</span> <span class='ocrx_word' id='word_1_379' title='bbox 969 3936 995 3985; x_wconf 91' lang='lat' dir='ltr'><em>B</em></span> <span class='ocrx_word' id='word_1_380' title='bbox 1077 3934 1150 3984; x_wconf 79' lang='lat' dir='ltr'>lieet</span> <span class='ocrx_word' id='word_1_381' title='bbox 1166 3949 1212 3985; x_wconf 86' lang='lat' dir='ltr'>orn.</span> <span class='ocrx_word' id='word_1_382' title='bbox 1232 3933 1257 3982; x_wconf 91' lang='lat' dir='ltr'><em>F</em></span> <span class='ocrx_word' id='word_1_383' title='bbox 1342 3932 1375 3984; x_wconf 82' lang='lat'>12</span> <span class='ocrx_word' id='word_1_384' title='bbox 1396 3948 1454 3985; x_wconf 86' lang='lat' dir='ltr'>curn</span> <span class='ocrx_word' id='word_1_385' title='bbox 1471 3934 1512 3984; x_wconf 86' lang='lat' dir='ltr'>his</span> 
     </span>
     <span class='ocr_line' id='line_1_40' title="bbox 222 4002 1512 4071; baseline 0.002 -19"><span class='ocrx_word' id='word_1_386' title='bbox 222 4004 263 4053; x_wconf 91' lang='lat' dir='ltr'>ucl</span> <span class='ocrx_word' id='word_1_387' title='bbox 280 4020 357 4070; x_wconf 83' lang='lat' dir='ltr'>snpra</span> <span class='ocrx_word' id='word_1_388' title='bbox 375 4005 400 4054; x_wconf 93' lang='lat' dir='ltr'><em>P</em></span> <span class='ocrx_word' id='word_1_389' title='bbox 467 4007 562 4071; x_wconf 84' lang='lat' dir='ltr'>scripte</span> <span class='ocrx_word' id='word_1_390' title='bbox 578 4021 647 4056; x_wconf 84' lang='lat' dir='ltr'>corr.</span> <span class='ocrx_word' id='word_1_391' title='bbox 666 4006 698 4053; x_wconf 91' lang='lat' dir='ltr'>-ti</span> <span class='ocrx_word' id='word_1_392' title='bbox 716 4005 741 4055; x_wconf 92' lang='lat' dir='ltr'><em>F</em></span> <span class='ocrx_word' id='word_1_393' title='bbox 821 4004 967 4056; x_wconf 70' lang='lat' dir='ltr'>termedo</span> <span class='ocrx_word' id='word_1_394' title='bbox 987 4003 1012 4054; x_wconf 92' lang='lat' dir='ltr'><em>B</em></span> <span class='ocrx_word' id='word_1_395' title='bbox 1032 4002 1173 4054; x_wconf 80' lang='lat' dir='ltr'>accidatP</span> <span class='ocrx_word' id='word_1_396' title='bbox 1240 4003 1355 4055; x_wconf 86' lang='lat' dir='ltr'>elatioB</span> <span class='ocrx_word' id='word_1_397' title='bbox 1440 4004 1512 4056; x_wconf 68' lang='lat' dir='ltr'>lbet</span> 
     </span>
     <span class='ocr_line' id='line_1_41' title="bbox 221 4071 1426 4141; baseline -0.001 -17"><span class='ocrx_word' id='word_1_398' title='bbox 221 4090 266 4129; x_wconf 85' lang='lat' dir='ltr'>om,</span> <span class='ocrx_word' id='word_1_399' title='bbox 287 4074 313 4123; x_wconf 93' lang='lat' dir='ltr'><em>P</em></span> <span class='ocrx_word' id='word_1_400' title='bbox 399 4075 429 4127; x_wconf 86' lang='lat'>16</span> <span class='ocrx_word' id='word_1_401' title='bbox 448 4075 517 4141; x_wconf 86' lang='lat' dir='ltr'>apud</span> <span class='ocrx_word' id='word_1_402' title='bbox 536 4072 687 4141; x_wconf 87' lang='lat' dir='ltr'>Vergilium]</span> <span class='ocrx_word' id='word_1_403' title='bbox 708 4074 773 4127; x_wconf 76' lang='lat' dir='ltr'>Aen.</span> <span class='ocrx_word' id='word_1_404' title='bbox 790 4073 838 4125; x_wconf 87' lang='lat' dir='ltr'>Xll</span> <span class='ocrx_word' id='word_1_405' title='bbox 855 4074 906 4125; x_wconf 84' lang='grc'>905</span> <span class='ocrx_word' id='word_1_406' title='bbox 997 4074 1028 4124; x_wconf 86' lang='grc'>17</span> <span class='ocrx_word' id='word_1_407' title='bbox 1046 4074 1108 4123; x_wconf 83' lang='lat' dir='ltr'>solie</span> <span class='ocrx_word' id='word_1_408' title='bbox 1125 4071 1209 4124; x_wconf 85' lang='lat' dir='ltr'>iecere</span> <span class='ocrx_word' id='word_1_409' title='bbox 1225 4073 1381 4139; x_wconf 85' lang='lat' dir='ltr'>temporibus</span> <span class='ocrx_word' id='word_1_410' title='bbox 1399 4074 1426 4123; x_wconf 92' lang='lat' dir='ltr'><em>P</em></span> 
     </span>
     <span class='ocr_line' id='line_1_42' title="bbox 223 4142 1512 4211; baseline 0 -17"><span class='ocrx_word' id='word_1_411' title='bbox 223 4143 366 4194; x_wconf 77' lang='lat' dir='ltr'>lssoccedit</span> <span class='ocrx_word' id='word_1_412' title='bbox 382 4147 409 4197; x_wconf 86' lang='grc' dir='ltr'><em>Β</em></span> <span class='ocrx_word' id='word_1_413' title='bbox 480 4146 512 4196; x_wconf 83' lang='grc'>19</span> <span class='ocrx_word' id='word_1_414' title='bbox 528 4156 686 4209; x_wconf 87' lang='lat' dir='ltr'>metrumque</span> <span class='ocrx_word' id='word_1_415' title='bbox 704 4154 731 4196; x_wconf 90' lang='lat' dir='ltr'>ut</span> <span class='ocrx_word' id='word_1_416' title='bbox 752 4146 777 4196; x_wconf 92' lang='lat' dir='ltr'><em>P</em></span> <span class='ocrx_word' id='word_1_417' title='bbox 793 4154 898 4196; x_wconf 88' lang='lat' dir='ltr'>metrum</span> <span class='ocrx_word' id='word_1_418' title='bbox 924 4143 993 4209; x_wconf 92' lang='lat' dir='ltr'>quod</span> <span class='ocrx_word' id='word_1_419' title='bbox 1013 4143 1061 4194; x_wconf 86' lang='lat' dir='ltr'>BF</span> <span class='ocrx_word' id='word_1_420' title='bbox 1127 4142 1162 4194; x_wconf 91' lang='grc'>20</span> <span class='ocrx_word' id='word_1_421' title='bbox 1184 4159 1216 4193; x_wconf 85' lang='lat' dir='ltr'>ex</span> <span class='ocrx_word' id='word_1_422' title='bbox 1239 4145 1355 4211; x_wconf 85' lang='lat' dir='ltr'>spondeo</span> <span class='ocrx_word' id='word_1_423' title='bbox 1372 4144 1512 4210; x_wconf 74' lang='lat' dir='ltr'>spondeti-</span> 
     </span>
     <span class='ocr_line' id='line_1_43' title="bbox 221 4213 1512 4281; baseline 0 -17"><span class='ocrx_word' id='word_1_424' title='bbox 221 4230 279 4264; x_wconf 90' lang='lat' dir='ltr'>cum</span> <span class='ocrx_word' id='word_1_425' title='bbox 298 4213 325 4264; x_wconf 90' lang='lat' dir='ltr'><em>F</em></span> <span class='ocrx_word' id='word_1_426' title='bbox 389 4216 424 4265; x_wconf 84' lang='grc'>22</span> <span class='ocrx_word' id='word_1_427' title='bbox 439 4215 559 4280; x_wconf 77' lang='lat' dir='ltr'>disyllabi</span> <span class='ocrx_word' id='word_1_428' title='bbox 577 4224 636 4265; x_wconf 90' lang='lat' dir='ltr'>sunt</span> <span class='ocrx_word' id='word_1_429' title='bbox 653 4224 772 4279; x_wconf 86' lang='lat' dir='ltr'>quattuor</span> <span class='ocrx_word' id='word_1_430' title='bbox 794 4214 952 4281; x_wconf 74' lang='lat' dir='ltr'>pyrrhichius</span> <span class='ocrx_word' id='word_1_431' title='bbox 971 4215 1014 4277; x_wconf 91' lang='lat' dir='ltr'>qui</span> <span class='ocrx_word' id='word_1_432' title='bbox 1031 4221 1056 4264; x_wconf 89' lang='lat' dir='ltr'>et</span> <span class='ocrx_word' id='word_1_433' title='bbox 1073 4213 1174 4264; x_wconf 84' lang='lat' dir='ltr'>chorios</span> <span class='ocrx_word' id='word_1_434' title='bbox 1190 4221 1215 4264; x_wconf 86' lang='lat' dir='ltr'>et</span> <span class='ocrx_word' id='word_1_435' title='bbox 1229 4214 1362 4281; x_wconf 85' lang='lat' dir='ltr'>perlambo</span> <span class='ocrx_word' id='word_1_436' title='bbox 1376 4213 1474 4264; x_wconf 85' lang='lat' dir='ltr'>dicitur</span> <span class='ocrx_word' id='word_1_437' title='bbox 1487 4224 1512 4264; x_wconf 80' lang='lat' dir='ltr'>et</span> 
     </span>
     <span class='ocr_line' id='line_1_44' title="bbox 222 4281 1446 4352; baseline 0.002 -19"><span class='ocrx_word' id='word_1_438' title='bbox 222 4301 327 4352; x_wconf 85' lang='lat' dir='ltr'>egemon</span> <span class='ocrx_word' id='word_1_439' title='bbox 347 4285 476 4351; x_wconf 83' lang='lat' dir='ltr'>spondeus</span> <span class='ocrx_word' id='word_1_440' title='bbox 495 4286 521 4335; x_wconf 90' lang='lat' dir='ltr'><em>P</em></span> <span class='ocrx_word' id='word_1_441' title='bbox 603 4285 637 4336; x_wconf 82' lang='grc'>23</span> <span class='ocrx_word' id='word_1_442' title='bbox 656 4285 779 4350; x_wconf 67' lang='lat' dir='ltr'>trisyllabi</span> <span class='ocrx_word' id='word_1_443' title='bbox 798 4293 854 4335; x_wconf 87' lang='lat' dir='ltr'>octo</span> <span class='ocrx_word' id='word_1_444' title='bbox 872 4285 899 4334; x_wconf 94' lang='lat' dir='ltr'>hi</span> <span class='ocrx_word' id='word_1_445' title='bbox 914 4282 1058 4335; x_wconf 78' lang='lat' dir='ltr'>tribrachus</span> <span class='ocrx_word' id='word_1_446' title='bbox 1075 4284 1100 4335; x_wconf 89' lang='lat' dir='ltr'><em>P</em></span> <span class='ocrx_word' id='word_1_447' title='bbox 1116 4281 1254 4349; x_wconf 80' lang='lat' dir='ltr'>trissyllehi</span> <span class='ocrx_word' id='word_1_448' title='bbox 1272 4284 1400 4334; x_wconf 78' lang='lat' dir='ltr'>trihrecus</span> <span class='ocrx_word' id='word_1_449' title='bbox 1418 4286 1446 4335; x_wconf 85' lang='lat' dir='ltr'><em>F</em></span> 
     </span>
     <span class='ocr_line' id='line_1_45' title="bbox 220 4352 1515 4421; baseline 0.002 -18"><span class='ocrx_word' id='word_1_450' title='bbox 220 4355 357 4407; x_wconf 84' lang='lat' dir='ltr'>tribrachis</span> <span class='ocrx_word' id='word_1_451' title='bbox 373 4355 399 4404; x_wconf 87' lang='lat' dir='ltr'><em>B</em></span> <span class='ocrx_word' id='word_1_452' title='bbox 468 4353 659 4421; x_wconf 80' lang='lat' dir='ltr'>nmphibrechis</span> <span class='ocrx_word' id='word_1_453' title='bbox 674 4355 700 4405; x_wconf 90' lang='lat' dir='ltr'><em>B</em></span> <span class='ocrx_word' id='word_1_454' title='bbox 769 4356 804 4406; x_wconf 85' lang='grc'>24</span> <span class='ocrx_word' id='word_1_455' title='bbox 819 4355 1001 4420; x_wconf 79' lang='lat' dir='ltr'>palimbaccius</span> <span class='ocrx_word' id='word_1_456' title='bbox 1019 4352 1046 4404; x_wconf 89' lang='lat' dir='ltr'><em>B</em></span> <span class='ocrx_word' id='word_1_457' title='bbox 1062 4352 1255 4420; x_wconf 83' lang='lat' dir='ltr'>pulinhacchius</span> <span class='ocrx_word' id='word_1_458' title='bbox 1270 4355 1297 4404; x_wconf 94' lang='lat' dir='ltr'><em>P</em></span> <span class='ocrx_word' id='word_1_459' title='bbox 1313 4352 1473 4405; x_wconf 77' lang='lat' dir='ltr'>antibachius</span> <span class='ocrx_word' id='word_1_460' title='bbox 1489 4354 1515 4406; x_wconf 82' lang='lat' dir='ltr'><em>F</em></span> 
     </span>
    </p>

    <p class='ocr_par' dir='ltr' id='par_1_13' title="bbox 219 4422 1509 4702">
     <span class='ocr_line' id='line_1_46' title="bbox 311 4422 1447 4493; baseline -0.002 -16"><span class='ocrx_word' id='word_1_461' title='bbox 311 4426 427 4493; x_wconf 84' lang='lat' dir='ltr'>duplices</span> <span class='ocrx_word' id='word_1_462' title='bbox 443 4426 554 4475; x_wconf 86' lang='lat' dir='ltr'>sedecim</span> <span class='ocrx_word' id='word_1_463' title='bbox 574 4424 599 4474; x_wconf 90' lang='lat' dir='ltr'>hi</span> <span class='ocrx_word' id='word_1_464' title='bbox 619 4427 643 4476; x_wconf 90' lang='lat' dir='ltr'><em>P</em></span> <span class='ocrx_word' id='word_1_465' title='bbox 660 4425 775 4491; x_wconf 84' lang='lat' dir='ltr'>duplices</span> <span class='ocrx_word' id='word_1_466' title='bbox 793 4424 820 4474; x_wconf 89' lang='lat' dir='ltr'>hi</span> <span class='ocrx_word' id='word_1_467' title='bbox 839 4433 898 4475; x_wconf 88' lang='lat' dir='ltr'>sunt</span> <span class='ocrx_word' id='word_1_468' title='bbox 916 4424 943 4475; x_wconf 84' lang='lat' dir='ltr'><em>F</em></span> <span class='ocrx_word' id='word_1_469' title='bbox 1028 4426 1062 4474; x_wconf 72' lang='lat'>25</span> <span class='ocrx_word' id='word_1_470' title='bbox 1081 4424 1198 4474; x_wconf 85' lang='lat' dir='ltr'>dierubue</span> <span class='ocrx_word' id='word_1_471' title='bbox 1216 4422 1375 4475; x_wconf 84' lang='lat' dir='ltr'>distrochena</span> <span class='ocrx_word' id='word_1_472' title='bbox 1393 4422 1447 4475; x_wconf 84' lang='lat' dir='ltr'>BF</span> 
     </span>
     <span class='ocr_line' id='line_1_47' title="bbox 221 4493 1509 4562; baseline 0 -17"><span class='ocrx_word' id='word_1_473' title='bbox 221 4495 255 4545; x_wconf 87' lang='grc'>28</span> <span class='ocrx_word' id='word_1_474' title='bbox 272 4497 350 4562; x_wconf 85' lang='lat' dir='ltr'>pedes</span> <span class='ocrx_word' id='word_1_475' title='bbox 369 4495 409 4546; x_wconf 88' lang='lat' dir='ltr'>uel</span> <span class='ocrx_word' id='word_1_476' title='bbox 428 4495 561 4562; x_wconf 83' lang='lat' dir='ltr'>eiuzugiue</span> <span class='ocrx_word' id='word_1_477' title='bbox 582 4493 735 4562; x_wconf 87' lang='lat' dir='ltr'>(sencugiae</span> <span class='ocrx_word' id='word_1_478' title='bbox 752 4493 786 4559; x_wconf 89' lang='lat' dir='ltr'>F)</span> <span class='ocrx_word' id='word_1_479' title='bbox 802 4497 873 4545; x_wconf 79' lang='lat' dir='ltr'>tresel</span> <span class='ocrx_word' id='word_1_480' title='bbox 897 4494 1040 4544; x_wconf 85' lang='lat' dir='ltr'>iudicantur</span> <span class='ocrx_word' id='word_1_481' title='bbox 1061 4493 1113 4544; x_wconf 87' lang='lat' dir='ltr'>BF</span> <span class='ocrx_word' id='word_1_482' title='bbox 1132 4493 1245 4561; x_wconf 83' lang='lat' dir='ltr'>pedesne</span> <span class='ocrx_word' id='word_1_483' title='bbox 1266 4493 1444 4559; x_wconf 66' lang='lat' dir='ltr'>synzygieeue</span> <span class='ocrx_word' id='word_1_484' title='bbox 1465 4506 1509 4545; x_wconf 86' lang='lat' dir='ltr'>ua·</span> 
     </span>
     <span class='ocr_line' id='line_1_48' title="bbox 220 4563 1443 4632; baseline -0.001 -17"><span class='ocrx_word' id='word_1_485' title='bbox 220 4567 365 4615; x_wconf 80' lang='lat' dir='ltr'>sonaturP</span> <span class='ocrx_word' id='word_1_486' title='bbox 436 4567 562 4632; x_wconf 81' lang='lat' dir='ltr'>synzugia</span> <span class='ocrx_word' id='word_1_487' title='bbox 581 4580 648 4620; x_wconf 88' lang='lat' dir='ltr'>corr.</span> <span class='ocrx_word' id='word_1_488' title='bbox 668 4566 787 4630; x_wconf 82' lang='lat' dir='ltr'>sinzugiu</span> <span class='ocrx_word' id='word_1_489' title='bbox 804 4566 972 4631; x_wconf 73' lang='lat' dir='ltr'>Bnpnzygin</span> <span class='ocrx_word' id='word_1_490' title='bbox 988 4564 1154 4630; x_wconf 82' lang='lat' dir='ltr'>Peeneugla</span> <span class='ocrx_word' id='word_1_491' title='bbox 1174 4564 1200 4613; x_wconf 89' lang='lat' dir='ltr'><em>F</em></span> <span class='ocrx_word' id='word_1_492' title='bbox 1266 4563 1302 4615; x_wconf 83' lang='grc'>29</span> <span class='ocrx_word' id='word_1_493' title='bbox 1317 4563 1398 4615; x_wconf 89' lang='lat' dir='ltr'>ueluti</span> <span class='ocrx_word' id='word_1_494' title='bbox 1416 4565 1443 4614; x_wconf 91' lang='lat' dir='ltr'><em>P</em></span> 
     </span>
     <span class='ocr_line' id='line_1_49' title="bbox 219 4633 1192 4702; baseline -0.001 -16"><span class='ocrx_word' id='word_1_495' title='bbox 219 4633 255 4687; x_wconf 81' lang='lat'>30</span> <span class='ocrx_word' id='word_1_496' title='bbox 273 4650 319 4686; x_wconf 90' lang='lat' dir='ltr'>nec</span> <span class='ocrx_word' id='word_1_497' title='bbox 337 4636 520 4702; x_wconf 70' lang='lat' dir='ltr'>disyllabamm</span> <span class='ocrx_word' id='word_1_498' title='bbox 540 4649 587 4685; x_wconf 89' lang='lat' dir='ltr'>nec</span> <span class='ocrx_word' id='word_1_499' title='bbox 604 4636 791 4701; x_wconf 72' lang='lat' dir='ltr'>trisyllabarum</span> <span class='ocrx_word' id='word_1_500' title='bbox 811 4649 857 4686; x_wconf 90' lang='lat' dir='ltr'>uec</span> <span class='ocrx_word' id='word_1_501' title='bbox 875 4633 1123 4700; x_wconf 78' lang='lat' dir='ltr'>quadrisyllehemm</span> <span class='ocrx_word' id='word_1_502' title='bbox 1140 4634 1192 4685; x_wconf 92' lang='lat' dir='ltr'>BF</span> 
     </span>
    </p>
   </div>
   <div class='ocr_carea' id='block_1_8' title="bbox 0 0 1678 5506">
    <p class='ocr_par' dir='ltr' id='par_1_14' title="bbox 0 0 1678 5506">
     <span class='ocr_line' id='line_1_50' title="bbox 0 0 1678 5506; baseline 0 4"><span class='ocrx_word' id='word_1_503' title='bbox 0 0 1678 5506; x_wconf 95' lang='lat' dir='ltr'> </span> 
     </span>
    </p>
   </div>
  </div>
 </body>
</html>
