3314 5506
184 388 297 439 xnvtn
392 460 403 476 ⁶
728 378 938 442 PRAEFATIO

184 572 313 647 praeter
334 584 435 627 unum
456 561 601 626 codicem
622 572 723 628 extat.
769 585 965 650 quamquam
987 573 1095 627 autem
1121 563 1157 627 in
1178 585 1217 627 ea
1238 574 1388 629 versatur
1408 586 1475 628 ma-

184 665 282 744 teria,
305 685 388 750 quae
404 673 437 728 et
453 686 511 748 per
526 685 560 728 se
575 664 657 728 levis
673 675 705 730 et
720 686 818 750 saepe
840 687 860 727 a
882 665 1101 749 grammaticis
1125 674 1265 730 tractata
1287 667 1342 748 sit,
1365 676 1474 732 tamen

184 774 317 851 propter
338 787 454 830 nomen
477 765 583 830 Servii
610 777 644 831 et
668 778 801 853 propter
828 768 986 830 rationem
1015 767 1176 832 tractandi
1203 768 1244 832 ab
1267 788 1307 831 ea
1327 789 1392 853 qua
1419 767 1475 831 alii

184 868 236 931 usi
258 878 334 931 sunt
355 867 485 932 diversa
505 889 570 932 non
593 869 746 953 indignus
768 890 839 933 esse
861 869 951 933 visus
974 879 1023 931 est
1050 870 1107 954 qui
1128 869 1287 933 ederetur.

269 969 402 1054 Sergii
425 962 740 1036 commentarius
762 970 809 1034 de
830 969 1032 1034 litterade
1048 969 1208 1056 syllaba
1230 970 1277 1034 de
1297 970 1474 1055 pedibus

185 1071 231 1135 de
247 1070 487 1136 accentibus
511 1071 555 1136 de
579 1072 902 1138 distinctionem
924 1071 1034 1136 codice
1056 1072 1229 1153 Bobiensi,
1251 1096 1336 1138 nunc
1352 1073 1473 1138 Vindo-

185 1172 320 1237 bonensi
344 1181 393 1252 16,
416 1172 440 1236 f.
465 1179 591 1242 42—44
620 1184 653 1238 et
679 1175 713 1239 in
740 1174 942 1258 Frisingensi
970 1181 1007 1242 81
1040 1173 1063 1237 f.
1088 1181 1211 1244 76-81
1240 1175 1369 1259 legitur.
1415 1175 1474 1240 sed

77 1343 85 1359 ⁶
184 1284 313 1360 praeter
335 1275 393 1338 hos
413 1273 506 1338 multi
529 1289 606 1340 sunt
626 1276 769 1354 codices,
793 1276 825 1339 in
847 1275 966 1361 quibus
988 1276 1041 1340 vel
1064 1285 1150 1339 totus
1172 1275 1255 1340 liber
1276 1275 1328 1340 vel
1344 1275 1473 1363 aliquae

84 1408 98 1430 ·
184 1384 293 1462 partes
321 1376 391 1440 eius
419 1378 559 1461 scriptae
587 1388 672 1441 sunt.
717 1378 899 1461 exquibus
927 1377 1080 1442 videntur
1106 1379 1378 1443 commemorandi
1400 1399 1473 1442 esse

184 1477 228 1542 hi.
272 1478 376 1543 codex
403 1478 571 1543 Parisinus
599 1487 678 1548 7491
715 1500 799 1543 saec.
823 1478 857 1542 X
885 1485 993 1559 incipit
1019 1487 1265 1544 commentarium
1294 1478 1473 1546 CEPHIII

184 1579 246 1646 ΔΕ
261 1579 478 1645 ΛΙΤΤΕΡΙΟ.
509 1585 625 1645 Littera
640 1588 722 1645 (licta
736 1593 780 1644 est
791 1619 835 1631 —
849 1588 935 1645 troie.
965 1588 1038 1657 finit.
1055 1587 1093 1644 aa
1112 1588 1283 1647 accentibus
1304 1587 1341 1646 de
1363 1588 1473 1646 ultimis

182 1687 306 1763 syllabis
327 1684 408 1747 coras
422 1685 503 1762 ppos
525 1695 616 1761 atquc
637 1689 822 1748 interieciori.
869 1689 1095 1748 coniunctiones
1118 1687 1190 1760 sere
1218 1706 1317 1749 omnes
1343 1691 1472 1765 canapi·

183 1796 278 1848 nntar
298 1789 353 1848 sed
372 1806 451 1864 qnae
473 1806 493 1848 a
516 1791 564 1850 nel
583 1793 809 1850 iterminantnr
829 1798 958 1865 excepto
980 1793 1023 1849 ita
1037 1798 1124 1848 —et
1144 1796 1247 1850 cetera
1269 1792 1405 1850 similiter
1425 1792 1472 1850 nel

183 1893 410 1966 cbcnmfleanm
433 1894 463 1951 in
486 1894 589 1951 altimo
610 1899 778 1952 accentum.
799 1894 875 1963 finit.
914 1888 1018 1951 codex
1037 1887 1205 1952 Parisinus
1230 1896 1312 1958 7520
1336 1911 1421 1952 saec.
1439 1887 1472 1951 X

180 1995 291 2068 incipit
321 1996 566 2054 commentarium
597 1997 692 2069 serpii
724 1991 821 2074 (corr.
848 1989 979 2074 serapii)
1009 1994 1047 2052 de
1072 1995 1189 2053 litteris.
1241 1995 1358 2054 Littera
1389 1997 1471 2055 aicta

182 2101 283 2154 est—
297 2097 329 2154 in
350 2097 453 2155 alteiae
474 2105 595 2157 sarnam
617 2104 783 2157 accentum.
813 2092 917 2155 codex
939 2091 1106 2154 Parisinus
1130 2101 1211 2163 7559
1234 2114 1318 2157 saec.
1342 2091 1376 2155 X
1398 2099 1471 2156 inci·

179 2199 228 2272 pit
254 2201 498 2258 commentarium
524 2200 643 2272 serapii.
675 2229 677 2232 ⁴
773 2198 811 2256 de
836 2199 953 2258 litteris.
998 2197 1113 2256 Littera
1141 2199 1223 2257 dicta
1251 2206 1296 2257 est
1321 2231 1359 2241 -·
1384 2201 1471 2258 troie.

183 2302 291 2374 incipit
312 2301 350 2359 de
364 2301 556 2361 distinctione
568 2303 632 2360 siae
648 2302 879 2376 praepositione
894 2308 984 2374 atque
998 2301 1212 2360 interiectione.
1245 2302 1470 2360 Coniunctiones

179 2401 251 2474 sere
273 2418 372 2462 ornnes
393 2435 436 2444 -
457 2405 487 2462 in
510 2405 612 2462 altimo
632 2411 753 2463 sanant
775 2409 942 2462 accentum.
979 2397 1084 2462 codex
1105 2398 1279 2461 Bernensis
1302 2406 1362 2467 432
1386 2419 1470 2462 saec.

184 2499 218 2563 X
239 2507 347 2579 incipit
368 2491 612 2564 commentarium
634 2506 746 2578 serapii
765 2505 803 2563 de
827 2505 945 2563 litteris.
990 2504 1109 2563 Littera
1131 2505 1213 2563 dicta
1235 2513 1278 2563 est
1298 2537 1341 2549 -—
1362 2507 1470 2564 troiae.

184 2608 222 2666 de
243 2609 353 2666 ultimis
373 2607 497 2683 syllabis
516 2607 609 2666 εοεῖεε
625 2609 705 2683 ppbt
725 2607 825 2680 adque
847 2608 993 2665 interiect.
1033 2606 1263 2666 Coniunctianes
1279 2604 1351 2677 sere
1373 2622 1470 2666 omnes

182 2712 278 2769 -in
300 2710 730 2769 altimosurnnntaccentwa.
759 2710 835 2779 aab.
881 2725 955 2767 nam
982 2705 1016 2768 in
1045 2703 1095 2767 his
1124 2702 1273 2767 omnibus
1302 2703 1469 2767 codicibus

185 2808 293 2872 brevis
307 2807 557 2870 commentarius
572 2806 612 2870 de
626 2805 747 2870 ultimis
762 2805 899 2892 syllabis
920 2806 1180 2871 coniunctionum
1196 2806 1469 2891 praepositionum

182 2907 442 2974 interiectionum
470 2907 499 2970 ei
529 2909 584 2994 qui
613 2917 663 2972 est
690 2907 725 2970 in
753 2908 816 2971 fine
843 2906 947 2971 libelli
976 2907 1080 2972 Servii
1108 2908 1148 2972 de
1177 2906 1328 2972 finalibus
1357 2907 1469 2971 similia

183 3012 328 3075 adiectus
352 3019 410 3073 est.
455 3008 560 3074 codex
578 3009 749 3074 Leidensis
771 3009 866 3072 Voss.
891 3018 942 3079 37.
966 3020 985 3081 8
1008 3032 1092 3075 saec.
1117 3010 1165 3090 X,
1194 3017 1300 3088 incipit
1326 3030 1469 3074 commen·

183 3120 294 3177 tarium
322 3118 418 3190 serpit
446 3111 542 3195 (corr.
572 3112 613 3174 al.
644 3134 728 3176 man.
757 3113 870 3196 seruii)
894 3117 932 3175 dc
958 3118 1077 3175 litteris.
1123 3117 1239 3175 littera
1261 3118 1344 3175 dicta
1366 3124 1410 3176 cst
1431 3150 1468 3159 —

184 3222 291 3280 troiae.
321 3220 359 3278 de
379 3220 561 3279 soloecismo.
593 3217 790 3278 Soloecismas
811 3219 949 3292 quidest
971 3224 1031 3277 etc.
1055 3215 1201 3299 sequitur
1223 3215 1468 3278 commentarius

183 3318 224 3383 de
246 3316 449 3395 soloecismo,
472 3315 513 3380 de
535 3317 651 3402 nupia,
675 3315 716 3379 de
739 3313 973 3400 metaplasmis:
997 3314 1039 3378 cf.
1056 3313 1118 3379 vol.
1136 3315 1152 3379 I
1168 3315 1270 3401 praef.
1287 3338 1318 3401 p.
1338 3315 1468 3380 XXIII.

182 3420 289 3506 prima
310 3418 385 3484 libri
408 3440 483 3503 pars
505 3418 627 3503 scripta
649 3426 699 3482 est
719 3417 752 3482 in
774 3417 884 3482 codice
906 3416 1106 3503 Sangallensi
1123 3424 1184 3487 876
1207 3439 1291 3481 saec.
1315 3416 1368 3481 IX
1382 3440 1414 3501 p.
1432 3424 1467 3489 91

180 3529 332 3602 expositio
354 3527 466 3584 artium
489 3527 604 3586 donati.
650 3525 766 3584 Littera
795 3526 878 3584 aicta
899 3533 1006 3583 est-
1027 3542 1059 3605 p.
1086 3528 1145 3588 104
1173 3525 1241 3582 item
1264 3532 1296 3583 nt
1313 3525 1467 3598 proceleu-

182 3631 309 3689 maticus
330 3634 474 3701 quattuor
495 3629 628 3704 syllabas
647 3634 677 3686 et
697 3634 842 3702 quattuor
855 3635 993 3702 tempora
1009 3623 1095 3707 (480,
1120 3621 1185 3706 11).
1216 3627 1254 3684 de
1267 3627 1467 3686 barbarismo.

182 3726 329 3812 sequitur
356 3725 479 3789 Donati
507 3747 582 3810 pars
611 3725 651 3789 dc
678 3725 881 3789 barbarismo
908 3734 941 3787 et
967 3723 1084 3788 ceteris
1116 3722 1203 3786 vitiis
1236 3734 1268 3786 et
1297 3723 1467 3788 virtutibus

182 3827 347 3892 orationis.
379 3838 524 3891 extrema
539 3848 614 3911 pars
637 3825 712 3889 libri
735 3824 854 3909 legitur
873 3825 907 3887 in
922 3824 1033 3889 codice
1050 3824 1196 3888 Parisino
1213 3834 1295 3894 7530
1311 3825 1334 3888 f.
1352 3833 1402 3893 to.
1420 3834 1466 3895 41,

268 3929 392 3993 Eadem
413 3927 553 4008 ratione,
582 3949 647 4012 qua
673 3927 707 3990 in
734 3924 826 3991 libris
854 3949 951 3990 manu
977 3926 1106 4010 scriptis
1129 3925 1227 4009 vulgo
1250 3927 1389 4011 scriptus
1413 3937 1466 4008 est

183 4030 290 4115 Sergii
311 4029 395 4094 liber
416 4029 556 4114 primum
584 4028 688 4092 editus
716 4051 787 4092 esse
810 4028 937 4093 videtur
965 4027 998 4092 in
1022 4027 1162 4091 editione
1183 4028 1419 4093 Mediolanensi
1440 4051 1465 4092 a

184 4140 266 4202 1473
281 4153 381 4217 supra
395 4155 427 4218 p.
443 4130 556 4195 XLIV
578 4129 731 4195 indicata.
762 4130 819 4195 sed
841 4130 918 4216 quia
940 4129 1052 4194 eadem
1067 4131 1145 4195 artis
1164 4131 1394 4215 grammaticae
1410 4132 1465 4195 ele·

182 4245 305 4315 menta,
333 4255 417 4319 quae
445 4233 478 4298 in
507 4232 568 4297 hoc
596 4231 680 4296 libro
708 4242 904 4311 tractantur,
933 4232 967 4295 in
995 4218 1099 4317 prima
1123 4243 1216 4318 parte
1239 4235 1319 4298 artis
1341 4233 1465 4297 maioris

183 4336 322 4417 Donati,
345 4357 442 4421 quam
464 4344 589 4420 partem
611 4345 680 4398 tum
702 4333 801 4418 vulgo
824 4334 961 4420 primam
982 4334 1156 4399 editionem
1179 4335 1345 4415 dicebant,
1375 4358 1465 4420 expo

182 4438 247 4502 sita
267 4447 356 4517 sunt,
379 4437 479 4502 Ianus
494 4437 686 4500 Parrhasius
704 4438 794 4520 (nant
815 4435 842 4498 is
863 4436 932 4499 eins
955 4435 1001 4499 rei
1024 4448 1138 4501 auctor
1159 4438 1306 4501 extitisse
1326 4436 1464 4524 videtur]

183 4539 216 4603 in
238 4538 379 4604 editione
399 4538 634 4604 Mediolanensi
652 4538 748 4602 Probi
769 4538 816 4602 sie
839 4538 1030 4623 inscriptum
1053 4536 1171 4603 librmn
1194 4540 1357 4620 exhibuit,
1382 4541 1464 4604 ‘Ser

183 4641 229 4726 gii
256 4641 289 4706 in
315 4641 436 4706 Donati
464 4653 566 4706 artem
593 4641 730 4727 primam
757 4640 1014 4704 commentaria’.
1070 4640 1187 4705 deinde
1215 4641 1321 4706 Servii
1355 4663 1464 4706 nomer

183 4742 314 4807 induxit
328 4742 510 4808 Ioachimus
527 4743 747 4824 Caruerarius,
770 4741 826 4828 qui
843 4765 915 4805 earn
934 4741 1009 4807 libri
1025 4754 1163 4828 partem,
1186 4767 1270 4830 quae
1292 4754 1341 4807 est
1363 4742 1403 4807 dc
1419 4765 1463 4828 pe

184 4843 280 4910 dibus
304 4856 336 4909 ct
358 4845 398 4909 de
421 4845 623 4922 accentibus,
646 4868 719 4910 cuin
742 4844 845 4909 Mario
869 4843 1036 4909 Victorino
1059 4843 1231 4930 Tubingae
1254 4870 1283 4911 a.
1301 4854 1382 4915 1537
1405 4843 1463 4908 edi
