3346 5506
525 386 732 449 muner.
755 387 793 449 ili
816 384 994 449 portavit
1017 386 1089 450 tra.
1112 387 1124 448 Ι
1403 391 1466 458 tta

1257 493 1415 550 nmen

146 584 150 592 ·
185 573 287 641 minim
316 571 385 633 ideo
411 572 520 634 dicitur
547 591 722 652 pronomen.
765 574 791 634 si
817 573 993 653 proconsule
1020 572 1128 635 dieitur
1149 591 1199 645 ao.
1228 572 1307 656 quod
1329 573 1467 655 danprtur

185 674 281 735 officio
304 673 448 744 consulis,
472 674 615 737 debemus
636 684 665 735 et
687 674 744 736 hee
766 677 942 753 pronomine
964 675 1078 745 dicere,
1101 693 1160 737 nou
1183 693 1357 758 prnnuruan.
1401 693 1469 757 pre·

187 794 292 838 nomen
319 787 416 837 autem
446 776 570 838 dicimus
591 776 753 837 secuudum
776 783 887 837 rectem
909 778 1069 848 rationein
1098 797 1169 857 ergo
1192 785 1221 839 et
1242 776 1402 859 proconsul
1424 796 1471 841 ra·

186 877 352 940 tinnabilius
381 878 497 939 dicitur.
542 896 608 939 nam
637 880 663 939 si
690 877 865 958 proconsule
894 879 1017 950 dixeris,
1047 877 1137 942 dabas
1159 879 1258 941 dicere
1280 891 1310 942 et
1332 897 1471 960 procura·

186 988 258 1042 tore.
287 980 394 1042 deinde
416 980 530 1041 accedit
550 980 629 1042 aliud
653 978 809 1042 valentius:
834 978 947 1042 nullum
968 989 1013 1042 est
1035 999 1144 1043 norraea
1167 984 1285 1061 generis
1308 980 1470 1049 masculini.
1497 1004 1509 1041 s

187 1083 263 1163 quod
287 1101 304 1143 e
326 1084 503 1144 terminetur
531 1084 561 1142 in
590 1084 767 1144 nominativo
794 1082 937 1160 singulari
960 1082 1110 1154 Latinum
1139 1083 1217 1146 unde
1245 1083 1366 1165 adparet
1393 1082 1472 1166 quaed

187 1186 267 1246 amni
288 1187 402 1247 ratione
425 1184 586 1246 secundum
610 1193 703 1245 artem
726 1184 885 1265 proconsul
907 1185 1024 1247 dicitur.
1053 1184 1106 1248 sed
1129 1185 1272 1249 Salustius
1294 1187 1364 1248 iecit
1386 1185 1472 1248 nobis

187 1286 414 1366 praeiudicium,
437 1289 489 1367 qui
511 1295 571 1347 tam
593 1285 700 1347 erebro
722 1285 793 1347 dicit
815 1306 868 1366 pro
891 1286 1022 1349 consule.
1067 1305 1139 1367 ergo
1162 1306 1326 1368 pronomen
1355 1288 1472 1357 dicitur.

187 1388 263 1468 qued
286 1388 424 1468 iungatur
446 1390 542 1450 officio
565 1390 706 1449 nominis:
735 1387 801 1449 loco
829 1391 907 1450 eninr
936 1389 1064 1451 nominis
1085 1391 1220 1469 ponitur,
1244 1409 1302 1472 qrro
1325 1389 1412 1453 nansia
1434 1390 1472 1450 sl·

189 1491 252 1570 quis
274 1491 354 1552 diest
377 1490 533 1569 ‘Virgilius
555 1491 674 1568 scripsit
696 1488 828 1551 bucolica
842 1496 860 1561 ’‚
885 1494 942 1553 iam
965 1493 1048 1571 ponit
1070 1490 1156 1553 aliurn
1179 1491 1353 1573 particulam
1375 1500 1405 1553 et
1426 1491 1470 1552 in·
1487 1509 1510 1550 ro

191 1591 250 1672 plet
277 1593 522 1672 significationem
554 1592 597 1653 vel
625 1590 804 1653 intellectum
833 1592 945 1672 Virgilii
973 1595 1108 1656 nominis.
1153 1612 1221 1656 eum
1255 1595 1334 1656 enim
1366 1592 1475 1656 dixeris

192 1693 345 1774 ‘Virgilius
372 1695 490 1771 scripsit
516 1693 664 1764 bucolica,
693 1693 771 1754 idem
799 1695 917 1773 scripsit
945 1697 1097 1775 georgica.
1127 1697 1191 1774 ipse
1223 1696 1341 1776 scripsit
1367 1694 1473 1757 derint·

190 1794 255 1858 dns'
288 1796 374 1875 (nam
408 1798 515 1857 totiens
546 1796 646 1857 dicere
674 1794 827 1874 ‘Virgilius
859 1797 977 1876 scripsit
1005 1796 1153 1873 bucolica,
1188 1795 1327 1877 Virgilius
1356 1796 1475 1879 scripsit

189 1900 342 1979 georgica,
365 1896 504 1976 Virgilius
525 1898 644 1978 scripsit
664 1898 827 1959 Aeneidos’
851 1898 984 1960 odiosum
1008 1905 1066 1969 est,
1090 1916 1157 1959 surrn
1180 1900 1274 1978 possis
1296 1899 1417 1968 varlare.
1442 1904 1475 1960 ut

190 1999 265 2062 dicas
282 1998 438 2079 ‘Virgilius
453 2001 572 2078 scripsit
585 1998 726 2071 bucolica,
749 2000 826 2062 idern
850 2001 996 2079 georgica,
1019 2001 1083 2080 ipse
1099 1999 1245 2063 Aeneidos
1253 2001 1271 2081 'i
1296 2008 1325 2062 et
1348 2000 1474 2063 ‘Statius
1488 2019 1511 2062 rs

191 2103 305 2182 scripsit
332 2099 514 2171 Thebaidos,
546 2101 623 2162 idem
651 2101 844 2172 Achilleidos,
873 2103 935 2182 lpse
964 2102 1083 2181 scripsit
1108 2100 1277 2165 silvularum
1286 2105 1306 2174 ’.
1335 2102 1398 2184 lpse
1421 2103 1475 2166 iste

190 2203 263 2265 idem
293 2202 367 2264 nihil
395 2202 473 2265 aliud
501 2203 682 2283 significant,
711 2205 767 2264 nisi
795 2203 873 2284 quod
902 2204 1047 2283 signlsscst
1074 2202 1211 2284 Virgilius
1239 2204 1357 2267 Statius.
1403 2222 1474 2283 erge

189 2305 252 2366 ideo
275 2304 415 2366 dicuntur
436 2306 492 2366 ista
513 2305 702 2385 pronomina,
727 2322 763 2365 eo
785 2305 863 2385 quud
886 2305 1048 2384 iunguntur
1070 2306 1168 2368 allicio
1191 2305 1334 2379 nominis,
1357 2313 1387 2367 et
1408 2303 1474 2367 ideo

190 2408 274 2468 etiam
301 2407 333 2467 in
360 2406 499 2468 subiectis
526 2406 599 2468 loeis
628 2414 787 2485 ponuntur.
831 2424 919 2469 omne
947 2425 1112 2488 pronomen
1142 2426 1201 2470 nen
1231 2408 1422 2489 praeponitur
1445 2409 1474 2469 ln

191 2507 376 2590 dolcutioue,
405 2509 457 2570 sed
486 2509 635 2589 sequitur,
664 2509 793 2589 exceptis
821 2511 1007 2587 possessivis,
1034 2527 1109 2590 quae
1137 2517 1167 2571 et
1189 2509 1331 2593 praeponi
1354 2500 1476 2591 pruriunt
1489 2531 1513 2571 m

191 2617 216 2671 et
235 2611 336 2690 sequi:
363 2609 488 2672 dicimus
511 2611 589 2672 enim
611 2612 712 2671 ‘meus
734 2617 779 2672 est
800 2615 918 2672 servns’
941 2619 972 2673 et
994 2617 1114 2673 ‘sersus
1136 2630 1218 2675 rneus
1241 2615 1312 2674 est'.
1340 2609 1476 2673 tlalisrrn

191 2712 284 2774 oliicio
311 2713 443 2791 iungitur
470 2730 652 2792 pronomen,
681 2731 739 2793 quo
768 2713 856 2775 modo
883 2720 979 2792 potest
1007 2712 1161 2793 principali
1184 2711 1248 2775 loen
1272 2714 1359 2793 ponii
1396 2712 1474 2793 <puori

191 2813 321 2894 iungitur
350 2813 447 2875 alieno
475 2814 572 2876 oliicin
594 2817 726 2896 sequitur
748 2833 882 2896 semper;
905 2814 972 2877 ideo
994 2816 1025 2876 in
1047 2814 1185 2876 subiectis
1208 2816 1336 2895 ponltsn.
1380 2822 1410 2875 at
1431 2815 1474 2876 in·

191 2917 352 2999 terrogavit
376 2915 514 2978 Rusticus
541 2916 652 2997 ‘quare
680 2935 752 2996 ergo
780 2919 863 2998 ‘ipse
885 2918 963 2979 inter
985 2917 1114 2996 primos’
1142 2917 1238 2997 prlnro
1262 2915 1327 2980 tooo
1349 2916 1475 2997 prositusn

190 3019 269 3079 esti'
292 3024 323 3079 et
345 3018 512 3098 respondit,
541 3021 639 3098 ‘ipse,
662 3020 745 3098 quisi
774 3021 874 3099 utique
895 3020 953 3080 iarn
976 3027 1178 3097 praecesserat
1201 3035 1323 3087 riemanr
1352 3034 1406 3098 per
1428 3034 1513 3080 rsa-rr

190 3136 253 3182 rum
283 3128 418 3181 naturam
445 3120 510 3181 lieri
538 3138 597 3182 non
626 3128 722 3199 potest
751 3128 782 3181 ut
811 3138 871 3181 non
894 3117 1011 3200 aliquod
1035 3135 1143 3181 nomen
1166 3126 1233 3180 aute
1256 3117 1377 3188 dixerit,
1400 3127 1430 3181 et
1452 3118 1477 3179 si

190 3219 228 3284 liri
255 3240 317 3283 nou
345 3218 429 3292 dixit,
456 3219 544 3302 paulo
565 3223 702 3301 superius
729 3220 802 3282 disit
823 3219 867 3282 vel
889 3222 920 3281 in
942 3221 1038 3299 primo
1060 3218 1137 3283 lilrru
1161 3218 1204 3282 rel
1226 3221 1257 3282 in
1279 3218 1409 3283 secundo
1432 3218 1475 3282 ssi

190 3323 328 3385 inalio’.
372 3342 444 3402 ergo
466 3340 631 3404 pronomen
653 3322 796 3402 estquod
826 3321 945 3401 ponitur
972 3319 1038 3383 leco
1060 3321 1196 3384 nominis.
1241 3320 1363 3403 etquid
1385 3321 1476 3384 lsstsr·

191 3435 245 3498 est,
268 3427 294 3487 si
315 3444 370 3506 pro
393 3427 512 3487 nomine
534 3427 653 3506 ponitur
675 3433 705 3485 et
732 3422 804 3485 nilsil
826 3422 905 3485 siiud
932 3423 1077 3503 signiticst
1098 3431 1218 3503 praeter
1240 3424 1368 3485 sternent
1405 3422 1476 3505 qnid

190 3545 262 3607 epus
283 3528 339 3588 luit
359 3527 432 3589 duas
453 3534 553 3606 partes
574 3529 715 3588 erationis
736 3526 851 3595 lacere,
874 3542 941 3586 curn
965 3525 1110 3604 posstursrs
1124 3543 1228 3595 unum,
1251 3526 1276 3587 si
1300 3524 1386 3588 notos
1407 3542 1475 3606 prr·
1488 3546 1515 3588 so

191 3630 225 3692 tis
250 3630 494 3708 mgnffimaonom
527 3637 652 3709 utraque
684 3627 786 3697 habet,
815 3634 865 3687 aut
892 3633 1017 3709 utraque
1044 3643 1153 3690 nonren
1181 3645 1246 3691 esse
1273 3634 1324 3688 sut
1352 3632 1476 3709 utrsrpus

192 3732 371 3810 pronomen?
399 3730 451 3791 sed
478 3732 560 3802 ideo,
588 3733 656 3812 quia
683 3731 779 3810 posito
807 3728 926 3791 nornine
954 3726 1042 3808 plens
1069 3737 1114 3791 est
1134 3726 1276 3800 elocutio,
1300 3730 1477 3808 prononrisss

192 3833 285 3912 posite
313 3831 486 3914 semiplena.
530 3852 598 3895 nam
625 3832 744 3913 quando
770 3830 836 3892 dico
864 3827 988 3894 ‘deero
1014 3832 1135 3911 scripsit
1162 3829 1326 3904 Verrlrrss’,
1354 3836 1385 3893 et
1412 3830 1478 3913 spuis

192 3935 341 4015 scripserit
372 3943 402 3996 et
433 3935 503 4015 quid
530 3936 683 4014 scripserit
714 3932 801 4013 plene
831 3933 981 4009 rigaltius:
1013 3931 1132 4014 qnando
1160 3930 1226 3994 dice
1252 3933 1333 4014 ‘ipse
1360 3933 1478 4016 scripsit

193 4029 396 4118 Philippicas’,
419 4035 489 4114 quid
511 4037 664 4116 scripserit
685 4034 772 4116 plene
793 4034 943 4113 signissee,
966 4035 1032 4116 quis
1047 4035 1201 4115 scripserit
1221 4033 1394 4117 sesssiplene.
1424 4033 1476 4097 ml
1489 4054 1515 4099 sa

192 4140 257 4219 quis
278 4140 338 4200 iam
360 4156 471 4199 nomeu
493 4139 668 4219 praecessit,
691 4136 749 4199 hae
769 4135 848 4219 onor
871 4133 938 4198 tom
960 4137 1088 4202 nomint·
1109 4138 1230 4219 ponitur
1252 4135 1342 4200 isaim
1362 4134 1477 4201 intelle·

192 4248 268 4302 ctum
290 4257 435 4320 personae
458 4241 627 4320 mporton‘e.

272 4342 447 4405 munimini
478 4342 616 4404 accidunt
647 4339 736 4412 haec,
768 4338 893 4423 nuditas
923 4357 1019 4420 genus
1052 4357 1193 4403 assuerus
1225 4340 1318 4421 ligura
1351 4357 1478 4423 perseus

192 4612 331 4664 prenomen
349 4599 375 4650 h
445 4598 572 4649 emedio
588 4598 610 4649 s
626 4596 718 4647 assidit
737 4594 788 4647 LV
857 4596 888 4647 i'i
908 4593 1049 4645 tomitem
1070 4593 1154 4645 trs:
1173 4597 1228 4645 ttesrs
1246 4596 1316 4659 infra
1337 4595 1476 4645 inspitiens

192 4677 216 4720 et
228 4671 378 4736 georgium
393 4669 436 4720 ΓΒ
512 4669 544 4719 tn
559 4680 585 4717 et
601 4668 698 4717 Sessias
715 4693 750 4705 -
768 4664 919 4717 silsnlssusn
937 4673 962 4714 rt
984 4666 1013 4716 li
1032 4667 1129 4713 liutran
1145 4680 1193 4717 oss,
1214 4667 1260 4717 k'ti
1330 4666 1361 4717 iii
1376 4665 1479 4715 mit-ss

192 4740 309 4790 unium
326 4740 352 4789 Ι,
423 4738 457 4789 23
475 4748 499 4788 et
512 4741 554 4791 int
570 4738 606 4793 Γ)
623 4738 791 4803 interrogauit
809 4737 917 4785 summus
934 4749 1012 4799 rpsssre
1028 4734 1070 4783 ili
1085 4736 1107 4783 si
1128 4736 1268 4801 interroget
1286 4738 1343 4797 apsis
1358 4749 1436 4799 psus
1456 4734 1478 4786 L

259 4811 295 4861 26
315 4819 343 4858 et
359 4810 409 4858 sibi
426 4822 476 4858 sess
493 4810 559 4858 dixit
578 4811 601 4860 Β
616 4808 715 4859 essitas
734 4822 783 4857 sess
800 4807 856 4857 disi
873 4805 898 4855 L
912 4816 937 4854 er
955 4805 1025 4855 siluit
1044 4821 1093 4855 ssos
1110 4806 1156 4857 dis
1174 4804 1198 4855 st
1284 4806 1319 4857 w
1337 4804 1398 4867 spots
1413 4819 1479 4869 spus

193 4877 318 4930 irritatus
334 4889 421 4944 panes
438 4879 560 4929 mutuis
575 4877 661 4929 rm
676 4877 720 4929 FB
735 4877 804 4941 qm
820 4890 886 4943 opas
905 4875 994 4927 isitss
1011 4876 1077 4928 deu
1096 4901 1128 4913 ·-
1146 4872 1285 4927 lmeth

1213 4960 1278 5028 220
