3314 5506
220 375 278 438 tut
804 375 917 437 ruunt

269 492 428 547 peterse.
1284 488 1447 544 stas-nv.

219 562 289 626 laris
310 584 325 623 s
346 582 404 626 nun
425 566 434 625 i
456 563 549 624 littora
572 564 767 630 definientem
791 571 820 623 ot
841 563 906 623 irleo
929 560 1025 623 vultur
1047 561 1134 623 buiris
1156 561 1291 632 ruituris,
1315 580 1376 625 non
1396 561 1491 624 vulturi

219 668 315 728 lacere
334 667 560 728 demonstratur.

303 768 468 840 Quaeritur,
490 766 527 828 ab
550 787 585 829 eo
607 768 686 848 quod
708 767 779 829 dixit
791 765 934 845 Vergilius
956 767 1094 828 ‘timida
1118 766 1307 829 solstitia'
1325 768 1494 829 nominatim

219 889 288 931 casu
311 871 425 930 numeri
438 869 599 948 singularis
626 869 684 931 hoc
704 869 828 930 solstitio
851 887 888 929 an
911 869 967 929 boc
989 868 1156 954 solstitium
1176 868 1273 931 lacere
1292 867 1408 931 teneat
1452 868 1496 931 ael

192 990 422 1053 squaeeumque
443 973 561 1033 nontina
583 972 700 1050 generis
721 973 819 1032 neutri
841 972 1016 1031 nominativo
1038 989 1107 1031 casn
1133 973 1248 1033 numeri
1269 969 1394 1050 pluralis
1414 974 1441 1033 is
1458 971 1498 1033 lit·

219 1076 289 1135 teris
309 1074 496 1142 deliniuntur,
516 1074 591 1134 baec
610 1091 769 1151 numquam
789 1073 964 1135 nominativo
980 1091 1049 1133 casn
1070 1074 1185 1133 numeri
1201 1071 1360 1150 singularis
1373 1090 1394 1134 u
1408 1072 1498 1134 littera

218 1177 428 1244 terminantur:
454 1183 483 1236 et
505 1176 570 1237 ideo
589 1175 645 1234 hoc
667 1174 831 1243 solstitium,
856 1193 913 1234 non
937 1174 993 1235 boc
1014 1173 1138 1235 solstitio
1165 1174 1262 1236 lacere
1285 1177 1498 1254 pronuntiator.

304 1275 470 1347 Quaeritur,
492 1276 529 1337 ab
552 1296 588 1339 cn
610 1276 687 1357 quod
711 1277 784 1360 dixit
807 1275 960 1337 Sallustius
984 1276 1065 1337 ‘sed
1087 1275 1310 1353 Allobroges
1332 1255 1376 1338 e'x
1398 1295 1500 1357 pras·

220 1386 330 1458 cepto
351 1376 561 1439 Ciceronis'
584 1379 761 1439 nominativo
781 1396 850 1439 casn
875 1379 992 1439 numeri
1012 1378 1167 1456 singularis
1180 1376 1358 1457 Allobrogus
1374 1396 1414 1439 an
1429 1376 1500 1439 Allo·

182 1482 329 1560 subroges
360 1482 457 1543 lacere
485 1481 599 1542 debeat.
643 1481 694 1541 soil
727 1498 931 1558 quaecumque
960 1478 1101 1540 vocabula
1132 1479 1292 1541 masculina
1327 1480 1500 1541 nominatim

218 1602 289 1645 casu
320 1585 435 1644 numeri
464 1582 585 1661 pluralis
605 1602 636 1644 es
658 1582 762 1643 litteris
793 1582 970 1642 definiuntur
1002 1591 1030 1642 et
1050 1601 1066 1642 a
1089 1582 1266 1642 nominativo
1288 1600 1360 1643 casu
1391 1582 1500 1644 numeri

218 1685 375 1763 singularis
406 1688 436 1746 in
464 1684 567 1746 eodem
597 1685 775 1745 nominativo
803 1703 873 1744 casu
907 1685 1021 1745 numeri
1053 1683 1175 1761 pluralis
1204 1700 1258 1760 per
1287 1682 1417 1763 syllabas
1447 1698 1500 1745 noe

219 1794 371 1856 crescunt,
403 1787 475 1848 haec
495 1789 527 1848 in
550 1787 726 1848 nominativo
749 1805 819 1847 casu
848 1788 962 1846 nrrmeri
985 1785 1141 1865 singularis
1162 1803 1323 1864 numquam
1346 1806 1382 1847 us
1404 1785 1500 1847 noete

219 1873 425 1959 deliniuntum'
450 1898 479 1951 et
507 1889 573 1951 ideo
606 1889 654 1949 bic
683 1886 871 1967 Allobroges,
909 1906 967 1947 non
1006 1888 1054 1948 bic
1085 1886 1262 1966 Allobroges
1298 1888 1400 1948 lacere
1437 1904 1500 1966 pro·

182 2012 206 2052 as
220 1994 378 2052 nuntiatur.

305 2090 480 2163 Quaeritur,
516 2111 572 2171 qua
596 2092 632 2153 de
656 2110 741 2152 causa
764 2090 906 2167 Vergilius
939 2092 1042 2152 ‘hacc
1064 2091 1157 2152 linis
1177 2091 1334 2152 Priami’
1366 2090 1500 2153 tentatae

221 2304 299 2358 taxat
323 2298 501 2356 nominatiro
524 2314 594 2356 casu
618 2298 732 2357 numeri
757 2294 914 2373 singularis
938 2295 1077 2374 disyllaba
1105 2314 1169 2357 esse
1196 2296 1386 2374 reperiuntur
1411 2304 1441 2357 et
1461 2296 1500 2357 n'u

220 2397 330 2479 syllaba
354 2400 565 2476 terminantur,
598 2398 672 2458 baec
691 2398 852 2458 secundom
874 2397 1052 2475 analogicam
1075 2396 1256 2475 disciplinam
1281 2397 1437 2460 masculini
1457 2415 1500 2476 ye

182 2520 207 2561 ao
220 2502 300 2562 neris
321 2520 386 2561 esse
408 2499 580 2578 probantur.
625 2500 676 2560 sed
699 2499 756 2559 hoc
775 2499 804 2558 in
823 2501 924 2560 metris
946 2506 1138 2577 conpetenter
1160 2500 1368 2569 tractabimus,
1396 2499 1500 2563 scilieet

220 2604 358 2683 quoniam
378 2608 500 2680 propter
509 2608 648 2662 smetrum
670 2601 727 2661 lroc
745 2602 850 2662 iecisse
873 2599 1032 2678 Vergilium
1051 2601 1275 2663 declarabimus.

304 2701 471 2773 Quaeritur,
492 2703 528 2764 ab
551 2722 586 2763 co
610 2704 688 2781 quod
711 2703 782 2764 dixit
793 2703 895 2765 Cicero
921 2704 984 2769 ‘ex
1003 2706 1147 2781 agresti
1171 2702 1337 2765 luxuria'
1360 2704 1500 2782 hicagre

220 2815 281 2867 ster
300 2824 337 2866 an
360 2807 485 2882 agrestis
514 2806 611 2866 lacere
638 2805 753 2866 debeat.
797 2806 848 2865 secl
871 2824 1076 2884 quaecumque
1098 2807 1214 2865 uomina
1239 2806 1269 2866 in
1289 2805 1417 2867 ablativo
1437 2825 1500 2871 onst

221 2908 337 2969 numeri
364 2906 520 2984 singularis
547 2908 763 2969 auominatiru
785 2925 855 2968 casn
883 2909 998 2967 numeri
1027 2907 1182 2986 singularis
1212 2924 1265 2986 per
1293 2890 1423 2988 syllabas
1450 2925 1500 2970 not

182 3018 360 3071 recrescunt
381 3016 410 3070 et
430 3009 457 3068 in
480 3009 582 3071 eodem
606 3009 730 3069 ablativo
753 3027 823 3069 casn
849 3010 964 3070 nunteri
986 3008 1142 3087 singularis
1169 3017 1237 3070 ante
1259 3008 1402 3091 nlti}mam
1424 3028 1500 3072 roco

220 3112 277 3174 lem
301 3130 389 3172 unam
412 3119 621 3172 consonantem
645 3110 754 3171 liabent
774 3113 947 3189 oppositam,
970 3112 1043 3172 baec
1061 3128 1220 3189 numquam
1244 3105 1500 3175 nominationem

220 3216 336 3275 numeri
359 3213 516 3303 singularis
533 3226 571 3274 or>⁴
583 3213 688 3274 litteris
706 3215 899 3281 definientem
921 3220 950 3274 et
972 3213 1037 3273 ideo
1060 3213 1107 3273 nie
1121 3214 1253 3291 agrestis,
1275 3231 1335 3274 non
1361 3214 1409 3276 hic
1426 3233 1500 3294 agro

220 3324 280 3379 ster
307 3318 404 3378 lacere
425 3318 643 3395 pronuntiatur.

252 3487 255 3493 ,
305 3418 475 3490 Quaeritur,
505 3419 561 3480 lroc
583 3418 713 3480 torcular
741 3435 778 3478 an
807 3418 862 3478 hoc
892 3415 1040 3478 torculare
1063 3417 1160 3478 lacere
1184 3417 1300 3478 «lubeat,
1343 3418 1398 3479 seu
1421 3437 1500 3499 quae·

181 3539 207 3581 ao
221 3541 348 3602 cumque
363 3523 480 3581 nomina
502 3523 619 3599 generis
634 3522 731 3582 neutri
753 3521 888 3596 genetivo
906 3539 973 3581 casu
989 3520 1105 3580 nunmri
1118 3518 1274 3596 singularis
1294 3527 1363 3581 ante
1378 3520 1500 3585 ultima!

220 3625 359 3704 syllabam
382 3642 398 3683 a
425 3623 552 3684 litteram
585 3622 696 3684 habent
722 3625 924 3691 constitutam,
955 3623 979 3682 si
1013 3621 1135 3682 eandem
1163 3640 1179 3681 a
1206 3620 1335 3682 litteram
1366 3624 1500 3701 protom

220 3734 344 3787 accentu
374 3732 528 3791 resonant,
562 3724 636 3785 baec
656 3741 817 3802 numquam
833 3720 847 3806 ll
863 3725 1039 3785 nominativo
1061 3742 1132 3784 casu
1160 3725 1275 3784 numeri
1297 3724 1500 3802 singularis!

221 3826 324 3886 litteris
351 3825 547 3893 deliniuntur;
576 3832 606 3885 et
626 3826 691 3887 ideo
719 3825 776 3884 boc
805 3824 967 3893 torculare,
996 3844 1055 3885 non
1084 3825 1140 3885 lroc
1161 3824 1292 3887 torcular
1320 3828 1420 3889 lacere
1441 3846 1500 3907 pro

220 3929 379 3988 ntrntiatur.
425 3946 496 3988 saue
515 3928 600 3986 etiam
621 3927 678 3986 boc
701 3944 869 3995 munemne,
895 3927 972 4006 quotl
995 3927 1068 3987 liaeo
1091 3929 1192 3989 eatlem
1213 3931 1331 3989 nomina
1355 3932 1385 3991 in
1408 3931 1500 3992 code!

182 4042 208 4084 as
221 4029 399 4088 nominativo
418 4046 488 4089 casu
509 4031 623 4088 numeri
644 4027 801 4105 singularis
823 4035 902 4089 certa
925 4031 1098 4090 necessitate
1119 4031 1206 4090 metri
1226 4029 1271 4090 rel
1293 4039 1500 4095 structuraeet

221 4147 254 4190 ar
274 4129 378 4191 litteris
404 4131 546 4216 permissa
573 4131 631 4190 sint
655 4128 806 4191 declinari.
850 4131 901 4191 sed
929 4149 985 4209 qua
1012 4132 1048 4191 tle
1072 4149 1159 4192 causa
1188 4131 1261 4193 haec
1288 4133 1393 4195 eadem
1422 4150 1500 4214 sum

220 4232 296 4293 dicta
317 4232 434 4292 nentina
458 4233 635 4292 nominativo
659 4250 728 4293 casn
750 4235 864 4293 uulneri
879 4232 1035 4308 singularis
1057 4241 1090 4294 et<
1107 4252 1140 4294 ar
1162 4232 1266 4295 litteris
1287 4237 1434 4313 perurissa
1453 4236 1500 4299 ti!

221 4335 414 4413 pronuntiari,
437 4335 495 4395 hoc
518 4336 547 4395 in
571 4336 673 4395 metris
695 4333 740 4394 vel
762 4336 918 4395 structuris
936 4344 1128 4414 conpetenter
1150 4335 1353 4398 tractabimus.

289 4505 305 4558 3
323 4502 464 4572 Vergilius]
482 4521 569 4570 peorp.
591 4506 600 4554 l
621 4505 671 4557 lQQ
773 4507 790 4554 4
809 4520 840 4553 an
860 4505 908 4554 boe
927 4506 1063 4556 solstitium
1082 4506 1122 4555 rB
1139 4522 1172 4556 on
1190 4505 1239 4556 hoo
1255 4506 1400 4558 solistitium
1422 4509 1443 4560 ll

221 4577 236 4624 7
255 4590 305 4625 non
324 4574 373 4625 hoe
393 4576 503 4626 solstitio
520 4576 560 4625 rB
576 4591 625 4624 non
646 4574 693 4624 hoc
711 4574 832 4626 solistitiu
851 4575 873 4625 ll
936 4575 953 4625 8
972 4574 1119 4641 Sallustius]
1141 4579 1215 4626 Catil.
1232 4578 1266 4627 44
1322 4578 1354 4629 tn
1373 4574 1500 4646 Vergillneff

221 4646 287 4696 Aen.
307 4646 398 4696 11554
471 4644 903 4710 18elisyllabnlirtlissyllnbali
975 4647 1007 4698 19
1025 4647 1183 4712 analogicum
1201 4647 1242 4696 Br
1259 4647 1455 4715 inalngicamll

220 4716 254 4768 20
273 4717 435 4766 tractabimus
453 4732 468 4764 r
486 4716 649 4766 tractauimus
665 4716 716 4767 RB
767 4717 798 4766 21
821 4716 1007 4766 ‹leclarebimus
1024 4734 1039 4765 r
1055 4717 1241 4767 declar-animus
1252 4718 1304 4768 ttlt
1356 4720 1391 4770 22
1412 4715 1500 4783 Cicero]

220 4789 246 4836 in
264 4787 340 4839 Catil.
359 4788 380 4836 ll
399 4786 458 4848 :ab
521 4786 621 4836 luxuria
640 4786 663 4836 tt
682 4787 799 4836 luxuriae
817 4785 989 4837 Blnxuriee
1059 4787 1090 4839 31
1112 4789 1133 4836 si
1152 4802 1197 4836 om.
1218 4786 1250 4851 11,
1268 4788 1330 4837 odd.
1350 4805 1366 4837 r
1418 4790 1454 4843 ³8
1471 4804 1500 4841 us

221 4858 247 4906 iu
263 4857 396 4907 structuris
410 4857 447 4907 n.-
464 4858 490 4906 in
508 4872 553 4908 om.
573 4857 612 4906 Br
680 4857 843 4906 tractabimus
861 4874 876 4906 r
894 4858 1057 4906 tractauimus
1073 4856 1121 4907 llB
