3314 5506
560 394 676 456 cuttu.
698 393 738 455 IN
761 392 941 455 uonatvu
1334 398 1396 460 417

1170 512 1192 553 p.
1206 500 1308 543 ersa-sc
1321 498 1345 541 r.

161 582 252 660 rporis
274 582 460 661 participium
483 599 601 661 semper
633 582 752 660 generis
781 589 825 642 est
853 583 949 643 omnis
972 587 1002 642 et
1023 579 1136 641 duabus
1159 579 1304 642 clauditur
1326 597 1396 640 con·

161 682 296 754 rantibus,
320 691 352 743 ut
374 691 418 744 est
440 682 551 762 legens.

195 785 284 848 Casus
307 784 429 846 totidem
452 787 571 845 suntin
593 787 768 865 participiis,
791 794 863 867 quot
883 788 914 846 in
936 787 1055 847 nomine
1071 794 1100 846 et
1114 787 1299 865 pronomine.
1330 804 1398 865 par·

162 889 208 967 pia
237 896 334 949 autem
363 886 517 949 masculini
545 895 574 947 et
607 889 704 947 neutri
736 887 882 948 secundae
913 895 983 949 sunt
1015 888 1231 959 declinationis,
1267 888 1400 948 seminini

161 1008 240 1062 mae,
268 992 364 1052 omnis
390 991 509 1060 tertiae,
538 991 569 1049 in
598 1009 656 1070 quo
684 989 824 1052 ablativus
852 997 882 1050 et
902 991 912 1049 i
934 998 963 1050 et
985 1009 1001 1052 c
1024 993 1213 1062 terminatur,
1237 998 1269 1052 ut
1290 990 1425 1051 amantis

163 1101 237 1154 aute.
270 1092 322 1153 sed
345 1093 420 1153 scire
443 1093 580 1152 convenit
602 1091 680 1172 quod
704 1111 752 1153 ars
774 1094 871 1170 exigat
893 1101 925 1152 ut
946 1111 962 1153 e
984 1092 1082 1154 littera
1104 1096 1294 1162 terminetur;
1317 1094 1328 1153 i
1349 1111 1395 1153 au·

161 1211 173 1253 n
200 1193 251 1256 ubi
277 1194 367 1256 luerit
395 1197 569 1255 terminatus
597 1193 739 1256 ablativus
767 1195 854 1255 buius
882 1197 1041 1275 participii,
1075 1194 1253 1279 uecessilltas
1279 1204 1324 1256 est
1351 1203 1401 1255 aut

161 1298 203 1356 etri
223 1306 273 1359 aut
295 1296 468 1375 euphoniae.

198 1399 345 1479 Tempora
371 1401 403 1459 in
430 1400 592 1478 participiis
613 1399 724 1460 Latinis
747 1401 802 1461 tria
823 1407 905 1468 sunt,
928 1417 1069 1480 praesens
1091 1401 1281 1479 praeteritum
1305 1407 1334 1460 et
1356 1400 1402 1460 iu·

161 1515 228 1572 um;
265 1501 385 1581 regulae
416 1509 513 1561 tamen
541 1509 679 1580 quattuor
701 1509 778 1563 sunt.
824 1521 890 1563 uam
913 1521 1054 1583 praesens
1076 1520 1164 1563 unam
1187 1501 1288 1572 babet,
1312 1521 1399 1581 qnam
1415 1517 1439 1557 ro

161 1602 253 1675 :inus
278 1623 327 1675 ns,
351 1611 382 1664 ut
410 1602 527 1681 legens;
556 1605 749 1682 praeteritum
772 1623 876 1675 unam,
905 1623 954 1675 us,
982 1615 1015 1666 ut
1042 1603 1148 1673 lectus;
1176 1604 1308 1664 luturum
1331 1622 1400 1666 vero

161 1721 229 1783 upus
251 1707 324 1767 duas
345 1704 435 1766 habet
456 1705 587 1782 regulas,
612 1724 662 1767 rus
683 1714 712 1766 ει
734 1705 804 1776 dus,
828 1714 860 1767 ut
880 1704 1012 1766 lecturus
1033 1705 1184 1785 legendus.
1217 1706 1281 1767 ideo
1304 1715 1401 1767 autem

161 1807 247 1870 utrale
269 1808 391 1869 verbum
416 1816 459 1869 tot
475 1815 505 1868 et
519 1807 623 1869 eadem
647 1807 737 1869 babet
758 1809 927 1888 participia,
949 1827 1024 1888 quae
1048 1815 1077 1868 ct
1098 1809 1239 1879 activum,
1263 1809 1402 1889 quoniam

180 1908 345 1972 declinatur
368 1919 399 1971 ut
421 1913 562 1971 activum:
587 1928 654 1970 nam
677 1912 830 1991 participia
847 1910 1040 1971 declinatione
1056 1918 1227 1971 noscuntur.
1252 1909 1403 1990 deponens

161 2025 211 2074 em
240 2012 362 2074 verbum
392 2014 579 2092 participium
614 2013 703 2073 futuri
736 2015 876 2092 temporis
910 2015 942 2073 iu
968 2030 1020 2073 rus
1048 2013 1149 2082 mittit,
1180 2020 1212 2072 ut
1241 2010 1401 2073 locuturus.
1418 2029 1442 2069 rs

161 2127 181 2170 u
207 2114 275 2176 ideo
305 2115 415 2176 dictum
438 2126 484 2177 est
506 2116 670 2194 deponens,
701 2134 761 2175 unu
783 2113 861 2195 quod
884 2134 900 2174 r
921 2113 1050 2175 litteram
1074 2131 1132 2175 non
1155 2113 1296 2194 deponat,
1320 2107 1405 2173 κατὰ

161 2212 318 2295 Ἰίφρεισιν
346 2220 429 2294 (uam
457 2224 487 2277 et
514 2235 670 2278 commune
698 2217 849 2295 deponens
877 2224 968 2278 esset:
997 2225 1027 2277 et
1053 2216 1110 2278 boc
1138 2217 1217 2277 euim
1240 2233 1255 2276 r
1277 2214 1404 2275 litteram

161 2335 165 2369 ι
194 2318 365 2400 relinquit);
395 2319 445 2379 sed
475 2319 541 2380 ideo
571 2320 723 2400 deponens
751 2318 871 2390 dicitur,
900 2319 977 2399 quod
1002 2318 1124 2399 deponit
1145 2319 1331 2399 participium
1354 2317 1405 2378 de-

161 2422 281 2483 ationis
303 2440 387 2491 suae,
411 2421 440 2481 id
463 2429 507 2483 est
529 2421 675 2492 futurum,
699 2421 777 2501 quod
800 2421 855 2482 dus
876 2419 986 2500 syllaba
1009 2423 1192 2482 terminatur.
1223 2438 1310 2482 nemo
1325 2422 1405 2481 enim

161 2531 212 2583 *st
233 2523 333 2585 dicere
356 2523 534 2604 loquendus,
557 2523 627 2585 licet
648 2525 829 2585 inveniamus
851 2522 928 2604 apud
949 2530 1052 2602 poetas
1074 2522 1151 2584 banc
1173 2524 1403 2602 usurpationem.
1418 2541 1443 2582 ao

160 2637 274 2687 tutuno
297 2644 366 2686 vero
390 2624 511 2686 verbum
533 2626 600 2687 ideo
624 2634 761 2706 quattuor
783 2625 873 2687 babet
887 2626 1056 2706 participia,
1080 2627 1147 2705 quia
1170 2643 1328 2686 commune
1351 2632 1405 2694 est,

163 2733 206 2786 St
228 2730 342 2806 agentis
364 2736 393 2788 ει
415 2731 551 2807 patientis
567 2728 656 2790 babet
677 2729 935 2807 significationem
959 2735 989 2788 et
1010 2729 1144 2788 novimus
1158 2727 1236 2808 quod
1251 2728 1406 2807 participia

193 2833 317 2891 veniant
344 2829 380 2891 ab
409 2832 502 2891 activo
531 2838 561 2891 et
589 2831 647 2892 duo
670 2851 685 2892 a
709 2832 833 2911 passivo.
878 2848 948 2891 sanc
970 2831 1046 2890 scire
1068 2828 1210 2891 debemus
1233 2832 1314 2909 quia,
1337 2828 1407 2890 licet

161 2923 258 2994 initas
288 2951 348 2993 non
376 2932 484 2993 babeat
512 2950 567 2992 nec
589 2935 781 3011 praeteritum
804 2932 990 3011 participium
1013 2930 1049 2991 ab
1073 2933 1166 2992 activo
1188 2948 1244 2992 nec
1265 2948 1407 3009 praesens

162 3035 285 3103 assion,
309 3035 457 3094 invenitur
480 3042 578 3095 tamen
601 3034 678 3115 apud
701 3045 802 3114 poetas
825 3032 890 3094 talis
912 3032 1053 3103 elocutio,
1078 3033 1126 3093 ubi
1149 3032 1270 3094 alterius
1292 3042 1444 3112 tempo-as

167 3145 235 3207 pro
259 3135 314 3197 bac
336 3137 548 3214 significatione
570 3146 711 3215 ponatur,
739 3144 772 3196 ut
794 3144 839 3195 est

270 3248 304 3299 et
326 3257 393 3318 qua
415 3246 544 3300 vectus
566 3236 661 3298 Abas
683 3246 719 3298 ει
740 3256 807 3317 qua
829 3236 1064 3313 grandaevus
1085 3237 1226 3300 dletes:

161 3337 218 3400 tus
247 3342 326 3401 enim
356 3340 427 3401 dixit
454 3360 508 3421 pro
537 3358 572 3400 eo
600 3340 677 3420 quod
701 3351 745 3399 est
768 3337 937 3400 vehebatur.
981 3337 1101 3417 regulae
1123 3340 1344 3418 participiorum
1366 3340 1407 3399 ita

161 3428 296 3513 habent,
321 3451 354 3503 ut
375 3445 561 3523 participium
585 3441 674 3502 luturi
697 3442 869 3520 temporisa
892 3443 1006 3521 passivo
1021 3449 1105 3517 regat
1119 3441 1305 3520 participium
1320 3459 1407 3519 prae·

161 3537 210 3602 lis
240 3546 382 3622 temporis
409 3543 445 3604 ab
475 3546 584 3611 activo,
614 3543 643 3601 id
667 3551 711 3602 ost
733 3551 764 3602 ut
786 3542 823 3601 de
845 3543 1001 3622 participio
1024 3542 1114 3602 futuri
1138 3544 1279 3622 temporis
1301 3561 1316 3603 a
1339 3559 1444 3621 pas-ao

161 3653 168 3688 ι
203 3645 318 3709 sublata
341 3645 396 3706 dus
418 3644 528 3724 syllaba
551 3653 580 3704 et
602 3643 699 3704 addita
723 3663 737 3704 s
758 3643 855 3704 littera
878 3644 1019 3705 iaciamus
1035 3645 1220 3723 participium
1243 3647 1407 3723 praesentis

161 3750 263 3818 *poris
286 3747 322 3808 ab
345 3750 452 3814 activo,
477 3747 521 3807 vel
545 3766 560 3806 e
584 3748 744 3806 contrario.
789 3746 858 3806 item
881 3747 1068 3826 participium
1092 3747 1244 3825 praeteriti
1266 3748 1408 3825 temporis

161 3853 281 3911 ›assiro
308 3849 424 3911 sublata
451 3868 465 3909 s
491 3849 589 3909 littera
617 3856 645 3908 et
673 3847 770 3909 addita
797 3866 848 3909 rus
876 3847 985 3928 syllaba
1013 3848 1082 3908 iacit
1108 3850 1294 3928 participium
1317 3849 1408 3909 luturi

161 3953 262 4020 *noris
291 3950 327 4011 ab
355 3953 463 4020 activo,
491 3960 523 4011 ut
550 3950 643 4011 lectus
665 3949 809 4021 lecturus,
833 3949 917 4011 vele
944 3951 1103 4011 contrario.
1148 3949 1201 4010 sed
1229 3949 1275 4010 bis
1297 3949 1408 4029 regulis

161 4056 286 4130 ”gnam
308 4070 400 4131 pauca
423 4054 575 4132 participia
599 4070 672 4112 nova
695 4054 809 4113 ratione
823 4061 979 4132 usurpata,
1003 4060 1035 4112 ut
1050 4061 1094 4112 est
1111 4051 1124 4134 ΙΙ
1140 4054 1312 4121 moriturus,
1329 4053 1406 4132 quod
1421 4071 1446 4113 as

159 4137 199 4210 'a
223 4156 337 4216 ratione
360 4155 476 4215 dicitur.
513 4153 627 4216 sublata
651 4157 730 4216 enirn
753 4175 804 4216 rus
826 4154 935 4234 syllaba
959 4161 988 4213 et
1010 4152 1107 4214 addita
1129 4173 1144 4214 s
1166 4154 1263 4214 littera
1286 4156 1410 4216 moritus

165 4252 204 4322 ῑ.
227 4257 306 4337 quod
330 4257 469 4318 Latinitas
492 4275 551 4316 nou
572 4256 677 4318 babet:
702 4275 770 4318 narn
792 4265 926 4318 mortuus
948 4254 1081 4318 dicimus.
1113 4264 1142 4317 ct
1162 4254 1234 4316 illud
1257 4257 1409 4317 sciendum

161 4388 170 4410 ·
207 4361 335 4420 maiores
357 4368 473 4421 nostros
495 4378 582 4440 saepe
610 4378 627 4419 a
654 4358 750 4421 verbis
777 4357 959 4420 neutralibus
985 4360 1138 4437 praeteriti
1160 4360 1303 4438 temporis
1324 4376 1410 4418 usur-

161 4463 207 4518 Se
228 4462 396 4541 participia,
425 4470 458 4523 ut
487 4470 530 4521 est
557 4469 679 4539 regnata
702 4461 879 4541 triumphata
901 4458 1008 4538 placita
1031 4469 1120 4538 nupta
1141 4478 1268 4540 pransus
1289 4467 1410 4521 cenatus

161 4555 286 4624 ⁸imttia.
331 4562 439 4643 quibus
467 4581 521 4623 nos
546 4563 613 4624 idco
641 4565 765 4634 utimur,
794 4563 933 4644 quoniam
960 4563 1133 4623 auctoritate
1156 4562 1448 4646 firmanturyuouro

190 4765 366 4834 Seypboniue
383 4768 408 4816 P
478 4768 507 4817 ll
525 4783 555 4819 ns
571 4781 588 4823 ς
607 4782 651 4816 ens
668 4768 693 4815 P
763 4768 795 4819 15
813 4764 955 4832 locuturus]
971 4765 1082 4817 lecturus
1099 4767 1124 4815 P
1140 4766 1307 4816 auxiliaturus
1324 4778 1341 4821 ς

173 4837 301 4901 relinquid
319 4838 344 4888 P
412 4837 445 4887 27
465 4834 499 4903 ει]
525 4839 603 4903 Vera.
619 4838 686 4893 Aea.
706 4838 716 4887 l
737 4839 784 4890 121
854 4836 1148 4906 grandebuaeletbcsP
1216 4837 1250 4888 35
1268 4841 1413 4903 repugnent

161 4891 302 4976 ¹§pugnent
317 4908 344 4958 P

179 4992 324 5042 cmuunr.
338 4997 399 5040 tar.
414 4998 463 5040 uu.
1167 4996 1208 5060 27
