3314 5506
218 364 278 428 ma
778 359 932 443 [sanan]

256 466 273 509 l.
285 466 331 509 55“.
345 469 371 509 55
383 467 431 509 cod.
446 467 495 512 inv.

217 532 309 609 vo'can
331 557 424 618 sonat,
448 555 481 608 nt
501 548 590 609 Troia
612 548 658 608 aio
680 547 751 609 Aiax
779 547 863 608 llaia.
888 542 903 630 ll
927 544 1044 608 vocales
1071 563 1177 608 omnes
1198 552 1230 608 et
1251 546 1468 626 corripiuntnret

216 649 435 730 producuntur,
466 667 525 711 non
552 650 584 710 in
611 648 715 711 eodem
742 666 894 720 sermone,
923 648 975 709 sed
998 649 1028 709 in
1051 650 1147 710 variis.
1191 647 1249 710 bae
1269 647 1416 710 diobrom
1431 666 1467 727 ap

216 750 378 830 pellantur,
402 751 479 832 quod
501 750 648 832 duplicem
670 758 844 830 potestatem
871 749 996 821 babent,
1019 768 1091 830 ergo
1112 748 1151 812 ad
1172 759 1302 831 tempus,
1341 767 1402 812 nam
1418 766 1466 828 prrr

216 853 321 914 ductae
347 853 407 914 duo
435 863 567 932 tempora
594 850 719 924 babent,
749 859 906 932 corruptae
932 871 1040 923 unnm;
1070 861 1100 915 et
1125 850 1193 913 ideo
1221 851 1389 923 diomonae,
1410 849 1467 931 quoi

134 1000 139 1019 .
191 955 329 1034 scorripi
351 962 381 1015 et
402 954 527 1035 produci
549 962 686 1036 possunt:
710 973 741 1026 a,
765 973 849 1015 amor
870 956 1046 1034 corripitur,
1070 973 1121 1016 aer
1141 953 1329 1035 producimr;
1349 971 1380 1025 e,
1399 970 1465 1033 quas

218 1058 392 1137 corripitur,
414 1073 482 1117 eros
504 1056 692 1137 producitur;
715 1057 742 1126 i,
763 1057 824 1117 itur
846 1055 1032 1135 producitur,
1052 1055 1094 1116 ibi
1116 1056 1292 1136 corripitur;
1319 1074 1353 1128 o,
1373 1053 1466 1117 θιιιωιι

217 1160 391 1238 corripitur,
407 1166 508 1219 orator
536 1157 724 1238 producitur;
752 1177 788 1228 u,
810 1175 897 1218 umus
918 1158 1092 1237 corripitur,
1121 1176 1198 1220 unns
1220 1157 1395 1239 producitur.
1422 1156 1464 1236 pri·

218 1278 283 1320 mae
310 1268 407 1323 autern
436 1258 565 1339 syllabae
588 1258 947 1340 'quando'prodncantur,
976 1258 1094 1340 quando
1116 1260 1328 1340 corripiantur,
1349 1275 1401 1320 non
1417 1274 1465 1318 oon

217 1362 336 1423 firmant
358 1363 414 1423 nisi
436 1359 584 1442 exempla;
608 1359 644 1421 de
666 1362 773 1421 ceteris
795 1378 844 1420 ars
865 1369 919 1422 est.
944 1360 978 1442 [b
1007 1361 1194 1441 aspirationis
1215 1368 1284 1422 nota
1306 1361 1393 1438 magis
1408 1357 1464 1419 aide

180 1476 205 1517 1⁰
217 1471 267 1524 tur
289 1482 368 1534 csse,
391 1481 479 1543 quam
501 1462 607 1524 littera.
648 1460 725 1541 apud
746 1462 867 1524 Latinos
896 1471 966 1523 tune
993 1463 1199 1542 praeponitur,
1233 1464 1365 1542 quotiens
1386 1456 1464 1521 racab

217 1567 365 1645 seqnitur,
388 1573 420 1626 ut
442 1565 531 1626 bomo
552 1565 639 1626 buius
661 1563 783 1634 bumns;
805 1562 858 1624 sed
881 1582 940 1624 non
962 1563 1140 1644 ubicumque
1162 1563 1271 1626 vocalis
1292 1571 1347 1636 cst,
1371 1571 1397 1624 ct
1412 1561 1465 1639 aspi

218 1667 310 1736 ratio,
335 1666 385 1727 sed
409 1665 587 1746 ubicumque
608 1666 747 1745 aspiratio
771 1674 828 1735 est,
853 1674 882 1726 et
904 1663 1011 1726 vocalis
1033 1665 1101 1744 est]

422 1771 438 1807 ⁸
640 1769 656 1805 1
859 1769 875 1805 C
1078 1770 1095 1805 t
1297 1768 1314 1807 0

650 1950 664 2036 y
689 1953 814 2015 rnnvn
837 1952 1082 2016 nxrnanarro.

302 2092 359 2153 Pes
381 2091 417 2153 ad
439 2109 527 2152 omne
549 2099 675 2177 metrum
697 2091 835 2170 pertinet.
880 2099 1006 2153 menum
1029 2091 1107 2153 enim
1130 2091 1243 2153 Graeco
1266 2088 1396 2152 vocabulo
1412 2082 1466 2168 quod

182 2214 206 2256 ιι
220 2193 296 2274 apud
319 2193 438 2255 Latinos
460 2211 600 2254 mensura
622 2192 738 2254 dicitur.
767 2190 851 2273 [sunt
871 2193 970 2273 itaque
992 2190 1084 2255 multa
1107 2194 1240 2263 nomina,
1263 2211 1337 2272 qnae
1357 2208 1411 2253 cun
1427 2188 1467 2247 sint

124 2346 127 2353 .
220 2295 297 2374 apud
318 2294 438 2356 Latinos
460 2296 615 2366 feminina,
638 2294 715 2375 apud
737 2295 867 2356 Graecos
881 2302 985 2355 neutra
1000 2301 1084 2366 sont,
1107 2293 1198 2355 multa
1222 2295 1319 2364 etiam
1333 2285 1465 2374 qnaeapud

220 2397 349 2458 Graecos
371 2396 531 2457 masculina
554 2404 632 2468 sunt,
661 2395 738 2476 apud
760 2395 880 2457 Latinos
908 2394 964 2456 alio
991 2413 1101 2475 genere
1124 2395 1322 2478 declinantur]
1343 2412 1391 2476 pas
1406 2391 1468 2470 igliur

220 2505 265 2559 est
286 2498 449 2579 conpositio
471 2496 648 2578 syllabarum
672 2485 798 2560 duarum
818 2495 863 2558 vel
885 2499 973 2560 trium
996 2501 1027 2559 in
1057 2497 1242 2578 simplicibus
1263 2496 1394 2580 pedibus:
1421 2508 1469 2553 nan

108 2624 113 2630 ·
220 2617 308 2679 saepe
331 2619 397 2661 cnm
421 2599 622 2680 duplicantur,
647 2618 702 2678 pes
725 2617 842 2680 quoqne
864 2607 1003 2679 quattuor
1024 2608 1075 2661 ant
1096 2599 1222 2680 amplius
1244 2598 1360 2680 syllabis
1378 2601 1470 2659 condat

182 2723 208 2764 ao
222 2709 251 2763 ct
274 2701 343 2762 lacit
364 2709 491 2762 metrum
515 2701 623 2780 pedum
645 2703 782 2763 iunctura
806 2703 938 2763 numeris
959 2703 1040 2764 linita
1063 2701 1107 2763 vel
1130 2704 1235 2764 modis.
1279 2700 1384 2783 syllaba
1402 2694 1471 2759 inu

220 2823 312 2866 unum
339 2811 453 2866 tanturn
482 2803 570 2865 modo
599 2803 689 2864 babet
711 2811 840 2883 tempus,
867 2805 1005 2882 quoniam
1029 2806 1058 2864 in
1081 2802 1163 2865 brevi
1186 2802 1296 2885 syllaba
1319 2811 1411 2864 natura
1427 2806 1473 2858 tan

137 2909 139 2913 ”
221 2918 283 2968 tum
305 2904 395 2976 valet,
419 2924 493 2986 quac
516 2905 585 2967 iacit
607 2904 726 2965 brevem
749 2903 904 2984 syllabam;
935 2907 966 2965 in
989 2906 1077 2986 longa
1100 2914 1197 2967 autern
1220 2905 1330 2986 syllaba
1352 2913 1380 2965 et
1397 2910 1474 2964 namra

222 3018 267 3069 est
289 3016 318 3068 at
345 3008 465 3089 positio,
497 3016 526 3069 et
553 3008 691 3088 qnoniam
714 3009 745 3068 in
768 3007 854 3084 longa
877 3005 987 3086 syllaba
1011 3018 1040 3069 et
1062 3017 1179 3087 tempus
1201 3016 1231 3068 et
1253 3018 1383 3068 naturam
1402 3001 1473 3082 inqu·

221 3111 275 3180 ris,
299 3119 456 3190 propterea
479 3110 537 3171 dno
560 3107 649 3170 babet
670 3116 818 3188 tempora,
843 3128 933 3170 ursum
958 3117 1092 3180 naturae,
1116 3109 1193 3172 aliud
1216 3111 1378 3190 positionis.
1414 3102 1475 3184 sylb·

182 3233 207 3275 aa
223 3211 276 3273 bas
298 3219 402 3273 natura
424 3210 527 3289 longas
549 3209 668 3272 difficile
691 3219 735 3271 est
756 3211 842 3273 scire.
886 3209 937 3271 sed
959 3212 1036 3272 banc
1058 3211 1279 3291 ambiguitatem
1300 3209 1361 3272 sola
1381 3206 1478 3290 probant

222 3315 403 3375 auctoritatis
425 3314 573 3395 exempla,
597 3331 663 3373 eum
688 3330 789 3374 aversus
810 3320 915 3392 poetae
937 3314 1079 3376 scandere
1101 3316 1246 3394 coeperis.
1289 3312 1478 3394 syllabasque

221 3417 365 3494 positione
398 3415 503 3495 longae
536 3417 611 3476 stunt
642 3413 726 3474 facile
760 3422 804 3475 est
836 3415 1000 3477 dinoscere.
1044 3434 1131 3496 quem
1162 3416 1198 3477 ad
1227 3415 1347 3478 modum
1373 3417 1480 3476 ionum

220 3519 383 3580 litterarum
413 3518 445 3578 lit
472 3535 538 3596 peS,
567 3518 606 3576 ita
635 3517 742 3597 pedum
773 3518 978 3579 coniunctione
1001 3518 1032 3578 lit
1055 3536 1155 3580 versus
1178 3517 1311 3596 quilibet
1354 3535 1416 3578 nam
1435 3527 1480 3572 tot·

221 3639 307 3681 sunm
331 3620 455 3701 plurima
479 3627 547 3680 sunt
569 3636 688 3698 genera.
733 3637 858 3699 qnorum
886 3619 995 3682 bernus
1023 3629 1066 3681 est
1087 3622 1230 3701 optimus,
1254 3620 1306 3699 qul
1326 3620 1358 3680 iit
1377 3613 1481 3698 spondeo

183 3743 209 3784 ao
223 3721 337 3802 dactylo
361 3732 390 3783 et
411 3721 561 3783 trochaeo.
607 3730 651 3781 est
673 3724 752 3783 enim
780 3720 918 3782 heroicus
941 3741 1051 3792 versus,
1075 3723 1125 3803 qui
1146 3721 1279 3802 spondeo
1302 3729 1409 3782 tantum
1428 3713 1482 3798 pede

293 3961 304 4010 l
327 3971 353 4008 ut
369 3961 459 4010 troiam
476 3959 527 4010 alia
542 3961 600 4009 aiax
620 3959 686 4009 maia
704 3960 724 4008 L
810 3958 913 4027 ceros]
933 3962 1027 4010 erisL
1111 3960 1128 4011 8
1147 3975 1197 4010 non
1216 3969 1242 4011 te
1260 3960 1362 4010 firmant
1379 3959 1483 4020 Luper

222 4031 317 4091 scripio
335 4045 384 4079 oon
402 4038 462 4079 aare
482 4029 582 4078 firmant
597 4032 606 4077 l
676 4030 708 4080 12
729 4031 825 4080 uocalis
843 4032 900 4095 esti
917 4029 953 4079 lle
970 4030 1074 4095 syllabis
1089 4030 1093 4091 Ι
1108 4031 1260 4080 Litterarum
1279 4031 1380 4093 quidem
1395 4024 1482 4092 sylbba·

223 4114 329 4161 rumque
345 4109 466 4150 tractatus
484 4100 557 4148 latior
573 4109 621 4160 est,
641 4115 715 4161 qnam
735 4109 761 4148 ut
780 4101 806 4149 in
824 4107 902 4150 artem
917 4110 1108 4167 praeceptorum
1123 4102 1206 4167 possit
1219 4101 1344 4150 breuitate
1360 4093 1483 4159 constringi

223 4178 320 4217 tanturn
339 4177 423 4218 tamen
434 4184 448 4217 a
459 4171 532 4220 nobis
552 4170 694 4235 attingitur,
708 4179 831 4233 qtrnntum
847 4172 879 4219 ad
898 4171 1084 4221 dimensionem
1103 4171 1196 4235 pedum
1218 4181 1401 4234 metrorumque
1413 4164 1483 4234 perdi·

222 4247 263 4287 rat
276 4264 308 4273 —
324 4248 351 4287 ut
370 4253 428 4288 eum
444 4240 500 4289 dico
513 4240 619 4301 amicus,
633 4241 716 4304 prima
732 4241 816 4289 breuis
831 4251 877 4301 est,
893 4242 952 4304 qnia
967 4239 1058 4290 lectum
1073 4251 1111 4291 est
1128 4246 1237 4291 ‘tantum
1256 4240 1383 4290 infelicem
1401 4237 1482 4287 nimau

222 4307 310 4358 dilexit
324 4309 445 4357 amicum’
460 4311 556 4375 (Verp.
576 4310 640 4359 Aen.
656 4310 724 4359 Viiil
739 4307 818 4372 tabu
834 4311 918 4360 media
937 4320 1026 4361 natura
1045 4312 1131 4378 longa,
1149 4312 1211 4374 qula
1221 4320 1290 4360 tenet
1305 4311 1484 4360 inermsaau·

221 4380 263 4428 tits
281 4377 353 4443 (lin
371 4393 398 4427 se
416 4379 509 4428 llexurn
535 4377 698 4442 accentum),
723 4381 765 4442 qni
793 4381 894 4430 nonnisi
914 4381 939 4428 in
959 4380 1043 4447 longis
1066 4381 1212 4431 naturaliter
1235 4382 1372 4433 invenitur:
1395 4377 1483 4427 alcinoo

223 4449 323 4498 brevem
343 4462 419 4498 casus
445 4450 607 4507 demonstrat,
628 4450 688 4512 quin
704 4460 758 4498 arte
775 4451 909 4515 corripitur
924 4446 952 4514 ll
963 4451 985 4513 s.
1002 4450 1036 4501 56
1052 4451 1147 4502 Pedum
1173 4451 1318 4518 explanatio
1343 4441 1482 4512 seqnitord.

221 4520 411 4572 commentarius·
427 4520 459 4569 de
476 4521 592 4585 syllabis,
611 4535 681 4585 quera
699 4520 777 4577 ornisi,
794 4523 884 4581 paucis
895 4524 992 4572 amictis
1007 4524 1129 4584 repetitus
1148 4531 1185 4571 est
1196 4537 1233 4569 ex
1248 4520 1331 4570 libello
1337 4520 1370 4570 de
1382 4513 1484 4582 madio.

221 4605 251 4640 eo
269 4594 312 4654 qui
328 4589 439 4640 Maximi
460 4591 584 4639 Victorini
600 4592 695 4638 annaniae
708 4591 843 4651 inscriptus
861 4599 900 4640 ert
920 4595 946 4642 in
960 4592 1066 4642 editione
1085 4591 1273 4641 Mediolanensi
1291 4590 1312 4639 1.
1332 4586 1453 4639 Parrasi
1465 4596 1483 4630 θ-

223 4658 290 4712 1504
308 4668 334 4712 et
350 4662 375 4710 ia
393 4661 517 4710 analectis
538 4662 705 4723 pronamctieis
727 4660 960 4711 Vindoboneaaibus
980 4677 1008 4724 p,
1027 4663 1078 4711 455
1095 4677 1161 4726 sqq„
1180 4676 1250 4726 praem
1265 4662 1349 4712 Seruii
1362 4659 1447 4712 nom
1459 4656 1486 4702 l*

221 4733 340 4798 acriptmn
358 4730 437 4781 edidit
454 4730 586 4780 Procilius
607 4747 636 4794 p.
657 4727 724 4780 troo
747 4744 818 4793 app:
841 4731 876 4794 cs.
895 4746 923 4793 p.
946 4731 1045 4782 1801-
1055 4730 1121 4782 1803
1140 4733 1164 4781 P
1249 4730 1282 4781 19
1301 4738 1396 4780 constat
1411 4724 1486 4790 duda

222 4807 260 4848 est
279 4812 303 4851 et
321 4800 382 4850 iacit
399 4799 424 4848 L
494 4800 528 4850 23
547 4796 651 4865 positio]
672 4799 756 4862 spatio
771 4799 795 4847 L
863 4802 896 4850 at
915 4801 1035 4851 aliumL
1105 4799 1139 4851 ’26
1159 4810 1235 4866 poeta
1250 4800 1371 4850 scandere
1388 4804 1487 4864 ooeprni

223 4868 247 4918 L
316 4871 351 4923 29
365 4871 478 4937 spondeo
496 4869 613 4920 dactilico
630 4878 655 4917 et
672 4876 756 4919 troeeo
776 4869 800 4919 h
