3314 5506
107 390 112 399 ν
222 350 262 413 50
604 384 611 401 1
814 348 926 410 ruunt

290 466 356 509 .1ss.
365 464 390 508 aa
404 466 430 506 u.
781 492 783 498 .
1339 460 1385 505 ssa
1436 462 1464 505 r.

224 479 376 599 ridepautur
396 534 543 604 subicere,
563 542 686 614 utputa
708 552 758 595 rex
784 535 872 611 regis,
893 535 942 613 pix
962 535 1050 612 picis;
1079 535 1157 613 quod
1180 553 1196 595 s
1216 475 1331 595 ratiorbe
1353 553 1370 594 x
1389 463 1511 604 Ιῗιωηο,

223 657 299 718 quse
321 637 429 716 duplex
453 637 616 714 senlenge
639 636 766 697 alienum
787 655 853 697 esse
876 636 1016 697 rideatur.
1061 645 1091 697 at
1112 636 1140 695 in
1163 636 1220 696 boc
1244 637 1364 696 nomine
1388 642 1513 697 nonest

221 739 316 800 simile
340 738 409 800 buic
428 739 574 808 tractatui,
595 738 674 817 quud
698 745 743 798 est
761 737 809 798 nir
832 738 914 798 uiris,
1434 733 1439 742 ’

701 974 707 985 ,
792 936 828 977 DE
847 935 942 978 bll'TlS.

195 1067 208 1107 s
305 1044 403 1104 Mutae
434 1043 659 1103 consonantium
692 1040 806 1103 litterae
832 1048 902 1103 suut
928 1058 1052 1101 numero
1081 1058 1195 1101 novem.
1240 1040 1305 1125 bae·
1322 1057 1378 1101 uec
1403 1058 1457 1119 per
1481 1057 1513 1102 sc

222 1145 414 1223 proteruntur
440 1162 496 1205 uec
525 1161 579 1222 per
608 1161 640 1204 se
668 1141 809 1221 syllabam
838 1143 937 1203 lacere
963 1150 1095 1220 possunt
1140 1160 1194 1221 per
1216 1158 1249 1202 se
1275 1141 1331 1203 bae
1356 1159 1418 1203 nou
1444 1159 1512 1221 pro·

222 1247 373 1314 feruutur,
395 1245 540 1325 siquidem
563 1242 712 1304 vocalibus
734 1243 838 1304 litteris
860 1243 1000 1306 subiectis
1020 1245 1063 1303 sic
1082 1244 1201 1304 nomino
1224 1261 1276 1305 sua
1300 1243 1459 1313 deliniunt,
1481 1252 1513 1304 ut

220 1355 291 1426 puta
313 1346 399 1406 becc
417 1346 506 1424 dege
529 1345 567 1406 ba
590 1345 625 1406 ba
648 1365 686 1425 pe
708 1365 746 1426 qu
762 1352 800 1406 te.
834 1363 889 1425 per
909 1365 941 1406 se
961 1353 1059 1406 autern
1080 1343 1221 1424 syllabam
1244 1344 1342 1405 lacere
1362 1363 1422 1405 uon
1445 1363 1512 1424 pos·

221 1456 298 1515 sunt,
321 1446 433 1510 scilicet
453 1450 592 1527 quoniam
615 1455 713 1509 mutae
733 1446 855 1518 litterae,
878 1451 902 1507 si
926 1449 1112 1514 misceantur,
1135 1464 1240 1508 sonum
1264 1444 1394 1526 syllabae
1415 1447 1512 1509 lacere

183 1568 283 1613 conon
309 1551 515 1628 reperiuntur,
549 1556 583 1609 ut
607 1556 678 1629 puta
699 1547 738 1608 bc
758 1548 797 1626 dg
819 1547 851 1609 tk
872 1566 912 1628 pq
945 1556 974 1609 et
1001 1557 1099 1610 cetera
1120 1548 1197 1609 talia.
1241 1565 1322 1608 nunc
1355 1555 1385 1608 et
1412 1547 1441 1607 io
1469 1547 1512 1608 bis

221 1653 309 1713 mutis
336 1668 518 1729 supervacue
547 1649 721 1730 quibusdam
743 1649 762 1709 k
784 1657 853 1730 etq
881 1650 996 1711 litterae
1024 1651 1136 1728 positae
1166 1667 1230 1710 esse
1253 1649 1405 1717 ridentur,
1434 1647 1512 1728 quod

221 1754 321 1813 dicant
342 1771 358 1812 c
381 1750 508 1812 litteram
531 1752 690 1813 earundem
714 1749 812 1813 locum
841 1769 929 1830 posse
952 1749 1117 1829 complere,
1145 1759 1267 1830 utputa
1291 1731 1438 1829 Carthago
1458 1766 1511 1829 pro

221 1854 380 1932 Karthago.
425 1871 504 1913 nunc
529 1852 586 1913 boc
607 1854 706 1914 uitium
728 1854 783 1913 elsi
805 1851 960 1913 ferendum
983 1832 1083 1931 pulos
1101 1860 1230 1913 attamen
1256 1871 1311 1932 pro
1336 1869 1425 1933 quom
1449 1851 1510 1931 quis

221 1963 266 2016 est
297 1957 347 2035 qui
369 1955 511 2016 sustineat
538 1955 641 2014 cuam?
670 1962 699 2014 et
718 1953 785 2014 ideo
805 1971 865 2014 nou
889 1961 971 2015 recte
992 1953 1048 2015 bae
1071 1952 1186 2015 litterae
1209 1953 1386 2034 quibusdam
1411 1970 1509 2031 super·

182 2078 208 2119 u
221 2076 312 2119 vacue
334 2044 512 2117 constitutae
531 2073 595 2117 esse
609 2053 754 2115 ridentur.
769 2049 783 2138 ΙΙ
798 2055 868 2115 item
887 2073 922 2115 ex
945 2054 1037 2115 isdem
1057 2057 1146 2116 mutis
1162 2055 1182 2115 h
1198 2057 1384 2134 aspirationis
1403 2062 1509 2122 notam¹

222 2177 281 2219 uun
311 2156 438 2219 litteram
467 2175 533 2219 esse
558 2154 814 2220 existimaverunt.
841 2174 908 2217 cum
930 2163 960 2216 et
983 2156 1071 2224 haec,
1102 2159 1212 2217 sicuti
1239 2164 1373 2225 ceterae,
1399 2164 1508 2218 cenum

220 2277 325 2320 sonum
348 2262 475 2321 retineat
500 2260 655 2338 potestatis
679 2276 764 2328 suae,
799 2264 922 2336 utputa
951 2257 1061 2318 bonos:
1097 2256 1309 2337 numquidnam
1334 2258 1429 2317 ooost
1464 2267 1507 2319 aut

221 2367 320 2421 cetera
340 2354 476 2429 talia;'et
497 2360 563 2421 ideo
585 2359 643 2419 boc
664 2377 785 2439 quoque
805 2377 866 2419 non
885 2366 967 2420 recte
989 2359 1170 2420 existimasse
1190 2359 1313 2420 notandi
1335 2365 1413 2420 sunt

306 2461 391 2523 Nunc
414 2459 627 2540 quaeritur'de
655 2458 909 2543 consonantibus,
938 2479 1031 2540 quare
1057 2460 1180 2521 induas
1207 2467 1308 2539 parles
1335 2460 1504 2522 dividantur

182 2562 279 2624 roboc
305 2571 349 2624 est
376 2563 407 2622 iu
435 2561 627 2624 semivocales
659 2569 688 2622 et
716 2569 820 2622 mutas.
863 2561 919 2622 bac
947 2561 984 2622 de
1017 2579 1120 2631 causa,
1152 2563 1291 2640 quoniam
1324 2558 1505 2623 semivocales

221 2666 363 2725 maiorem
389 2671 565 2742 potestatem
587 2663 697 2725 habeut
719 2681 807 2743 quam
827 2672 935 2724 mutue.
981 2682 1049 2723 nam
1074 2681 1142 2723 cum
1169 2682 1272 2725 omnes
1299 2665 1372 2724 artis
1394 2663 1504 2726 latores

220 2767 439 2846 praecipueque
461 2765 583 2835 Caesar,
607 2772 730 2844 propter
750 2767 898 2826 rationem
921 2767 1074 2825 metricam
1100 2774 1130 2825 ct
1151 2773 1368 2826 structurarum
1391 2765 1503 2845 qualite·

221 2876 265 2928 tes
283 2866 468 2945 singularum
487 2864 651 2927 litterarum
668 2883 757 2927 sonos
777 2850 988 2945 ponderarent
1010 2866 1066 2927 bac
1086 2868 1200 2927 ratione
1220 2866 1411 2928 semivocales
1426 2868 1502 2929 muti

221 2969 431 3047 praeferendas
452 2967 662 3035 iudicaverunt,
687 2967 766 3047 quod
789 2967 979 3029 semivocales
997 2970 1161 3045 geminatae
1184 2969 1221 3028 ad
1240 2986 1347 3029 sonum
1364 2968 1501 3030 vocalibu

182 3078 393 3141 succurrunt,
416 3069 474 3128 boc
497 3077 541 3129 est
563 3077 595 3128 ut
616 3068 757 3148 syllabam
780 3070 878 3153 lacere
899 3070 1027 3148 possint,
1052 3077 1174 3147 utputa
1197 3069 1233 3130 fla
1256 3087 1304 3130 ars
1327 3088 1413 3130 mous
1434 3072 1499 3131 iuer

222 3179 251 3232 et
269 3177 367 3231 celcra
388 3170 470 3238 talia;
493 3180 608 3231 atvero
629 3152 726 3230 mutae
747 3172 922 3246 geminatae,
944 3174 968 3231 si
990 3169 1139 3232 vocalibus
1161 3179 1329 3240 occurrant,
1353 3189 1407 3233 nec
1424 3171 1499 3252 sylla

221 3271 288 3332 bam
313 3290 368 3334 nec
390 3290 495 3334 sonum
516 3270 628 3331 scilicet
648 3272 747 3333 lacere
770 3274 891 3351 possint.
924 3273 989 3353 quis
1012 3274 1090 3333 enim
1112 3272 1131 3333 b
1157 3293 1172 3333 c
1196 3273 1213 3334 d
1237 3272 1254 3332 l
1279 3290 1296 3350 p
1315 3281 1399 3353 qtg
1423 3275 1499 3350 genii

221 3382 304 3436 natas
334 3373 484 3435 vocalibus
513 3374 635 3436 misceat
661 3381 690 3433 et
716 3391 821 3448 sonum
853 3372 982 3454 syllabae
1015 3382 1112 3455 potest
1145 3375 1266 3437 audire?
1300 3381 1331 3435 et
1360 3374 1427 3436 ideo
1460 3374 1497 3436 ba

220 3476 402 3554 praelatione
424 3473 614 3536 semivocales
637 3482 732 3536 mutas
753 3477 810 3536 rite
832 3475 969 3538 u'deutur
997 3476 1181 3538 antecedere.
1226 3494 1304 3537 nuuc
1327 3477 1384 3537 boo
1411 3495 1497 3538 moue

183 3593 302 3646 murus,
331 3576 411 3655 quod
434 3577 453 3637 h
474 3578 574 3640 iuncta
604 3595 671 3636 cum
698 3575 760 3636 aliis
785 3579 875 3637 mutis
903 3579 996 3655 possit
1023 3576 1117 3638 vocali
1144 3596 1325 3639 concurrere
1351 3586 1381 3640 et
1408 3596 1496 3640 souur

222 3674 350 3756 syllabae
370 3661 527 3745 suscitare,
552 3685 585 3738 ut
606 3685 676 3755 puta
697 3675 836 3756 pulcher:
871 3687 902 3738 et
922 3679 987 3738 idco
1015 3679 1063 3739 bic
1091 3681 1277 3758 aspirationis
1299 3687 1384 3756 nolo.
1414 3682 1442 3742 id
1470 3701 1495 3743 et

221 3795 321 3845 sontis,
341 3795 400 3836 nun
421 3777 518 3838 littera
541 3779 635 3854 accipi
657 3776 759 3846 debet,
783 3778 894 3840 scilicet
915 3783 1054 3859 quoniam
1077 3789 1175 3842 mutae
1198 3783 1388 3850 coniunctae,
1415 3786 1493 3869 si‘ru

222 3876 334 3937 calibus
367 3886 540 3947 occurrant,
571 3877 769 3955 prohibentur
797 3898 903 3939 sonum
930 3880 1058 3960 syllabae
1086 3884 1239 3944 suscitare.
1285 3892 1421 3962 yautem
1448 3892 1478 3947 et

221 3985 344 4056 propter
366 3980 479 4041 Graeca
499 3980 616 4039 nomina
639 3979 733 4040 Latini
756 3982 913 4059 accipiunt.

184 4089 210 4132 sa
308 4077 392 4138 Nunc
415 4080 502 4140 etism
519 4080 578 4140 hoc
600 4081 761 4159 quaeritur,
784 4101 840 4160 qua
862 4082 899 4144 de
919 4101 1005 4144 causa
1028 4085 1103 4144 ratio
1127 4087 1213 4147 uretri
1235 4084 1279 4146 vel
1293 4089 1425 4149 musicae
1445 4106 1491 4166 prr

222 4177 324 4239 clirior
356 4183 395 4240 sit
422 4181 457 4240 ad
485 4183 629 4242 rationem
657 4184 798 4245 Graecam
826 4201 914 4263 quam
945 4185 1086 4246 Latinam.
1131 4188 1231 4267 utique
1262 4187 1317 4250 bac
1347 4188 1386 4249 de
1417 4193 1490 4250 cauis

222 4282 362 4359 quoniam
383 4283 562 4344 Graecarum
585 4281 749 4345 litterarum
771 4285 913 4347 vocabula
937 4289 966 4347 in
990 4288 1108 4350 dimidia
1131 4296 1215 4367 parte
1236 4299 1304 4351 suut
1325 4287 1489 4370 disyllabo«

222 4383 252 4440 in
276 4381 330 4443 alia
353 4383 565 4464 monosyllaba,
587 4385 616 4445 id
638 4393 681 4447 est
704 4394 736 4448 ut
755 4386 832 4447 XXX
852 4397 881 4450 et
903 4389 936 4449 Vl
960 4408 1050 4451 sonos
1071 4391 1249 4451 contineant.
1293 4400 1324 4452 at
1343 4410 1414 4453 uero
1436 4391 1489 4453 litu

221 4501 323 4543 rarum
346 4484 515 4546 Latinarum
540 4487 658 4548 nomina
687 4506 754 4585 curu
777 4490 835 4549 siut
860 4493 959 4552 omnia
988 4491 1205 4572 monosyllaba,
1234 4493 1331 4554 idest
1359 4500 1391 4553 ut
1411 4493 1465 4554 XX
1485 4518 1488 4550 ι

291 4655 352 4703 bnt
368 4681 403 4692 -
422 4655 487 4705 uiris
510 4657 563 4705 alia
579 4672 652 4706 manu
671 4658 762 4709 addila
781 4673 837 4709 esse
855 4663 881 4710 iu
896 4661 982 4710 codice
1003 4662 1147 4712 aduolutum
1164 4664 1244 4712 estin
1264 4663 1287 4712 ll
1376 4664 1405 4714 ll
1427 4678 1487 4729 supe

223 4735 303 4772 saeue
316 4726 422 4775 coniecit
440 4726 523 4775 editor
544 4727 744 4778 Vindodoaeusis
761 4741 936 4792 superuacuae
954 4731 992 4780 lio
1078 4731 1147 4795 quod
1162 4748 1177 4780 r
1195 4745 1245 4795 quo
1262 4733 1286 4782 R
1373 4733 1406 4784 lt
1425 4749 1486 4799 supe

222 4806 317 4841 iraeneo
336 4793 359 4844 rt
428 4794 463 4846 28
481 4797 587 4845 misceat
605 4812 621 4846 r
638 4799 726 4849 miscet
742 4813 812 4851 corr.
832 4800 978 4851 misceutll
