3346 5506
222 410 284 476 358
797 402 935 467 nonunt

222 593 298 654 hane
320 611 337 652 o
360 592 396 655 ab
418 593 487 664 lrac,
511 600 540 653 et
561 589 714 671 pluraliter
736 591 792 653 lrac
815 590 920 654 harum
942 593 989 654 his
1011 592 1064 655 has
1086 610 1105 653 o
1127 590 1163 652 ab
1185 591 1248 660 iris;
1272 591 1391 670 generis
1414 592 1512 655 neutri

223 696 339 756 numeri
360 694 516 773 singularis
537 694 594 755 hoc
616 694 703 756 huius
725 695 793 755 lruic
814 695 872 756 lroc
894 713 912 756 o
934 694 1062 766 abhoc,
1086 702 1116 756 et
1136 692 1288 775 pluraliter
1310 694 1384 756 haec
1404 694 1512 757 horum

223 797 269 857 lais
291 797 363 858 haee
385 815 403 856 o
425 796 462 857 ab
484 797 538 857 lris.
572 797 643 859 item
665 795 882 858 subiunctivum
904 794 949 857 rel
971 796 1125 858 relativum
1148 796 1266 876 generis
1281 795 1435 858 masculini
1458 814 1513 858 nu-

223 900 298 961 meri
319 897 475 977 singularis
496 901 521 961 is
544 901 608 961 eius
629 900 656 960 ci
678 917 745 960 eum
769 898 878 969 abeo,
907 906 937 959 31
958 896 1111 979 pluraliter
1139 900 1166 958 31
1194 916 1297 960 eorum
1326 899 1369 960 eis
1397 916 1449 963 eos
1477 897 1514 961 ab

198 1003 280 1071 ⁵eis3
304 1003 421 1080 generis
442 1001 577 1063 seminini
599 1003 714 1063 numeri
728 1000 885 1080 singularis
907 1019 942 1062 ea
965 1002 1027 1061 3133
1049 1001 1077 1062 31
1099 1018 1163 1061 eam
1186 998 1286 1071 aben,
1310 1007 1340 1061 et
1359 999 1515 1080 pluraliter

223 1122 275 1165 eae
298 1122 398 1165 earum
421 1104 464 1165 eis
487 1122 536 1165 eas
557 1104 594 1164 alr
617 1106 676 1173 313;
700 1104 819 1183 generis
840 1105 939 1165 neutri
961 1105 1078 1165 numeri
1099 1100 1256 1180 singularis
1282 1100 1313 1163 id
1341 1103 1406 1164 eius
1434 1104 1464 1164 ei
1484 1104 1514 1165 id

224 1205 260 1267 ab
283 1224 333 1276 eo,
358 1214 387 1266 31
408 1205 561 1287 pluraliter
584 1225 617 1267 ea
640 1225 743 1268 eorum
765 1207 808 1266 eis
830 1224 864 1266 ea
887 1204 922 1267 ab
945 1207 997 1267 313.
1032 1207 1101 1267 item
1124 1205 1237 1266 infinita
1259 1206 1377 1284 generis
1400 1224 1515 1268 maseu-

224 1307 276 1368 lini
298 1311 415 1369 numeri
437 1305 594 1386 singularis
616 1310 680 1388 quis
703 1309 786 1369 cuius
809 1308 855 1368 cui
878 1327 965 1388 quem
988 1326 1005 1369 a
1026 1327 1085 1388 quo
1108 1307 1154 1368 rel
1175 1327 1191 1369 a
1215 1309 1280 1386 qui,
1309 1315 1339 1369 et
1360 1307 1515 1386 pluraliter

224 1411 274 1491 qui
295 1427 421 1489 quorum
449 1411 514 1489 quis
541 1409 585 1470 vel
608 1408 714 1497 quihus
742 1428 816 1490 quos
843 1429 859 1471 3
882 1411 947 1490 quis
976 1408 1020 1470 vel
1046 1428 1062 1470 3
1085 1408 1205 1489 quibus;
1233 1411 1353 1488 generis
1380 1410 1516 1471 feminini

186 1523 211 1566 1⁰
225 1511 341 1572 numeri
363 1510 520 1589 singularis
542 1531 617 1592 quae
640 1513 723 1573 euius
745 1514 792 1573 oui
815 1530 902 1593 quam
925 1530 941 1572 a
964 1529 1020 1591 qua
1037 1510 1081 1572 rel
1103 1530 1118 1572 3
1141 1513 1205 1592 qui,
1228 1518 1258 1572 et
1271 1510 1426 1592 pluraliter
1440 1531 1517 1592 qnae

224 1632 348 1696 quarum
372 1614 437 1694 quis
460 1613 505 1673 vel
527 1613 633 1694 quibus
655 1632 728 1695 quas
750 1633 765 1674 a
789 1616 854 1694 quis
877 1614 921 1673 rel
944 1631 960 1674 a
983 1613 1104 1693 quibus;
1132 1615 1250 1690 generis
1278 1614 1375 1676 neutri
1398 1616 1517 1676 numeri

224 1714 382 1795 singularis
404 1716 483 1797 quod
506 1717 589 1777 euius
612 1718 660 1777 cui
681 1716 760 1796 quod
783 1735 799 1776 a
821 1734 879 1795 quo
902 1713 947 1775 vel
970 1734 985 1775 a
1008 1717 1072 1795 qui,
1102 1723 1132 1776 et
1158 1715 1312 1796 pluraliter
1340 1735 1416 1796 quae
1443 1736 1517 1797 qno·

224 1837 290 1880 rum
313 1819 378 1898 quis
400 1818 445 1879 vel
468 1818 574 1899 quihus
597 1837 672 1898 quae
701 1818 804 1897 aquis
827 1817 871 1876 vel
901 1836 918 1877 3
941 1817 1056 1898 quibus.
1091 1819 1161 1879 item
1184 1819 1346 1899 possessiva
1369 1818 1451 1880 linita
1480 1819 1517 1880 ael

225 1919 333 2000 aliquid
355 1920 432 1981 dicta
455 1938 490 1981 er
513 1928 637 2000 utraque
659 1926 743 1999 parte
766 1917 924 1998 singularia
946 1921 1064 1997 generis
1086 1919 1241 1981 masculini
1262 1938 1346 1981 mous
1368 1920 1428 1981 ruci
1451 1939 1518 1982 meo

188 2038 212 2078 ra
225 2040 323 2083 meum
346 2040 364 2081 o
386 2040 401 2082 a
425 2040 506 2093 meo,
530 2029 560 2083 et
582 2019 735 2102 pluraliter
757 2039 793 2082 er
815 2020 907 2083 altera
929 2031 1012 2102 parte
1034 2024 1093 2084 mei
1116 2041 1249 2084 meorum
1271 2023 1345 2083 meis
1359 2040 1444 2083 meos
1466 2040 1518 2083 33

225 2125 313 2193 meis;
337 2127 455 2201 generis
477 2123 611 2184 seminini
634 2125 751 2184 numeri
772 2123 930 2202 singularis
952 2143 1017 2186 mea
1039 2143 1122 2186 meae
1145 2143 1228 2186 meae
1243 2142 1339 2186 meam
1362 2142 1380 2185 o
1403 2143 1420 2186 a
1441 2143 1519 2196 mea,

226 2234 255 2286 et
276 2224 430 2304 pluraliter
457 2244 540 2286 meae
568 2244 702 2287 mearum
730 2226 803 2286 nreis
829 2244 911 2287 meas
938 2246 955 2286 o
978 2244 995 2287 a
1017 2228 1106 2296 meis;
1135 2229 1252 2306 generis
1274 2228 1373 2289 neutri
1400 2230 1521 2289 numeri

225 2325 382 2405 singularis
404 2345 503 2388 meum
526 2310 585 2386 mei
607 2346 673 2388 meo
697 2346 795 2389 meum
817 2346 964 2399 namen,
988 2336 1018 2389 et
1038 2327 1190 2409 pluraliter
1213 2347 1277 2392 mea
1292 2347 1429 2392 meorum
1445 2331 1521 2392 meis

225 2448 291 2491 mea
313 2449 331 2491 o
354 2448 370 2491 a
392 2430 479 2490 meis:
509 2446 653 2508 personae
675 2429 821 2492 secundae
836 2432 954 2509 generis
975 2431 1132 2493 masculini
1147 2433 1262 2494 numeri
1277 2431 1436 2512 singularis
1451 2439 1521 2493 tuus

190 2533 343 2594 31131133
365 2541 447 2593 tuum
470 2550 486 2592 a
510 2540 574 2601 tuo,
597 2539 627 2592 et
647 2530 800 2611 pluraliter
822 2534 866 2594 tui
888 2541 1006 2595 tuorum
1029 2535 1087 2594 tuis
1109 2543 1211 2595 13333
1234 2536 1304 2606 tuis;
1334 2535 1454 2614 generis
1476 2533 1520 2595 13-

226 2634 330 2694 minini
352 2636 469 2694 numeri
491 2633 648 2712 singularis
671 2640 720 2694 tua
743 2641 810 2694 tuae
832 2643 900 2696 tuae
923 2645 1002 2698 tuam
1026 2644 1121 2705 atua,
1145 2644 1175 2696 et
1195 2634 1348 2715 pluraliter
1370 2644 1440 2699 tuae
1453 2643 1520 2698 tua·

225 2753 293 2796 rum
315 2736 373 2796 tuis
395 2744 460 2799 tuas
481 2757 498 2800 3
520 2737 592 2806 1313;
616 2736 733 2814 generis
755 2737 853 2796 neutri
874 2739 991 2798 numeri
1014 2737 1172 2816 singularis
1193 2745 1276 2799 tuum
1297 2738 1339 2800 tui
1361 2745 1411 2799 tuo
1433 2747 1520 2800 tuum

227 2856 243 2900 a
265 2845 331 2908 tuo,
355 2845 385 2899 et
405 2839 558 2920 pluraliter
579 2848 628 2899 133
651 2845 769 2899 tuorum
799 2839 855 2899 tuis
884 2847 932 2900 133
954 2857 970 2899 3
993 2840 1065 2900 1313;
1098 2857 1243 2919 personae
1270 2840 1372 2901 tertiae
1400 2840 1522 2918 generis

227 2939 381 3002 masculini
404 2943 519 3003 numeri
545 2939 702 3020 singularis
734 2959 805 3002 suns
831 2942 877 3002 331
905 2961 958 3002 333
981 2960 1065 3002 33331
1094 2961 1110 3003 3
1138 2961 1206 3012 suo,
1235 2951 1265 3002 et
1289 2940 1446 3022 pluraliter
1474 2944 1521 3004 sui

189 3059 215 3102 aa
228 3062 349 3105 sucrum
372 3045 432 3106 suis
453 3062 522 3106 snos
543 3064 560 3107 3
582 3046 657 3113 3313;
680 3045 798 3123 generis
821 3045 954 3106 seminini
975 3045 1092 3105 numeri
1106 3042 1263 3122 singularis
1282 3063 1334 3106 333
1355 3063 1426 3106 3333
1449 3064 1521 3107 3333

229 3165 313 3208 suam
335 3165 351 3207 3
374 3165 441 3217 333,
470 3156 498 3207 31
520 3146 673 3226 pluraliter
699 3164 769 3206 suae
796 3165 915 3208 suarum
945 3149 1006 3208 suis
1034 3166 1139 3209 suasa
1162 3148 1238 3225 suis3
1273 3147 1391 3225 generis
1420 3150 1521 3209 neutri

231 3249 347 3309 numeri
369 3247 526 3328 singularis
547 3267 633 3309 suum
655 3249 700 3308 sui
722 3266 775 3308 suo
797 3267 883 3309 suurn
900 3269 915 3309 3
932 3268 999 3320 333,
1024 3258 1053 3310 et
1074 3248 1226 3327 pluraliter
1241 3267 1293 3309 333
1314 3267 1436 3310 suorum
1460 3250 1521 3310 suis

230 3371 282 3413 sua
306 3372 322 3412 a
344 3353 414 3412 suis.
447 3352 517 3411 item
540 3351 703 3430 possessiva
725 3349 863 3410 [13113311
887 3350 995 3430 aliquid
1018 3351 1094 3411 (licta
1117 3370 1154 3411 33
1175 3349 1265 3410 311313
1288 3360 1372 3429 parte
1394 3349 1521 3432 pluralia

232 3454 348 3532 generis
363 3452 516 3513 masculini
538 3461 640 3514 noster
661 3453 754 3512 nostri
776 3462 877 3512 nostro
900 3462 1032 3514 nostrum
1056 3471 1074 3512 o
1097 3461 1246 3522 anostro,
1270 3459 1299 3512 et
1314 3451 1469 3532 pluraliter
1484 3472 1521 3516 cx

192 3573 219 3615 oo
232 3563 357 3634 utraque
378 3563 461 3634 parte
484 3555 578 3616 nostri
600 3563 769 3615 nostrorum
792 3555 902 3616 nostris
923 3562 1041 3616 nostros
1063 3575 1080 3615 o
1103 3575 1120 3616 3
1143 3556 1265 3621 nostris;
1294 3556 1412 3632 generis
1434 3555 1519 3617 lemi-

232 3659 294 3717 uiui
317 3659 431 3717 numeri
453 3657 609 3737 singularis
631 3664 731 3718 nostra
754 3665 872 3718 nostrae
894 3664 1012 3717 nostrae
1035 3666 1165 3718 nostram
1188 3676 1205 3718 o
1227 3677 1244 3719 3
1267 3664 1380 3728 nostra,
1404 3666 1435 3719 31
1455 3655 1521 3738 plu·

232 3759 333 3821 raliter
356 3769 473 3820 nostrae
496 3768 662 3820 nostrarum
685 3760 794 3820 nostris
809 3767 925 3820 nostras
947 3761 1134 3830 oanostris;
1158 3761 1275 3840 generis
1291 3761 1389 3821 neutri
1404 3762 1521 3821 numeri

231 3861 387 3941 singularis
408 3870 541 3922 nostrum
565 3861 657 3922 nostri
679 3869 781 3922 nostro
804 3870 938 3924 nostrum
961 3881 978 3923 o
1002 3882 1017 3924 3
1041 3870 1156 3930 nostro,
1186 3871 1215 3922 et
1242 3860 1397 3942 pluraliter
1419 3870 1520 3924 nostra

231 3973 399 4027 nostrorum
422 3963 530 4025 nostris
553 3971 652 4025 nostra
675 3980 693 4023 o
715 3966 869 4026 anostris:
898 3984 1043 4045 personae
1058 3962 1203 4025 secundae
1225 3963 1344 4041 generis
1366 3963 1522 4025 masculini

192 4083 218 4125 as
232 4068 347 4129 numeri
368 4065 524 4145 singularis
546 4073 642 4127 vester
664 4065 755 4128 vestri
776 4074 873 4129 restro
895 4076 1024 4128 vestrum
1046 4084 1062 4125 3
1086 4071 1196 4136 vestro,
1220 4072 1250 4125 et
1263 4063 1418 4145 pluraliter
1432 4067 1522 4127 rostri

231 4177 395 4230 vestrorum
417 4169 521 4230 vestris
535 4177 647 4231 vestros
661 4189 679 4231 a
694 4169 812 4237 vestrim
836 4170 953 4247 generis
970 4168 1104 4228 seminini
1119 4168 1236 4228 numeri
1250 4166 1408 4247 singularis
1423 4176 1522 4230 restra

232 4279 344 4332 restrae
373 4278 485 4331 restrae
509 4279 634 4333 vestram
663 4278 811 4341 auestra,
841 4279 870 4331 et
896 4268 1049 4349 pluraliter
1078 4277 1191 4330 vestrae
1220 4278 1386 4331 vestrarum
1415 4273 1522 4333 restris

230 4381 341 4435 vestras
363 4392 379 4434 3
401 4374 519 4442 vestrim
546 4376 664 4453 generis
691 4375 789 4434 neutri
817 4373 933 4433 numeri
961 4370 1117 4450 singularis
1147 4379 1276 4433 restrum
1306 4374 1396 4432 vestri
1423 4382 1522 4435 restro

229 4484 360 4536 vestrum
382 4492 399 4533 3
421 4482 531 4547 vestro,
555 4483 585 4536 et
606 4475 759 4554 pluraliter
781 4484 875 4536 restra
898 4482 1061 4535 vestrorum
1085 4475 1189 4536 restris
1211 4481 1308 4536 vestra
1330 4477 1484 4537 31331313.

196 4593 218 4634 ro
316 4576 359 4637 lla
374 4575 478 4639 horum
495 4578 656 4657 conposita.
682 4577 821 4653 Egomet,
844 4584 922 4646 tute,
946 4575 1020 4649 illio,
1038 4577 1115 4646 istic,
1138 4578 1217 4639 idem
1233 4575 1395 4639 masculino
1411 4595 1522 4656 genere

297 4766 438 4819 thenon
507 4764 600 4830 8qnis
619 4765 659 4815 331
679 4766 721 4831 qui
740 4767 811 4815 cuius
831 4763 861 4814 M
933 4764 1047 4827 requae
1067 4765 1320 4828 Lquaeuelquat
1403 4766 1435 4815 12
1455 4766 1523 4829 quod

226 4836 338 4902 Lquod
355 4837 395 4887 nel
415 4835 477 4900 quid
495 4835 538 4884 tM
607 4836 673 4900 quod
693 4835 802 4899 Lquod
821 4833 862 4885 uel
881 4834 943 4897 qnid
961 4834 1005 4883 tM
1114 4833 1313 4885 aenatorum
1333 4835 1476 4902 composita
1493 4844 1521 4885 31

227 4917 329 4976 egomet
345 4915 449 4958 tutemet
466 4903 580 4972 (sibimet
597 4907 658 4959 add.
679 4910 714 4960 ot.
733 4904 813 4970 man.)
834 4903 887 4954 illic
911 4904 968 4955 istic
985 4903 1078 4954 illicine
1096 4903 1196 4955 13113133
1219 4903 1303 4969 (illino
1326 4905 1402 4956 latine
1424 4903 1522 4956 hiccine
