3314 5506
230 370 287 430 156
577 413 578 416 ,
817 362 930 425 ruunt

293 511 299 525 .
314 484 402 526 ata-rr
417 483 443 522 R.
1298 491 1321 533 p·
1334 477 1426 522 Sil-lt
1437 478 1467 521 V.

227 497 359 632 leghtur;
383 561 412 613 at
436 571 505 612 vero
526 551 577 631 qui
599 550 706 611 dixerit
727 549 761 610 ‘a
783 549 848 610 loro
871 551 973 610 veuio'
997 569 1033 611 ex
1054 549 1131 619 loco,
1154 551 1205 630 qui
1226 567 1322 630 prope
1343 550 1441 613 lorum
1463 558 1517 620 est,

227 656 327 716 venire
358 655 543 735 resperiatur.
561 649 574 734 ΙΙ
589 651 640 712 sed
668 651 724 711 hoc
753 668 921 719 monemus,
958 651 1037 732 quod
1066 651 1140 713 haec
1170 651 1310 714 discretio
1337 669 1521 731 supervacua

227 775 292 818 esse
311 756 492 823 inveniatur,
523 753 668 831 siquidem
692 761 721 814 et
746 760 883 814 auctores
912 753 1004 814 isdem
1028 752 1298 833 praepositionibus
1324 754 1389 816 sine
1410 754 1520 816 discre-

226 860 307 920 tione
338 859 380 918 uti
413 857 609 936 reperiantur.
653 858 683 916 in
712 863 742 916 et
764 856 800 916 de
831 855 1064 934 praepositiones
1095 853 1244 933 duplicem
1277 855 1521 933 significationem

200 957 337 1028 shaherc
359 959 558 1037 reperiuntur.
603 957 691 1018 modo
714 958 792 1018 enim
811 964 930 1034 augent,
952 964 985 1018 ut
1003 963 1073 1035 puta
1092 956 1226 1019 inridens
1240 956 1421 1027 declamans,
1436 967 1522 1020 'nnnc

226 1061 377 1131 minuunt,
404 1066 530 1138 utputa
552 1057 687 1119 informis
712 1059 857 1126 dedecus3
884 1058 927 1118 sic
949 1064 979 1118 et
998 1064 1097 1119 cetera
1116 1057 1196 1120 talia.
1240 1075 1299 1119 con
1321 1065 1351 1119 et
1375 1059 1408 1119 in
1434 1075 1521 1138 prae·

225 1163 389 1242 positiones
410 1159 602 1240 sequentibus
624 1159 643 1221 b
662 1179 692 1220 m
712 1178 732 1238 p
755 1158 861 1221 litteris
883 1176 902 1219 n
922 1152 1057 1220 ultimum
1078 1160 1108 1220 iu
1126 1178 1156 1220 nr
1178 1159 1307 1224 litteram
1334 1168 1522 1231 conueniant,

225 1270 260 1325 ut
279 1269 351 1343 puta
371 1261 510 1323 combibo
533 1268 682 1323 commuto
705 1261 840 1341 compleo
862 1259 993 1322 imbutus
1018 1262 1154 1323 immanis
1173 1279 1332 1340 comparo;
1360 1263 1406 1325 sic
1424 1268 1459 1325 et
1476 1281 1524 1326 oe·

228 1371 292 1426 tera
314 1362 393 1425 talia.
436 1364 467 1423 in
488 1370 517 1423 et
539 1364 575 1424 ad
598 1364 832 1443 praepositiones
849 1363 925 1423 hanc
940 1361 1042 1423 volunt
1060 1362 1150 1444 aliqui
1168 1362 1279 1425 hahere
1299 1363 1523 1435 discretionem,

189 1473 260 1532 rout
282 1471 352 1544 puta
380 1466 432 1545 qui
461 1464 567 1526 dixerit
595 1467 642 1525 ‘in
672 1465 768 1526 lomrn
795 1469 850 1526 eo'
880 1466 910 1524 in
930 1464 1025 1542 ipsum
1047 1464 1146 1526 lorum
1170 1467 1216 1528 ire
1239 1464 1445 1545 intellegatur3
1473 1468 1525 1549 qui

226 1584 296 1627 vcro
317 1567 423 1627 dixerit
443 1566 496 1626 ‘ad
521 1566 619 1627 iorum
641 1569 694 1626 eo'
717 1567 754 1627 ad
775 1564 889 1634 locum,
913 1567 963 1645 qui
983 1567 1135 1645 proximus
1158 1576 1204 1628 est
1222 1568 1302 1639 ioro,
1323 1569 1372 1631 ire
1390 1570 1523 1648 repe-ia-

225 1675 285 1729 tur.
330 1669 382 1729 sed
409 1668 466 1728 hoc
494 1686 664 1737 monemus,
691 1668 771 1748 quod
794 1667 867 1727 haec
889 1667 1027 1729 discretio
1049 1686 1231 1746 supervacua
1256 1687 1322 1738 esse
1343 1671 1522 1739 inveniatur,

226 1770 373 1850 siquidem
397 1777 426 1831 et
447 1776 583 1830 auctores
610 1769 702 1830 isdem
723 1767 992 1846 praepositionibus
1016 1771 1079 1830 sine
1102 1770 1280 1832 discretione
1300 1773 1345 1833 uti
1368 1760 1524 1850 reperian-

226 1879 285 1933 tur.
331 1891 367 1933 ex
389 1879 419 1932 et
436 1870 473 1932 ah
494 1873 736 1950 praepositiones,
763 1879 794 1930 ut
811 1870 931 1950 quidam
956 1870 1064 1940 volunt,
1087 1873 1111 1933 si
1134 1871 1251 1932 vocales
1275 1873 1342 1935 loco
1365 1890 1421 1934 suo
1445 1874 1523 1952 posi·

189 1996 213 2038 to
227 1978 274 2034 tae
292 1980 442 2042 secuntur,
464 1975 596 2051 integrae
618 1971 822 2050 proteruntur,
847 1980 969 2049 utputa
991 1993 1025 2034 ex
1049 1972 1114 2042 illo,
1138 1972 1176 2034 ab
1197 1976 1278 2052 ipso;
1309 1977 1335 2036 si
1357 1993 1430 2041 vero
1451 1993 1522 2041 oon·

225 2081 365 2137 sonantes
396 2074 442 2136 vel
468 2074 584 2136 vocales
614 2073 681 2134 loco
707 2075 896 2134 consonantis
923 2077 1037 2153 positae
1071 2075 1189 2137 easdem
1218 2078 1458 2156 praepositiones
1476 2095 1523 2139 se·

226 2184 368 2255 quantur,
403 2176 524 2237 eaedem
553 2176 787 2254 praepositiones
816 2185 1061 2255 corrumpuntur,
1096 2183 1224 2260 utputa
1253 2178 1372 2248 eioro,
1404 2198 1426 2242 a
1448 2179 1523 2251 loco,

225 2278 384 2339 alunone.
430 2296 508 2338 nunc
535 2278 592 2338 hoc
615 2294 784 2345 monemus,
815 2278 894 2356 quod
921 2279 1007 2339 etiam
1031 2278 1088 2339 hoc
1118 2287 1310 2358 praeceptum
1338 2297 1523 2359 supervacue

225 2380 391 2440 institutum
425 2397 488 2440 esse
522 2380 705 2448 inveniatur,
735 2379 880 2459 siquidem
909 2388 937 2440 et
965 2387 1101 2440 auctores
1129 2380 1222 2441 isdem
1253 2381 1523 2460 praepositionibus

188 2482 291 2544 sosine
312 2479 407 2560 aliqua
430 2467 607 2542 discretione
633 2488 770 2550 utantur,
796 2488 830 2542 ut
856 2482 933 2559 apud
959 2480 1128 2542 Sallustium
1157 2482 1253 2542 ‘nam
1284 2489 1361 2544 turn
1382 2482 1522 2546 Brutus

225 2581 268 2642 ab
296 2581 406 2643 Roma
434 2582 598 2651 aberat’;
632 2585 674 2643 sic
702 2589 732 2644 et
759 2589 857 2644 cetera
884 2581 960 2644 talia.
1005 2586 1254 2663 praepositiones,
1285 2592 1317 2645 ut
1344 2585 1521 2665 quibusdam

224 2680 335 2762 placet,
360 2684 524 2746 civitatibus
547 2684 615 2746 addi
641 2703 701 2744 non
727 2684 849 2752 debent,
879 2692 912 2745 ut
938 2692 1007 2761 puta
1035 2686 1178 2747 ‘Romam
1207 2690 1271 2754 eo',
1292 2685 1519 2766 ‘Karthaginem

223 2785 291 2845 isi’.
336 2803 415 2846 nunc
438 2789 524 2847 etiam
547 2786 604 2848 hoc
626 2804 798 2855 monemus,
825 2787 904 2867 quod
932 2787 989 2847 hoc
1016 2797 1209 2867 praeceptum
1231 2805 1419 2866 supervacue
1439 2790 1518 2851 insti·

224 2893 320 2948 tutum
338 2905 402 2949 esse
418 2890 591 2957 inveniatur,
612 2889 757 2967 siquidem
774 2897 910 2950 auctores
925 2896 954 2949 et
971 2889 1137 2950 civitatibus
1157 2891 1396 2968 praepositiones
1411 2891 1518 2954 addere

185 3009 210 3049 aa
224 2991 421 3067 reperiantur,
446 2997 479 3050 ut
500 2991 578 3068 apud
600 2989 769 3052 Sallustium
793 2991 945 3051 ‘illarius
964 2991 1005 3052 ad
1027 2978 1177 3052 Thalam
1200 2990 1428 3069 proiectus’,
1450 2996 1518 3055 item

223 3089 322 3151 ‘nam
344 3099 417 3152 tum
439 3091 577 3152 Brutus
600 3092 643 3153 ab
665 3092 776 3153 Roma
798 3090 958 3152 aberat’.
976 3088 989 3174 ΙΙ

309 3193 351 3254 De
372 3195 602 3274 praepositione,
626 3201 768 3273 quantum
790 3194 864 3253 ratio
882 3193 1032 3273 poscebat,
1056 3195 1252 3256 tractavimus.

737 3362 785 3424 DE
805 3361 1002 3424 tnvnnnto.

307 3498 485 3560 hdrerbium
514 3505 654 3576 estpars
681 3498 832 3559 orationis.
877 3498 1015 3559 adverbia
1044 3498 1138 3561 trihus
1166 3499 1261 3560 modis
1286 3499 1517 3581 intelleguntur:

183 3616 209 3659 so
223 3619 299 3671 uno,
328 3600 446 3680 quando
468 3600 505 3661 ab
527 3598 590 3661 aliis
618 3603 752 3670 veniunt,
775 3600 898 3660 honest
920 3601 1038 3681 quando
1060 3621 1096 3662 ex
1121 3600 1185 3662 aliis
1212 3601 1348 3681 partibus
1376 3605 1520 3666 orationis

221 3703 365 3778 originem
388 3701 524 3770 trahunt;
544 3701 610 3770 alio,
633 3702 825 3780 quandonon
850 3701 886 3763 ab
909 3702 972 3763 aliis
995 3703 1128 3781 partibus
1147 3705 1288 3765 orationis
1310 3707 1442 3775 veniunt,
1466 3705 1517 3768 sed

220 3820 275 3880 per
298 3820 330 3862 se
352 3809 464 3863 tanturn
486 3801 616 3880 intellegi
639 3803 843 3880 reperiuntur;
872 3806 974 3874 tertio,
1004 3806 1122 3884 quando
1148 3804 1250 3867 similia
1273 3805 1456 3888 nolminihus
1475 3809 1519 3868 in·

220 3904 388 3964 veniuntur.
434 3902 581 3972 adverbia,
603 3921 680 3983 quae
701 3903 737 3964 ab
755 3903 820 3964 aliis
840 3906 968 3974 veniunt,
990 3925 1027 3966 en
1041 3907 1086 3968 his
1107 3906 1202 3968 tribus
1221 3906 1357 3986 partibus
1376 3910 1520 3971 orationis

220 4010 334 4065 tantum
362 4006 507 4082 originem
540 4004 658 4065 trahere
691 4008 896 4083 reperiuntur,
930 4007 1025 4068 idest
1058 4010 1176 4070 nomine
1207 4009 1386 4088 pronomine
1416 4011 1518 4073 verbo.

181 4116 207 4159 ³⁵
221 4123 300 4167 nuno
317 4106 435 4167 easdem
455 4114 554 4186 partes
572 4104 719 4182 sigillatim
742 4106 941 4168 tractabimus.

303 4208 345 4269 lic
369 4209 497 4270 nornine.
542 4226 746 4288 quaecumque
774 4210 893 4269 nomina
925 4209 1036 4271 scilicet
1065 4211 1236 4291 appellativa
1260 4210 1400 4274 adverbia
1428 4232 1466 4274 ex
1487 4233 1520 4276 se

219 4309 319 4371 iacere
340 4319 480 4389 possunt,
504 4310 578 4372 haec
601 4311 696 4371 dativo
717 4330 787 4373 casu
810 4313 925 4372 numeri
949 4311 1106 4390 singularis
1128 4312 1223 4374 tribus
1248 4313 1296 4373 his
1320 4313 1424 4376 formis
1448 4315 1519 4377 dcli·

219 4411 341 4473 niuntur
363 4418 486 4482 tantum,
510 4431 528 4473 o
548 4414 558 4473 i
581 4432 637 4474 am.
684 4432 762 4475 nunc
784 4414 944 4475 earundem
969 4414 1161 4491 singularium
1185 4415 1348 4478 formarum
1370 4416 1520 4479 rationem

287 4547 305 4599 6
324 4549 440 4598 minuunt
457 4565 472 4597 r
489 4551 602 4599 minuent
621 4548 669 4600 RB
756 4565 802 4599 con
820 4560 844 4600 et
862 4548 900 4616 in]
919 4551 1046 4602 Priscian.
1063 4566 1093 4615 p.
1110 4549 1162 4602 366
1247 4550 1264 4602 8
1282 4550 1400 4602 combibe
1416 4569 1433 4602 r
1451 4567 1520 4604 com·

219 4617 280 4667 uiuo
296 4617 346 4668 RB
429 4619 461 4669 14
478 4620 576 4684 positas
595 4618 644 4669 RB
736 4619 765 4670 to
784 4618 944 4686 proferantur
961 4621 1011 4672 RB
1099 4621 1130 4671 16
1148 4623 1248 4686 positae
1262 4621 1367 4672 eusdem
1384 4638 1400 4673 a
1417 4624 1521 4689 positas

219 4685 325 4737 eaedem
343 4687 367 4739 n
385 4689 497 4753 posistes
516 4690 618 4739 easdem
638 4703 705 4740 corr.
727 4697 784 4755 post
802 4689 904 4739 easdem
921 4690 946 4739 B
1017 4689 1049 4741 17
1068 4699 1265 4756 corrumpuntur
1281 4707 1297 4742 rr
1314 4704 1522 4759 conrumpatur

218 4756 269 4808 RB
338 4754 372 4806 20
387 4759 457 4823 apud
475 4757 636 4823 Sallustium]
657 4759 732 4812 Catil.
750 4759 786 4811 40
860 4760 893 4809 22
912 4759 1089 4825 karthaginem
1109 4762 1144 4810 iui
1162 4760 1186 4811 B
1204 4761 1381 4828 carthaginem
1398 4763 1436 4813 ibi
1455 4764 1481 4816 n

218 4827 253 4878 26
271 4824 376 4894 Marius]
397 4827 432 4892 rs.
452 4827 558 4878 Sallust.
578 4827 634 4895 Iup.
654 4830 687 4879 75
756 4827 790 4880 36
808 4829 904 4879 scilicet
923 4845 967 4882 om.
987 4829 1019 4890 R,
1038 4830 1099 4880 add.
1120 4829 1145 4878 B
