3346 5506
502 364 510 375 ‘
577 380 776 445 msrnvra
794 381 938 444 annun
960 381 1127 446 rev-era
1440 387 1495 449 aaa

334 530 341 543 .
1294 528 1301 541 .
1358 525 1379 533 -
1420 501 1449 545 v,

232 500 375 652 priamo
388 500 536 651 ¹tkernporis
560 571 622 631 sive
643 570 749 640 iuturi,
779 587 856 650 quas
878 570 933 631 dus
960 569 1070 650 syllaba
1099 501 1365 642 terminantu‡,wgt
1379 503 1499 653 ῗροοίοε

231 675 394 753 inperfectae
418 674 481 735 sive
501 673 599 734 miuus
621 689 711 750 quam
731 673 881 751 perlectae
900 671 945 734 vel
966 674 1147 735 inchoativae
1171 672 1337 753 aqualibet
1359 675 1498 753 qualitate

232 775 291 837 verbi
310 775 345 837 ad
362 793 446 839 suam
468 775 594 835 sormam
615 773 709 851 redigi
731 775 931 852 reperiuntur.
976 777 1092 854 species
1111 777 1260 854 perfectae
1284 785 1313 837 et
1327 775 1496 857 plusquam·

230 877 353 957 perierim
379 876 461 939 modi
485 876 633 939 indicativi
659 876 722 937 sive
748 877 957 955 pronuntiativi
985 885 1014 938 et
1035 878 1153 956 optativi
1181 884 1210 939 et
1231 879 1408 939 coniunctiri
1437 881 1497 940 sive

230 978 322 1040 iunctivi
349 986 379 1040 et
404 978 537 1040 futurum
557 985 675 1055 tempus
697 977 778 1039 modi
804 979 981 1039 coniunctivi
1009 981 1069 1040 sive
1099 981 1218 1040 iunctivi
1246 988 1275 1040 et
1302 983 1494 1059 praeteritum
1522 1010 1534 1047 a

231 1088 321 1160 tenpus
340 1080 421 1143 modi
450 1080 554 1141 iullniti
582 1078 621 1140 ab
643 1080 735 1141 activa
756 1077 882 1140 nerrtrali
911 1088 941 1140 et
963 1081 1174 1160 frequentativa
1202 1079 1356 1159 qualitate,
1385 1082 1497 1144 scilicet

230 1184 279 1260 quia
296 1182 455 1244 inchoativa
482 1182 536 1243 bas
557 1199 608 1243 res
634 1182 733 1242 lacere
758 1179 947 1258 prohibetur,
979 1183 1015 1243 ad
1038 1200 1122 1244 suam
1145 1183 1272 1243 formem
1293 1184 1388 1260 redigi
1410 1202 1496 1262 repe·

231 1284 329 1346 nautor.
370 1302 453 1345 nuuc
472 1284 504 1343 in
522 1283 579 1344 bac
601 1283 696 1344 forma
724 1282 782 1344 hoc
804 1300 974 1354 monemus,
1003 1284 1081 1364 quod
1106 1284 1163 1345 hoc
1185 1303 1275 1345 unum
1300 1285 1424 1346 verbum
1445 1286 1496 1346 ad·

231 1385 326 1447 mum
351 1386 389 1449 sit
415 1385 589 1464 imperativo
617 1386 706 1445 modo
732 1390 867 1464 ternpore
896 1385 994 1447 luturo
1021 1393 1145 1465 propter
1177 1404 1318 1448 sonorum
1351 1389 1495 1449 rationem
1611 1458 1619 1477 α

232 1483 354 1557 declinari,
377 1487 408 1548 id
431 1494 476 1548 est
497 1493 656 1548 memento.
686 1488 737 1548 scd
760 1487 818 1548 hoc
835 1487 958 1549 verbum
980 1504 1036 1564 qua
1061 1487 1098 1547 de
1120 1505 1207 1548 cansa
1222 1484 1235 1569 ΙΙ
1251 1489 1280 1548 in
1304 1506 1393 1568 supra
1416 1488 1494 1549 dicto
1509 1516 1534 1555 10

231 1586 297 1648 nodo
315 1596 435 1669 propter
456 1606 545 1649 sonos
568 1588 728 1649 admissum
751 1590 788 1649 sit
809 1587 965 1658 declinari,
986 1589 1093 1650 hocin
1117 1591 1197 1650 sonis
1218 1598 1413 1670 conpetenter
1435 1599 1494 1651 tra-

232 1687 355 1753 mnam.
408 1691 525 1769 species
556 1689 706 1769 perfectae
735 1698 764 1751 et
793 1689 1098 1770 plusquamperfectae
1131 1691 1211 1751 modi
1241 1692 1437 1770 inpersonalis
1465 1701 1495 1754 et

231 1791 327 1863 rendi
347 1792 537 1853 novisdmum
563 1794 624 1853 eive
650 1794 835 1871 participium
865 1794 1016 1871 praeteriti
1044 1794 1186 1871 temporis
1207 1792 1252 1854 vel
1279 1794 1386 1864 futuri,
1415 1795 1494 1872 quod

231 1888 311 1955 intus
329 1893 471 1975 syllabam
493 1895 565 1962 exit,
594 1911 649 1954 nec
673 1912 731 1954 non
751 1902 781 1955 et
803 1912 909 1955 nomen
933 1902 961 1955 et
983 1893 1137 1973 appellatio
1159 1901 1189 1954 et
1210 1903 1327 1974 tempus
1350 1897 1493 1973 praeteri-

230 1999 276 2053 tum
294 2002 320 2057 et
338 1995 472 2058 futurum
491 1995 573 2057 modi
592 1995 697 2056 infiniti
719 1997 779 2057 sive
801 1997 937 2075 perpetui
960 1995 1006 2059 vel
1025 1998 1139 2074 species
1160 1996 1309 2075 perlectae
1331 1998 1391 2057 sive
1414 1998 1491 2058 lutu·
1505 2022 1531 2063 rs

230 2107 279 2155 mn
292 2107 400 2177 tempus
419 2097 500 2158 modi
514 2098 689 2158 coniunctivi
712 2116 727 2158 a
748 2096 886 2176 qualitate
905 2099 1020 2176 passiva
1040 2096 1084 2159 vel
1102 2098 1261 2176 deponenti
1283 2096 1328 2158 vel
1344 2102 1493 2159 communi

230 2192 343 2262 datam
364 2199 492 2263 formam
521 2198 617 2277 redigi
640 2201 839 2278 reperiuntur.
884 2201 1015 2260 nuncin
1040 2199 1095 2260 liae
1122 2200 1215 2260 lorma
1243 2199 1299 2261 hoc
1328 2218 1491 2270 monemus,

230 2299 288 2370 llud
304 2301 355 2363 boc
374 2319 468 2363 unum
490 2302 677 2381 participium
700 2304 862 2380 reperitur,
886 2301 915 2362 id
938 2298 984 2363 est'
1002 2302 1179 2371 moriturus,
1202 2301 1281 2381 quod
1303 2308 1425 2381 propter
1445 2321 1493 2362 so·

229 2408 310 2463 ”trun
326 2404 470 2466 rationem
493 2421 619 2483 usupra
641 2402 720 2464 dicta
744 2402 841 2465 lorma
861 2404 1027 2465 inveniatur
1054 2403 1233 2482 discrepare.
1278 2421 1357 2464 num
1380 2405 1492 2481 quade

227 2509 293 2564 causa
311 2522 399 2585 supra
422 2505 534 2567 dictum
554 2507 741 2585 participium
764 2522 884 2584 asupra
906 2504 982 2566 dicta
1005 2507 1100 2566 torma
1123 2506 1287 2567 inveniatur
1309 2504 1530 2585 discreparem

225 2590 309 2667 hocin
327 2608 409 2667 sonu
431 2613 624 2685 conpetenter
646 2605 846 2669 tractabimus.

288 2708 452 2781 Quaeritur,
472 2710 597 2788 portitor
619 2717 649 2772 at
666 2718 768 2769 centor
784 2717 814 2771 et
831 2715 930 2770 cetera
945 2708 1014 2771 talia
1034 2726 1091 2787 qua
1107 2709 1144 2770 de
1164 2726 1251 2770 causa
1275 2727 1291 2769 a
1312 2708 1412 2771 verbis
1431 2728 1491 2771 non

219 2810 301 2873 ’elie
319 2813 519 2891 reperiantur.
547 2810 603 2871 bac
623 2811 661 2872 de
682 2829 780 2881 causa,
803 2813 943 2891 quoniam
964 2813 1060 2872 omnia
1082 2811 1171 2873 rerba
1194 2831 1229 2873 er
1246 2812 1372 2890 gemndi
1394 2814 1492 2873 novis·

208 2906 278 2975 ⁸lno
296 2913 427 2976 nltimam
449 2911 590 2993 syllabam
613 2914 643 2975 in
660 2921 705 2974 tor
725 2911 866 2992 syllabam
888 2919 1065 2975 corrvertunt
1082 2919 1112 2973 et
1131 2930 1238 2973 nomen
1254 2931 1325 2973 suae
1345 2911 1492 2991 qualitatis

206 3015 372 3086 oattendunt,
402 3021 526 3094 utputa
549 3013 692 3076 calcatum
714 3012 852 3076 calcator.
895 3015 1061 3094 siculique
1088 3021 1117 3075 et
1137 3022 1285 3094 portatum
1307 3022 1440 3093 portator
1463 3023 1529 3076 etas

201 3124 350 3181 monum
369 3123 506 3180 canum
527 3116 626 3179 lacere
648 3115 790 3186 debeant;
814 3123 844 3177 et
863 3117 929 3178 ideo
952 3118 1076 3194 portitor
1100 3126 1130 3177 et
1151 3123 1252 3176 cantor
1275 3134 1346 3177 suae
1370 3117 1491 3193 positio·

197 3221 248 3281 uis
267 3222 396 3289 uomina,
417 3237 477 3280 non
499 3237 516 3279 a
539 3218 636 3280 verbis
656 3218 801 3279 venientia
818 3226 887 3279 sunt
909 3218 1136 3297 pronuntianda.

282 3321 458 3394 Quaeritur,
486 3320 592 3381 lavatio
619 3326 649 3381 et
675 3326 774 3383 cetera
797 3320 866 3381 talia
892 3336 950 3398 qua
978 3319 1014 3378 de
1037 3335 1124 3379 causa
1148 3336 1163 3378 a
1184 3317 1282 3379 verbis
1310 3335 1369 3377 non
1393 3318 1491 3378 venire

189 3425 395 3505 repetuntur.
439 3422 496 3485 bac
520 3421 558 3484 de
583 3439 685 3493 causa,
711 3424 850 3501 quoniam
877 3421 974 3483 omnia
1000 3418 1089 3480 verba
1120 3439 1155 3481 er
1183 3420 1307 3496 gerundi
1334 3419 1491 3479 novissimo

188 3536 247 3589 tina
269 3525 385 3589 litteras
406 3526 545 3586 omittunt
569 3532 598 3586 et
619 3543 672 3587 ura
692 3522 737 3585 vel
764 3526 791 3585 io
813 3523 924 3586 litteras
948 3523 1097 3600 accipiunt
1122 3528 1150 3581 et
1172 3519 1398 3599 appellationem
1420 3538 1491 3582 suae
1504 3542 1530 3583 ao

187 3628 347 3710 qualitatis
369 3627 537 3697 ostendunt,
558 3634 680 3706 utputa
704 3627 848 3704 seriptum
872 3626 1026 3704 scriptura,
1050 3622 1158 3684 lectum
1178 3619 1184 3705 Ι
1202 3621 1299 3684 lectio.
1331 3624 1373 3683 sic
1390 3624 1491 3701 utique

187 3741 224 3795 et
244 3730 344 3793 lotum
365 3727 464 3790 lotura
491 3728 590 3790 iacere
611 3727 733 3798 debcat;
763 3734 793 3789 et
811 3726 879 3787 ideo
902 3724 1007 3787 lavatio
1035 3743 1106 3786 suae
1129 3725 1283 3803 positionis
1307 3733 1351 3786 est
1372 3743 1491 3794 nomen,

187 3848 256 3897 nou
284 3850 303 3893 a
326 3829 421 3892 verbo
446 3831 567 3891 veniens
593 3828 758 3909 appellatio.
804 3846 875 3890 sane
900 3829 1068 3906 quaeritur,
1099 3827 1216 3906 quando
1244 3825 1492 3906 appellationesa

187 3930 294 3997 littera
316 3938 348 3993 et
365 3931 483 4011 quando
505 3949 523 3991 o
544 3930 640 3993 littera
660 3931 846 3993 deliniantur.
891 3948 985 4010 quare
1007 3928 1065 3991 hoc
1088 3947 1258 4000 monemus,
1282 3929 1361 4008 quod
1382 3930 1440 3991 hoc
1463 3931 1492 3989 in

189 4037 277 4097 sonis
298 4040 493 4111 conpetenter
515 4040 643 4095 tractare
666 4031 848 4095 debebimus.
864 4028 877 4114 ΙΙ
1505 4049 1530 4090 ee

281 4136 457 4209 Quaeritur.
491 4153 548 4214 qua
577 4135 615 4196 de
646 4151 734 4195 cause
755 4133 911 4195 Terentius
943 4135 1008 4214 peri
1037 4140 1066 4195 et
1095 4152 1156 4194 non
1178 4135 1253 4211 perii
1285 4134 1491 4211 pronuntiarit.

195 4238 253 4301 bac
275 4238 316 4301 de
330 4254 429 4307 musa,
453 4238 594 4317 quoniam
611 4235 701 4299 verba
723 4237 803 4297 modi
819 4236 968 4297 indicativi
990 4238 1021 4296 in
1038 4237 1137 4315 specie
1158 4237 1289 4313 perlecta
1311 4255 1347 4296 ex
1362 4236 1491 4297 secunda

196 4356 325 4419 persona
351 4339 469 4400 numeri
493 4337 650 4417 singularis
677 4340 713 4399 sti
734 4337 846 4400 litteras
867 4339 1004 4399 omittunt
1034 4345 1063 4397 et
1083 4338 1208 4413 primam
1238 4355 1395 4415 personam
1421 4355 1492 4397 suae

200 4443 309 4522 speclei
335 4440 468 4503 eiusdem
489 4441 608 4502 numeri
635 4440 809 4509 ostendunt,
840 4446 964 4520 utputa
992 4439 1093 4517 peristi
1115 4441 1189 4518 peri.
1233 4441 1304 4501 item
1330 4438 1490 4518 quaeritur,

263 4577 283 4633 2
299 4578 402 4645 spectes
419 4576 549 4643 perlectae
566 4578 623 4627 siue
638 4576 903 4643 plusquamperfectao
916 4576 940 4625 R
959 4576 1060 4638 species
1076 4576 1230 4641 inperfectae
1246 4576 1302 4626 siue
1318 4575 1492 4637 minusqnam-

201 4644 327 4711 primu
344 4646 371 4697 B
475 4646 505 4698 ll
525 4646 933 4697 tractabimusrtraetauimuslu
953 4654 1013 4693 trac.
1031 4645 1057 4693 B
1151 4647 1184 4696 12
1201 4648 1302 4711 species
1321 4644 1449 4710 perlectae
1468 4654 1492 4693 et

203 4714 465 4785 mammertus
482 4717 508 4768 B
525 4717 614 4782 specie
630 4715 747 4782 perlecta
766 4728 791 4767 et
810 4713 1060 4782 plusquamperlecta
1078 4716 1100 4765 Il
1170 4714 1203 4764 21
1223 4717 1389 4765 tractabimus
1407 4730 1422 4760 r
1440 4723 1491 4762 tra-

202 4784 392 4849 fllnudiB
459 4784 678 4845 saeuiente,
696 4787 758 4837 odd.
776 4787 818 4837 Br
886 4783 921 4834 ³5
939 4784 1128 4834 debebimusll
1145 4785 1267 4835 debemus
1285 4785 1310 4835 B
1380 4782 1414 4834 36
1433 4797 1492 4848 pro-
