3314 5506
531 364 731 426 m'sxtxvxx
753 363 894 427 ARTIVM
916 363 1082 428 378-387
1393 364 1453 427 109

228 511 236 524 .
289 512 297 524 .
348 480 375 523 1.
1250 479 1401 521 ‚sn-nr.

163 479 289 620 11111(ιῖ
305 483 379 612 daec
401 568 455 629 per
477 569 580 612 omnes
601 570 686 612 casus
708 554 738 612 in
762 550 862 612 ultima
885 550 929 612 rel
952 552 1109 631 prouitima
1133 493 1248 630 syllabd
1263 569 1318 629 per
1339 570 1358 630 q
1377 550 1451 613 titte-

163 671 223 712 ram
247 653 428 713 scribuntur.
474 671 553 713 nunc
575 654 604 713 in
625 653 680 713 trac
700 655 794 714 torma
813 656 931 730 generis
953 652 1120 723 masculini,
1144 671 1201 730 qua
1224 653 1349 714 diximus
1370 651 1450 713 abic-

161 756 218 814 tiro
241 772 315 815 casu
336 757 453 815 numeri
474 752 630 832 singularis
657 757 774 815 nomina
798 773 815 813 o
838 754 934 815 littera
955 740 1106 816 terminari
1132 762 1161 815 et
1182 755 1359 840 nominativo
1380 772 1450 814 casu

161 857 277 917 numeri
302 855 459 933 singuiaris
484 875 561 936 quus
588 855 697 935 syllaba
727 856 856 925 definiri,
889 856 946 917 hoc
968 873 1135 925 monemus,
1164 855 1242 935 quod
1271 874 1306 915 ex
1329 874 1364 915 cn
1385 854 1451 933 pins

161 976 249 1037 nixam
268 955 362 1018 xxtll
381 960 461 1026 soni,
484 957 608 1037 honest
631 956 805 1037 piusquam
829 956 920 1019 xxm
942 958 1075 1025 nomina,
1098 974 1156 1016 non
1177 957 1291 1034 possint
1309 955 1450 1041 exhiberi.
1477 984 1489 1022 s

161 1061 197 1121 de
218 1061 317 1120 torma
339 1060 457 1136 generis
479 1057 647 1126 masculini,
675 1077 731 1137 qua
754 1059 879 1119 diximus
907 1057 1032 1119 ablativo
1053 1077 1122 1119 casn
1152 1044 1268 1118 numeri
1296 1055 1452 1135 singularis

161 1163 279 1223 nomina
300 1180 319 1220 o
343 1160 440 1221 littera
461 1163 615 1222 terminari
638 1171 667 1221 ct
688 1163 864 1221 nominativo
887 1179 956 1222 casu
980 1161 1096 1221 numeri
1119 1159 1274 1239 singniaris
1296 1178 1373 1238 quus
1394 1159 1451 1239 syl-

161 1263 225 1324 laba
244 1263 372 1330 definiri,
395 1270 537 1340 qnantum
555 1264 628 1323 ratio
649 1263 797 1341 poscebat,
820 1263 1017 1323 tractavimus

244 1365 287 1426 ne
311 1381 423 1441 genere
452 1365 600 1424 feminino.
646 1365 778 1426 seminini
809 1366 927 1441 generis
955 1366 1089 1432 nomina,
1123 1381 1199 1442 qnae
1229 1362 1355 1424 ablativo
1382 1381 1475 1425 casu-

161 1470 277 1530 numcri
297 1466 456 1546 singularis
477 1487 495 1527 o
513 1466 611 1530 littera
632 1468 842 1535 terminantur,
871 1465 944 1526 haec
964 1466 1139 1526 nominativo
1161 1483 1230 1556 casu
1253 1468 1371 1527 numeri
1393 1467 1450 1528 sin·
1468 1489 1491 1529 (1

161 1569 271 1647 guhris
290 1567 297 1652 Ι
316 1570 362 1631 his
383 1577 450 1629 octo
474 1569 576 1630 iormis
598 1571 776 1631 definiuntur
796 1575 923 1640 tantum,
948 1587 983 1628 us
1004 1586 1057 1628 aus
1078 1586 1131 1628 ens
1152 1569 1198 1627 ius
1218 1585 1272 1628 ous
1295 1586 1349 1628 nus
1368 1586 1401 1628 os
1423 1588 1451 1630 o.

244 1672 289 1733 111
314 1690 361 1732 us.
405 1689 608 1750 quaecumque
636 1673 753 1732 nomina
782 1673 900 1748 generis
927 1669 1060 1731 seminini
1086 1667 1211 1729 ablativo
1238 1688 1310 1729 casn
1336 1672 1451 1731 numeri

161 1768 320 1853 singularis
344 1791 362 1831 o
384 1772 479 1833 littera
508 1775 702 1834 terminantur
727 1781 755 1832 et
784 1773 963 1833 nominativo
990 1792 1059 1834 casn
1087 1772 1205 1832 numeri
1232 1771 1390 1849 singularis
1417 1791 1452 1833 ns

161 1876 265 1936 titteris
288 1882 357 1953 post
377 1882 587 1936 consonantem
609 1875 796 1945 definiuntur,
820 1883 852 1935 ut
867 1882 937 1954 puta
957 1873 994 1934 ab
1009 1873 1066 1935 hac
1080 1891 1222 1952 cupresso
1241 1873 1315 1934 hacc
1330 1892 1451 1956 cupres-

161 1995 217 2046 sus,
241 1974 320 2037 haec
341 1976 377 2037 ad
399 1975 457 2036 hoc
475 1976 641 2055 exemplum
663 1976 862 2038 declinantur:
886 1978 1002 2037 numeri
1020 1975 1176 2054 singularis
1198 1975 1271 2037 haec
1291 1994 1451 2056 cupressus
1466 1999 1489 2039 n
1514 2026 1522 2037 ,

161 2079 247 2141 11111
264 2080 401 2157 cupressi
419 2078 489 2139 huic
511 2097 651 2158 cupresso
667 2079 750 2141 ‚hanc
768 2073 941 2158 cupressum
963 2098 981 2138 o
1003 2096 1143 2157 cupresso
1164 2077 1278 2140 abhoc
1299 2096 1451 2158 cupresso,

161 2181 279 2241 numeri
299 2178 422 2256 pluralis
441 2180 496 2241 hae
512 2183 643 2259 cupressi
665 2180 769 2241 txarum
793 2197 1002 2260 cupressorum
1024 2179 1070 2240 his
1092 2183 1241 2258 cupressis
1262 2181 1315 2241 has
1330 2198 1452 2259 cupres-

161 2296 207 2342 sos
226 2300 247 2341 o
272 2284 410 2361 cupressi
432 2281 470 2343 ah
490 2283 536 2342 his
554 2285 710 2361 cupressis.
742 2284 784 2343 sic
804 2291 833 2343 ct
854 2282 909 2343 alia
932 2283 1049 2361 generis
1070 2282 1202 2343 seminini
1225 2284 1353 2350 nomina,
1376 2302 1453 2362 quac

161 2382 287 2445 ablativo
315 2400 386 2444 casu
415 2385 531 2444 numeri
556 2383 750 2461 singulariso
776 2384 872 2444 littera
899 2387 1094 2445 terminantur
1121 2392 1151 2444 et
1176 2387 1354 2444 nominativo
1382 2403 1452 2447 casu

161 2488 278 2548 numeri
299 2483 459 2563 singularis
483 2503 519 2544 us
540 2483 644 2544 litteris
672 2495 737 2564 post
759 2494 970 2547 consonantem
994 2486 1189 2555 detininntur,
1219 2486 1255 2546 ad
1283 2487 1451 2565 exemplum
1465 2509 1490 2548 cn
1581 2489 1593 2511 ⁸

161 2588 295 2667 cupressi
323 2604 379 2666 per
400 2604 504 2647 omnes
525 2604 611 2647 casus
639 2587 831 2648 decimantur.
876 2606 955 2648 nunc
977 2589 1008 2648 in
1031 2589 1086 2649 hac
1112 2606 1200 2667 supra
1225 2592 1333 2669 scripta
1357 2589 1451 2648 torma

161 2689 215 2750 hoc
236 2706 413 2758 monemus,
442 2689 521 2769 quod
542 2689 599 2749 hoc
621 2707 713 2749 unum
735 2707 843 2750 nomen
872 2698 983 2750 tantum
1012 2692 1193 2768 reperiatur,
1222 2692 1302 2769 qnod
1330 2697 1453 2771 propter

159 2792 305 2853 rationem
325 2808 469 2851 sonorum
489 2792 624 2868 genetivo
648 2790 745 2850 dativo
768 2799 797 2851 et
819 2793 949 2851 vocativo
973 2810 1042 2852 casu
1071 2793 1188 2852 numeri
1209 2792 1365 2871 singularis
1396 2811 1452 2854 nec

161 2912 218 2954 non
239 2902 271 2954 ct
286 2893 466 2953 nominativo
489 2892 584 2953 dativo
608 2894 736 2952 vocativo
758 2901 787 2954 et
806 2892 933 2954 ablativo
956 2911 1026 2954 casu
1049 2897 1164 2955 numeri
1182 2892 1304 2973 pluralis
1326 2896 1368 2954 sic
1382 2911 1453 2954 ano·

161 2994 234 3055 male
248 2993 463 3080 ⁴confirmatum
483 2996 521 3053 sit
542 2992 699 3064 declinari,
725 2995 754 3055 id
777 3005 822 3056 est
841 2996 929 3056 huius
948 2995 1054 3057 domus
1082 2997 1152 3057 huic
1180 2997 1279 3057 domui
1306 3015 1324 3055 o
1346 2996 1452 3057 domus
1465 3018 1491 3057 1

162 3094 214 3157 hae
236 3096 347 3157 domus
379 3094 425 3156 his
448 3095 584 3157 domibus
614 3116 632 3157 o
658 3097 763 3159 domus
792 3098 829 3158 ab
851 3097 897 3159 his
918 3097 1069 3166 domihns;
1104 3105 1134 3158 at
1156 3118 1225 3159 vcro
1255 3117 1310 3177 per
1338 3106 1454 3159 ceteros

164 3215 246 3258 casus
275 3196 313 3257 ad
346 3215 454 3257 sonum
482 3200 616 3276 cupressi
642 3198 748 3260 debeat
779 3198 930 3260 declinari.
975 3218 1054 3260 nunc
1087 3219 1143 3280 qna
1176 3201 1213 3261 de
1246 3219 1334 3261 causa
1364 3218 1453 3278 supra

167 3298 271 3360 dictum
293 3317 403 3360 nomen
430 3301 459 3359 in
485 3319 573 3379 supra
596 3301 682 3361 dictis
708 3301 826 3362 casibus
855 3308 978 3382 propter
1006 3319 1095 3362 sonos
1123 3303 1165 3361 sic
1187 3302 1322 3363 anomale
1346 3302 1454 3362 contir-
1524 3374 1528 3381 ἢ

170 3411 272 3462 natum
292 3404 332 3463 sit
349 3404 545 3481 pronuntiari,
569 3421 635 3464 cnm
656 3404 693 3464 ad
716 3405 796 3482 ipsos
810 3421 898 3464 sonos
913 3405 1089 3471 venerimus,
1112 3401 1171 3463 iliic
1190 3404 1247 3463 hoc
1262 3411 1454 3483 conpetenter

174 3505 366 3564 meabimus.
411 3521 491 3564 nunc
515 3507 546 3563 in
568 3505 624 3565 hae
647 3505 742 3566 torma
771 3508 888 3584 generis
915 3506 1062 3573 seminini,
1093 3523 1149 3583 que
1173 3505 1300 3566 diximus
1327 3505 1492 3566 abiaticum

182 3620 237 3664 casu
256 3605 379 3689 nulmeri
398 3604 556 3684 singularis
579 3609 696 3667 nomina
719 3626 737 3667 o
760 3605 855 3668 iittera
878 3608 1030 3668 terminari
1052 3615 1081 3668 et
1104 3609 1281 3669 nominativo
1302 3627 1372 3669 casu
1396 3626 1451 3670 11-

186 3707 245 3764 neri
263 3708 417 3786 singularis
438 3725 472 3768 us
494 3706 598 3769 litteris
620 3718 686 3787 post
706 3718 915 3770 consonantem
938 3709 1070 3777 definiri,
1104 3710 1161 3770 hoc
1183 3728 1354 3781 monemus,
1375 3711 1454 3790 qnod

193 3820 219 3862 n
231 3824 260 3868 ca
274 3808 339 3887 pins
359 3830 447 3890 quam
470 3812 587 3889 triginta
603 3812 663 3872 (111
683 3813 757 3881 soni,
778 3812 835 3873 hoc
857 3820 902 3872 est
921 3830 1009 3891 quam
1032 3813 1150 3890 triginta
1166 3812 1225 3873 dno
1246 3815 1375 3882 nomina,
1395 3831 1453 3873 non

198 3909 281 3976 1111111
302 3913 443 3974 exhiberi.
488 3914 525 3974 de
549 3914 643 3975 torma
677 3917 794 3993 generis
819 3914 966 3983 feminini,
1005 3932 1063 3995 qua
1087 3913 1211 3975 ablativo
1238 3934 1308 3976 casn
1340 3917 1456 3977 numeri

202 4002 321 4080 dedatis
340 4016 460 4074 nomina
483 4033 501 4083 o
523 4014 619 4076 littera
639 4018 834 4100 terminantur
854 4025 882 4077 et
900 4018 1077 4077 nominativo
1098 4035 1168 4077 casn
1190 4019 1306 4079 numeri
1325 4016 1453 4095 singula·
1466 4031 1492 4073 as

205 4102 271 4169 ΓΙ111
287 4112 386 4176 litteris
406 4124 474 4195 post
494 4126 706 4179 consonantem
730 4118 923 4188 deliniuntur,
951 4126 1091 4197 quantum
1113 4113 1188 4179 ratic
1213 4118 1368 4198 poscebat,
1397 4127 1455 4180 tra·

208 4208 318 4275 dtxiuus.

218 4401 223 4412 ἱ
264 4311 296 4376 dc
311 4338 362 4380 ans
383 4340 436 4381 cus
459 4323 579 4382 insons
601 4340 666 4383 uus.
711 4340 916 4401 quaecumque
938 4323 1056 4383 nomina
1079 4325 1195 4400 generis
1217 4324 1349 4384 feminini
1375 4323 1455 4384 ahia·

210 4406 312 4513 1111111
330 4424 447 4483 numeri
462 4423 619 4500 singularis
639 4443 656 4482 u
675 4422 772 4484 littera
789 4425 986 4484 terminentur
1009 4433 1038 4485 ct
1058 4427 1234 4485 nominativo
1253 4444 1323 4487 casu
1338 4427 1454 4486 numeri

210 4512 322 4583 ⁸¹¹¹th
339 4543 428 4603 supra
445 4526 561 4603 scriptis
582 4526 685 4585 formis
701 4526 888 4594 definiuntur,
908 4526 981 4587 haec
996 4545 1050 4605 per
1064 4544 1149 4591 raros
1163 4544 1252 4624 sonos
1267 4528 1450 4597 efficiuntur;
1465 4540 1492 4581 ⁴⁰

259 4680 301 4736 liu
316 4693 399 4744 ultime
417 4695 439 4745 11
467 4697 492 4743 in
511 4696 623 4746 nltimam
644 4696 669 4744 B
775 4696 813 4744 nei
835 4697 997 4761 prouitimnm
1016 4697 1114 4763 syllaba
1134 4698 1159 4747 B
1182 4696 1223 4747 nei
1241 4714 1321 4763 prope
1340 4698 1455 4747 uitimmn

211 4740 389 4813 ⁵id³bcmpuep
408 4780 489 4829 prope
507 4767 595 4815 nlximn
613 4766 745 4829 syiicbnr
819 4768 940 4830 thrsit
1011 4768 1092 4830 intre
1111 4768 1133 4816 11
1206 4768 1239 4818 30
1257 4770 1423 4818 tractabimus
1442 4787 1457 4815 r

211 4815 393 4884 1111111183
469 4838 502 4886 :to
521 4833 589 4900 post]
611 4849 668 4885 orric
686 4837 725 4885 111
783 4900 788 4914 x
829 4837 863 4887 10
882 4852 1017 4904 perraros
1035 4853 1112 4887 sonos
1133 4837 1278 4886 efficiuntur
1297 4837 1319 4888 11
1337 4852 1456 4904 perraros
