3314 5506
236 468 245 476 ⁶
541 391 724 479 Mans
746 391 988 479 casuarium
1013 391 1035 477 u
1062 396 1139 480 ιι
1199 471 1201 474 Α
1371 470 1373 476 ,
1457 399 1519 481 aaa

251 499 423 550 p.to.tt1„
1297 513 1319 553 p.
1336 501 1467 542 anscote.

308 579 427 640 Genera
455 576 628 649 verborum,
657 596 733 657 quae
761 575 797 636 ab
826 575 890 637 aliis
918 577 1146 655 significationes
1169 577 1320 650 dicuntur,
1344 591 1413 640 sunt
1433 582 1519 660 quin·

183 692 264 753 que
278 725 292 748 ,
324 682 416 741 activa
431 680 551 759 'passiva
575 688 679 740 neutra
703 679 879 758 deponentia
908 680 1085 738 communia.
1130 680 1220 738 activa
1243 688 1313 740 sunt
1334 700 1409 759 quac
1432 701 1449 740 o
1471 679 1518 740 lit-

184 781 274 839 tera
310 784 510 843 terminantur
532 788 562 840 et
584 787 703 859 accepta
728 799 742 839 r
766 780 861 840 littera
885 779 996 840 iaciunt
1018 799 1053 840 ex
1076 799 1107 840 se
1129 781 1258 858 passiva,
1281 789 1314 841 ut
1336 781 1402 860 lego
1425 781 1516 859 legor.

183 882 340 951 passiva
362 891 432 944 sunt
454 899 530 960 quae
553 899 569 940 r
591 881 687 942 littera
713 883 909 948 terminantur
924 889 953 941 et
976 900 1009 941 ea
1032 883 1139 941 amissa
1162 882 1289 942 redeunt
1309 885 1340 941 in
1363 885 1463 950 activa,
1480 892 1520 943 ut

184 973 308 1054 legor·
330 983 406 1062 lego.
452 991 557 1043 neutra
584 991 654 1043 sunt
681 1000 756 1059 quae
785 1003 802 1043 o
830 981 926 1043 littera
956 984 1152 1043 terminantur
1180 992 1210 1042 et
1236 992 1355 1064 accepta
1384 1001 1400 1042 r
1422 982 1545 1045 litteras

184 1073 330 1144 heina
359 1103 419 1145 nan
448 1093 532 1154 sunt,
563 1093 594 1145 ut
621 1091 666 1143 sto
694 1102 793 1144 curro.
838 1092 907 1144 sunt
933 1086 1020 1145 etiam
1045 1094 1147 1145 neuua
1172 1103 1247 1164 quae
1268 1086 1278 1144 i
1300 1084 1395 1145 littera
1418 1087 1519 1147 termi-

185 1191 353 1258 uantur,
380 1194 414 1246 ut
441 1185 491 1246 odl
520 1187 586 1247 nori
615 1187 750 1246 memini:
789 1194 858 1245 sunt
885 1187 955 1245 item
985 1188 1113 1265 quaein
1135 1205 1184 1246 nni
1208 1184 1348 1264 syllabam
1373 1187 1520 1256 desinunt

182 1284 222 1335 1¹1
256 1302 345 1348 sum
368 1306 508 1367 prosum;
531 1289 601 1348 item
625 1289 752 1367 quaein
775 1297 787 1348 t
808 1287 936 1348 litteram
952 1296 1061 1347 exeunt
1085 1286 1130 1366 [et
1144 1286 1340 1366 inpersonalia
1357 1288 1520 1369 dicuntur}

181 1384 221 1435 Μ
255 1389 370 1462 pandet
396 1388 496 1449 taedet
524 1389 654 1469 paenitet
680 1387 776 1459 libet.
807 1387 859 1448 sed
888 1389 961 1451 haec
984 1396 1013 1448 et
1035 1387 1138 1448 similia
1162 1388 1304 1450 delectiva
1328 1390 1519 1451 existimanda

180 1493 300 1548 Sunt.
335 1491 514 1570 deponentia
536 1499 605 1551 sunt
626 1508 701 1569 quae
723 1509 738 1550 r
760 1489 856 1550 littera
881 1491 1077 1550 terminantur
1100 1499 1128 1550 et
1151 1509 1184 1550 ea
1207 1492 1313 1552 amissa
1335 1492 1436 1552 latina
1461 1509 1519 1551 uon
1534 1501 1558 1548 ιι

179 1594 309 1660 sunt,
338 1602 371 1653 ut
398 1594 537 1653 convivor
566 1591 729 1653 conluctor.
775 1594 940 1652 communia
970 1600 1039 1652 sunt
1066 1609 1140 1670 quae
1169 1610 1184 1650 r
1206 1591 1301 1652 littera
1325 1595 1521 1654 terminantur

179 1687 217 1739 ⁰1
251 1688 307 1752 in
331 1694 404 1755 duas
426 1694 538 1760 lormas
559 1693 685 1764 cadunt,
708 1695 846 1771 patientis
869 1702 898 1754 et
919 1694 1050 1770 agentis,
1074 1701 1107 1758 ut
1128 1703 1245 1753 scrutor
1267 1696 1424 1756 criminor:
1448 1695 1521 1754 diri·

179 1796 284 1849 fflus
316 1797 396 1857 enim
419 1803 537 1855 scrutor
560 1803 588 1855 te
611 1802 640 1854 et
658 1804 779 1870 ,scrutor
802 1813 817 1853 a
840 1803 884 1864 te,
908 1796 1050 1855 criminor
1073 1803 1101 1854 tc
1125 1803 1155 1855 et
1176 1797 1319 1855 criminor
1340 1816 1355 1856 a
1379 1805 1418 1857 te.
1438 1806 1522 1857 'sunt

178 1888 318 1958 rerba
344 1905 426 1965 extra
455 1896 533 1957 hanc
561 1894 710 1973 regulam,
739 1914 816 1974 quae,
839 1895 1006 1974 inaequalia
1035 1895 1188 1966 dicuntur,
1210 1907 1252 1965 ¹ut
1280 1895 1361 1957 soleo
1384 1898 1460 1958 lacio
1482 1898 1520 1958 lio

179 1979 271 2050 fido
313 1996 408 2058 audeo
435 1997 550 2076 gaudeo
578 2015 678 2058 vescor
706 1997 776 2058 lero·
802 1996 924 2057 medeor
949 1995 1076 2076 [reddo]
1106 1997 1160 2058 edo
1189 1998 1287 2077 pando
1315 2000 1423 2059 mando
1443 1996 1520 2059 nolo
1535 2018 1559 2058 u

180 2087 304 2159 volo.
348 2107 418 2160 sunt
445 2117 519 2178 quae
548 2097 689 2159 declinari
712 2099 768 2158 rite
797 2116 855 2157 non
878 2107 1016 2177 possunt,
1040 2107 1072 2158 ut
1094 2099 1167 2158 cedo
1190 2119 1241 2159 are
1264 2100 1331 2160 laxo
1353 2103 1393 2160 sis
1415 2099 1521 2161 amabo

179 2182 280 2256 infit
318 2203 439 2281 inquam
472 2218 581 2279 quaeso
610 2201 666 2260 aio.
710 2208 779 2260 sunt
809 2201 895 2261 etiam
927 2199 1151 2279 monolsyllalra,
1181 2220 1256 2280 quae
1277 2202 1345 2261 ideo
1367 2201 1428 2262 sola
1452 2220 1521 2281 pro-

180 2283 419 2383 ductarum,
442 2309 476 2362 ut
496 2308 542 2361 sto
565 2301 603 2384 do
626 2300 665 2362 llo
688 2318 737 2383 no.
781 2309 850 2360 sunt
878 2300 966 2361 verba
988 2303 1120 2380 incertae
1142 2304 1378 2385 significationis,
1402 2312 1434 2363 ut
1455 2312 1521 2364 ton·
1566 2329 1570 2335 ·

182 2385 269 2456 de⁰
304 2403 369 2466 laro
391 2401 505 2464 labrire
527 2403 618 2482 punio
640 2419 766 2463 munero
788 2404 884 2481 partio
907 2403 1016 2482 populo
1039 2402 1173 2463 adsentio
1188 2402 1276 2464 adulo
1298 2402 1377 2465 lucto
1393 2424 1520 2483 auguro:

182 2483 406 2566 haecsentm
427 2506 529 2565 'omnia
551 2512 582 2566 et
602 2493 674 2564 ino
697 2504 726 2564 et
747 2505 777 2562 in
801 2522 816 2563 r
838 2503 934 2564 littera
958 2492 1115 2573 liniuntur,
1140 2514 1169 2565 ct
1195 2506 1244 2565 iris
1267 2505 1363 2567 veinis
1387 2515 1559 2587 temporam

184 2587 449 2685 participiorum
470 2602 484 2688 ΙΙ
505 2605 642 2667 accidunt
669 2624 764 2685 paene
793 2592 900 2666 omnia.
947 2614 1016 2667 sunt
1043 2608 1113 2666 item
1139 2606 1226 2667 rerba
1254 2588 1328 2686 quae
1351 2627 1521 2687 conponere

185 2702 397 2779 mutnus,
426 2714 459 2768 ut
480 2726 559 2789 pono
581 2707 683 2777 tralro,
712 2725 825 2785 repono
854 2708 988 2776 retraho;
1022 2715 1090 2768 sunt
1111 2727 1186 2788 quac
1209 2726 1268 2768 non
1291 2727 1460 2788 possumus,
1490 2718 1522 2769 ut

137 2825 141 2833 ’
188 2792 259 2855 ⁸5⁰
272 2803 417 2889 ·'quaeso.
447 2811 450 2818 '
496 2813 499 2819 '

295 2995 309 3044 1
327 3011 360 3046 nn
377 3011 478 3047 annena
491 2994 588 3046 Genera
608 2996 642 3047 S:
660 2994 759 3044 Genera
774 3021 807 3032 —
817 2996 850 3045 21
867 3010 947 3060 paene
964 2997 1050 3046 omnia
1066 2998 1180 3047 Cantent.
1192 3010 1220 3058 p.
1231 2996 1299 3046 2052
1313 3013 1369 3064 sqq.
1422 2998 1438 3046 2
1452 3013 1521 3048 eom-

195 3055 313 3114 munz.
324 3065 477 3132 deponenda
490 3065 536 3115 SP
551 3064 703 3130 deponentia
713 3073 781 3114 *ante
796 3067 1049 3131 communiaponuut
1061 3067 1206 3116 Consentini
1217 3072 1251 3131 p.
1270 3066 1338 3117 2052
1352 3075 1379 3117 et
1389 3067 1522 3130 Pompeius
1573 3076 1576 3081 '

196 3123 317 3191 ,2²98
340 3175 346 3184 .
368 3139 384 3186 4
403 3136 555 3186 admissaS
599 3135 622 3189 n
637 3135 761 3189 neutralia
774 3135 1072 3198 quaed-quaeneutra
1086 3137 1136 3187 S..
1175 3134 1310 3201 8prosurn
1328 3147 1387 3189 sunt
1403 3138 1462 3188 item
1477 3136 1522 3188 L.-
1556 3183 1558 3188 .

147 3256 150 3261 ,
200 3190 279 3245 ¹¹0⁰!
300 3216 391 3267 quaet
408 3205 493 3255 littera
507 3213 601 3254 exeunt
616 3216 644 3254 ut
657 3205 735 3269 pudet
747 3204 815 3253 tedet
832 3206 928 3270 penitet
938 3207 1071 3257 Otedoaias
1085 3221 1113 3267 p.
1134 3205 1213 3255 1915:
1230 3207 1264 3269 es,
1279 3208 1351 3259 Sero.
1369 3210 1394 3256 in
1411 3207 1476 3260 Don.
1491 3222 1520 3270 p,

204 3249 297 3321 ¹⁸49
365 3284 390 3325 et
407 3275 495 3327 om.S
562 3273 839 3326 illibatam'Plibet
857 3284 955 3338 oportet
977 3276 1001 3323 L
1071 3275 1241 3325 existimanda
1260 3277 1466 3338 (exuestimanda
1483 3273 1540 3336 Pr·

206 3333 373 3394 1’Μηυιιῑ
390 3354 523 3410 praeterea
537 3352 627 3393 neutra
643 3344 721 3392 uerba
734 3351 758 3392 et
777 3347 819 3406 (ut
833 3343 869 3405 P)
886 3347 989 3407 passiua
1004 3344 1147 3409 (praezerea
1166 3341 1255 3393 nerrlro
1274 3347 1378 3408 passiua
1395 3346 1423 3407 ς)
1438 3353 1466 3393 ut
1481 3356 1520 3394 est

210 3404 326 3462 &udan
340 3416 448 3480 gauisus
467 3429 523 3464 num
540 3414 611 3464 soleo
630 3413 719 3462 solitus
738 3427 794 3462 sum
814 3413 908 3471 (audeo
931 3429 1009 3464 erasus
1025 3429 1081 3464 sum
1098 3414 1130 3462 llo
1146 3414 1227 3463 laetus
1243 3429 1299 3463 sum
1318 3415 1368 3463 fido
1383 3415 1445 3465 ilaus
1463 3429 1519 3463 snm

211 3466 286 3528 ΨΜ.
305 3482 333 3546 ς)
345 3484 497 3550 deponentia
511 3484 594 3539 nes.-
610 3483 645 3545 ιγ’.
661 3481 734 3535 Serv.
753 3484 779 3531 in
791 3483 856 3536 Don,
871 3501 898 3547 p.
915 3484 990 3537 1849.
1008 3485 1122 3535 Consent.
1135 3499 1162 3544 p.
1175 3482 1253 3533 2054.
1272 3499 1377 3549 eaquae
1394 3486 1426 3533 de
1440 3483 1521 3532 nabis

133 3566 138 3573 '
212 3544 590 3618 “bomainimterporita
606 3560 670 3602 aaut.
682 3555 707 3602 in
723 3567 739 3609 ς
755 3553 856 3603 addidit
873 3556 948 3603 etiam
965 3570 992 3609 e.
1015 3568 1063 3604 nou
1085 3556 1144 3616 lepit
1161 3553 1293 3614 Pompeias
1312 3568 1339 3615 p.
1354 3552 1415 3606 303,
1432 3554 1519 3601 existi·
1618 3589 1621 3594 .

216 3613 321 3670 lunda
335 3634 402 3678 snat.
417 3625 559 3688 eommunia
574 3632 633 3672 sunt
649 3637 713 3684 quae
732 3622 840 3672 rlittera
857 3625 1022 3672 terminantur
1034 3634 1058 3671 et
1074 3625 1099 3671 in
1115 3624 1179 3671 diras
1196 3622 1291 3671 formas
1307 3623 1484 3686 (caduntadd.
1494 3624 1520 3682 a)
1543 3620 1546 3627 '
1600 3619 1602 3623 ’

133 3728 135 3735 .
219 3683 346 3742 Mentis
360 3703 385 3743 et
399 3695 499 3759 egentis
513 3702 541 3741 ut
558 3700 656 3741 scrutor
670 3692 791 3740 criminor
807 3693 914 3742 dicimus
929 3694 997 3741 euim
1014 3701 1112 3741 scrutor
1126 3700 1149 3740 te
1164 3696 1189 3740 'et
1204 3697 1337 3741 scrutor'a
1357 3703 1382 3742 te
1400 3691 1521 3740 criminor

221 3749 241 3790 ¹⁶
260 3763 298 3805 et
311 3763 426 3812 criminor
440 3779 455 3812 a
471 3773 497 3812 te
513 3761 678 3826 (deponentia
693 3770 752 3811 sunt
766 3776 831 3824 quae
848 3777 859 3809 r
875 3763 959 3811 littera
977 3762 1144 3812 terminantur
1158 3769 1182 3810 et
1196 3777 1225 3809 ea
1241 3779 1254 3811 r
1269 3763 1365 3812 amissa
1378 3761 1456 3810 latina
1469 3775 1520 3809 uon

221 3822 289 3872 '⁰¹¹2
308 3840 333 3880 nt
346 3833 469 3885 wnuinor
484 3832 614 3883 conluetor
629 3832 774 3881 communia
790 3840 849 3881 sunt
866 3848 931 3896 quae
950 3848 962 3881 r
979 3832 1061 3881 littera
1080 3833 1245 3879 terminantur
1260 3840 1284 3881 et
1301 3833 1326 3880 in
1346 3833 1411 3882 duas
1425 3831 1521 3880 formas

223 3885 324 3963 “flunt
336 3904 456 3968 patientis
476 3913 501 3952 et
519 3902 619 3966 agentis
637 3910 664 3948 ut
682 3908 781 3951 scrutor
802 3903 920 3951 criminor
939 3902 1046 3951 dicimus
1065 3901 1132 3950 enim
1151 3909 1250 3950 scrutor
1267 3912 1291 3950 te
1306 3908 1330 3949 et
1349 3910 1448 3951 scrutor
1466 3915 1481 3948 s
1496 3909 1521 3949 te

224 3962 348 4021 “imitor
363 3982 388 4022 te
402 3982 427 4022 et
446 3973 566 4022 critninor
579 3986 595 4019 a
612 3981 637 4019 te
656 3971 718 4021 add.
734 3986 747 4019 r
762 3972 844 4021 deleta
859 3980 941 4022 vetere
958 3973 1098 4034 scriptura,
1119 3975 1145 4020 in
1163 3986 1212 4036 qua
1230 3973 1291 4037 qaid
1307 3972 1363 4021 olim
1377 3971 1457 4032 suerit
1474 3985 1521 4019 nan

224 4032 337 4102 mm,
346 4043 394 4093 aad
407 4044 534 4104 pumera
549 4040 631 4103 sititae
648 4039 773 4104 adparet)
787 4052 845 4090 sunt
860 4042 938 4090 uerba
950 4053 1022 4090 extra
1034 4040 1136 4091 hancS
1189 4039 1222 4088 10
1233 4041 1279 4090 sed
1291 4055 1322 4089 en
1335 4042 1431 4090 amissa
1450 4039 1473 4087 L

228 4085 253 4139 Μ
279 4111 433 4180 01111111ηο
454 4111 570 4184 regulam
591 4110 762 4160 SClecloniua
780 4125 808 4173 p.
831 4112 895 4162 llil-'o
914 4122 985 4160 extra
1003 4110 1049 4159 has
1063 4111 1166 4176 regulas
1183 4108 1233 4158 LP
1263 4173 1266 4179 ἡ
1305 4110 1334 4160 tn
1353 4110 1457 4160 medeor
1473 4107 1521 4158 edo

133 4226 135 4237 ,
226 4161 409 4244 lfflrlepniao'
426 4173 486 4231 nolo
505 4175 563 4230 udlo
580 4176 958 4244 Pmeaeorpindo'edo'uoto
976 4182 1033 4245 nolo
1049 4174 1084 4229 Z'
1124 4180 1155 4229 16
1171 4174 1198 4229 ut
1215 4180 1338 4230 'cedoaue
1354 4176 1413 4229 lax'o
1431 4177 1522 4242 amabo

133 4247 136 4255 '
228 4242 262 4281 ⁸¹⁸
281 4243 337 4298 infit
349 4251 429 4316 inquit
448 4251 552 4316 inquam
568 4263 648 4313 queso
666 4249 737 4298 salue
756 4250 797 4298 aio
817 4250 841 4299 Ι,
859 4259 887 4298 ut
905 4250 967 4299 cedo
982 4250 1052 4300 lraue'
1066 4250 1126 4298 laxo
1143 4249 1171 4297 tit
1187 4249 1241 4298 infit
1254 4251 1356 4313 inquam
1375 4264 1470 4313 quaeso
1481 4247 1522 4297 aio

230 4297 249 4345 Ρ
325 4317 424 4387 amabo]
445 4318 559 4370 amboS
629 4320 660 4369 17
678 4319 852 4382 monosyllaba
868 4320 1003 4382 quaeideo
1025 4320 1080 4370 sola
1098 4319 1332 4383 productasuntL
1348 4319 1523 4383 monosyllaba

133 4411 136 4435 ι
231 4380 303 4430 lue
318 4386 518 4440 indeclinatione
531 4390 606 4438 etiam
621 4396 708 4437 eontra
721 4389 835 4453 regulam
845 4389 969 4453 producta
982 4399 1040 4438 sunt
1056 4391 1081 4438 Ρ
1093 4389 1267 4454 monosyllabo
1283 4404 1348 4452 quae
1368 4428 1520 4443 ........

232 4437 324 4502 ‘mit
334 4459 410 4524 (quae
427 4461 453 4509 in
465 4460 634 4510 declinatione
653 4459 730 4507 etiam
744 4466 816 4507 extra
835 4459 949 4523 regulam
964 4459 1018 4507 sola
1036 4458 1199 4522 productas)
1213 4468 1273 4507 sunt
1286 4461 1308 4510 S
1376 4457 1410 4508 18
1427 4474 1459 4507 no
1473 4472 1519 4508 om.

233 4505 285 4558 Μ’
348 4528 441 4580 tundeo
462 4527 519 4578 labo
537 4527 633 4578 fabrico
650 4529 728 4591 ponio
747 4527 832 4576 munio
850 4528 923 4592 pario
939 4528 1034 4592 populo
1051 4528 1166 4577 adsentio
1187 4527 1264 4577 adulo
1287 4529 1367 4577 luctor
1385 4541 1484 4593 auguro
1501 4527 1523 4575 S

191 4657 194 4662 p
233 4581 327 4640 “Met
337 4597 392 4648 labo
409 4597 506 4649 fabrico
521 4599 598 4663 punio
611 4598 699 4646 munio
712 4598 808 4661 partior
823 4612 927 4646 numero
943 4597 1053 4662 populor
1065 4597 1195 4646 adsentior
1212 4597 1302 4647 adulor
1315 4598 1396 4647 luctor
1409 4611 1522 4661 augrrror

159 4718 168 4729 ,
231 4654 352 4715 'madeo
367 4667 423 4720 lano
434 4667 532 4718 fabrico
544 4669 630 4717 munio
644 4681 751 4715 munero
767 4668 849 4731 partio
866 4667 960 4731 populo
978 4668 1088 4716 assentio
1102 4667 1178 4715 adulo
1196 4667 1290 4717 adiuuo
1309 4681 1406 4732 auguro
1424 4665 1448 4714 1,
1463 4676 1522 4714 tun·

146 4770 149 4777 -
215 4708 381 4795 '‘lm-lton„
392 4737 503 4801 madeo),
514 4738 572 4795 lanto
588 4736 683 4788 lubrico
696 4737 779 4799 punio.
791 4750 901 4792 ,munero
918 4737 1001 4801 partio
1017 4737 1112 4801 populo
1126 4737 1238 4789 assentio
1247 4736 1328 4790 ,adulo
1345 4736 1439 4794 adiuup
1455 4735 1522 4792 lucto

277 4806 374 4869 ,ΝΡ
423 4807 474 4872 ,20
496 4807 562 4856 euim
582 4807 663 4856 συιδ*
732 4806 817 4854 omnia
836 4807 914 4855 uerbo
932 4804 1015 4869 (corr.
1035 4807 1113 4856 uerba
1130 4808 1151 4869 1)
1168 4814 1193 4856 et
1211 4806 1309 4854 inab
1379 4804 1525 4854 rlitteraS

229 4860 253 4895 θ’
266 4853 394 4927 ΙΙῑῑῑηιε
411 4877 525 4928 rlitteris
542 4876 593 4925 LP
659 4877 693 4926 22
711 4890 760 4924 non
779 4891 916 4941 possumne
934 4877 1101 4936 LGledoniur
1114 4892 1142 4940 p.
1159 4876 1225 4928 1917
1241 4890 1290 4924 non
1305 4882 1413 4941 ponerint
1431 4873 1477 4924 SP
