3314 5506
609 406 807 468 INSTITVTA
830 406 971 468 ARTIVM
992 408 1116 470 tit-75
1469 410 1510 469 57

262 522 429 579 amun
1299 524 1460 576 amau

216 592 330 656 lationis
348 599 553 675 perseverant
597 594 745 655 interdum
768 594 845 655 enirn
868 595 1057 655 inveniuntur
1078 595 1213 663 nomina,
1236 592 1364 675 quaein
1386 597 1509 675 positivo

217 699 274 758 sive
294 694 435 758 absoluto
453 696 548 773 gradu
569 703 682 757 tantum
704 696 763 755 sint
783 697 955 763 constituta,
984 703 1017 755 ut
1041 704 1109 774 puta
1131 713 1224 756 novus
1247 703 1276 757 et
1298 705 1396 758 cetera
1424 696 1508 765 talia:

216 798 366 859 interdurn
394 815 470 878 quae
493 798 523 856 in
537 799 747 876 'comparativo
775 802 903 866 tanturn,
934 803 966 856 ut
992 805 1060 875 puta
1094 799 1218 857 interior
1245 804 1274 857 et
1300 804 1397 859 cetera
1425 796 1508 866 talia;

216 899 368 961 interdum
391 899 518 979 quaein
540 897 719 976 superlativo
747 906 874 966 tanturn,
903 905 1024 976 utputa
1053 900 1230 959 novissimus
1255 906 1283 960 et
1302 906 1398 960 cetera
1426 898 1508 968 talia;

216 1001 367 1062 interdum
395 1017 472 1078 quae
498 1001 528 1060 in
554 1001 677 1079 positivo
699 1002 759 1060 sive
784 998 918 1059 absoluto
948 1007 977 1060 et
1000 1002 1198 1077 comparativo
1226 1008 1354 1070 tantum,
1381 1007 1508 1080 utputa
1535 1025 1548 1064 s

216 1102 320 1180 ingens
343 1103 495 1180 ingentior
523 1109 553 1163 et
572 1108 670 1162 cetera
701 1101 784 1169 talia;
813 1101 963 1162 interdurn
986 1119 1061 1180 quac
1082 1103 1112 1161 in
1134 1103 1265 1179 positivo
1284 1110 1312 1162 et
1331 1101 1508 1180 superlativo

216 1210 341 1270 tantum,
360 1210 395 1264 ut
415 1210 485 1280 puta
507 1205 574 1281 pius
593 1205 741 1280 piissimus
762 1209 791 1263 et
813 1211 910 1263 cetera
933 1202 1016 1270 talia;
1037 1203 1185 1264 interdurn
1208 1221 1284 1284 quae
1305 1205 1334 1263 in
1356 1221 1508 1284 compara·

215 1306 273 1364 tiro
294 1310 327 1365 et
349 1302 526 1382 superlativo
548 1312 676 1373 tanturn,
697 1312 730 1364 ut
751 1312 819 1382 puta
847 1305 945 1381 potior
966 1306 1136 1383 potissimus
1164 1312 1193 1366 et
1213 1313 1310 1366 cetera
1332 1305 1416 1374 talia;
1450 1305 1508 1365 ire·

215 1414 343 1487 quenter
363 1416 433 1466 iero
456 1423 532 1484 quae
552 1424 606 1484 per
622 1424 726 1466 omnes
745 1414 806 1466 tres
821 1405 930 1483 gradus
951 1414 1150 1483 perseverant,
1173 1414 1288 1485 utputa
1312 1406 1380 1469 lelir
1396 1406 1510 1467 lelicior

215 1506 404 1568 felicissimus
426 1514 456 1568 et
475 1515 572 1568 cetera
593 1505 670 1567 talia.
708 1525 787 1567 nunc
807 1507 863 1567 hoc
883 1507 1045 1587 quaeritur,
1070 1526 1126 1587 qua
1147 1508 1183 1568 de
1207 1527 1294 1569 causa
1319 1509 1392 1570 haec
1411 1507 1507 1588 aliqua
1523 1528 1548 1568 vo

215 1610 347 1678 nomina,
369 1609 476 1669 sicuti
498 1625 587 1686 supra
609 1608 807 1676 ostendimus,
831 1626 890 1668 non
912 1627 966 1688 per
987 1626 1091 1669 omnes
1113 1609 1223 1686 gradus
1245 1609 1419 1671 conlationis
1440 1628 1509 1689 per-

214 1716 362 1773 severant
393 1728 485 1790 quare
507 1710 564 1770 hoc
584 1728 747 1779 monemus,
772 1709 851 1790 quod
874 1710 1037 1770 eorundem
1059 1728 1147 1772 sonos
1167 1729 1234 1771 curn
1250 1709 1369 1791 syllabis
1390 1720 1421 1773 et
1442 1729 1509 1772 cum

215 1811 390 1873 meantibus
416 1813 446 1872 in
475 1811 577 1871 taetris
605 1818 798 1889 conpetenter
823 1819 950 1872 tractare
979 1810 1167 1881 debebimus;
1196 1811 1308 1873 scilicet
1335 1822 1367 1874 ut
1390 1814 1509 1894 quando

215 1913 289 1974 llaec
310 1915 431 1974 nomina
453 1914 667 1991 comparativos
689 1911 733 1973 vel
753 1913 947 1992 superlativos
970 1913 1081 1990 gradus
1101 1916 1247 1975 sustinere
1269 1916 1382 1991 possint
1403 1915 1509 1976 docea-

215 2032 289 2075 mus.
334 2032 407 2076 sane
432 2014 612 2093 comparatio
639 1994 876 2075 his'nomtntbus
897 2015 1017 2084 accidit,
1047 2033 1122 2094 quae
1145 2013 1302 2097 qualitatis
1324 2017 1369 2077 rel
1394 2018 1508 2096 quanti·
1523 2033 1547 2073 ta

214 2117 282 2178 tatis
304 2115 418 2177 liabent
438 2116 601 2177 materiam.
646 2123 801 2194 praeterea
824 2133 884 2176 non
907 2118 1003 2177 omnia
1028 2118 1155 2185 nomina,
1179 2136 1255 2197 quae
1276 2114 1441 2201 quantitatis
1463 2116 1508 2178 vel

215 2219 383 2298 quantitatis
409 2216 523 2277 habent
547 2219 714 2287 materiam,
743 2220 959 2295 comparativos
983 2216 1028 2279 vel
1055 2217 1249 2296 superlativus
1277 2219 1386 2297 padus
1411 2220 1509 2281 lacere

215 2319 419 2388 inveniuntur;
447 2326 478 2380 et
501 2337 577 2398 quae
596 2323 814 2394 comparativae
836 2323 883 2379 vet
900 2319 1095 2399 superlativos
1116 2320 1227 2397 gradus
1253 2321 1352 2382 lacere
1374 2329 1507 2399 possunt,

216 2419 360 2499 qualitatis
379 2425 428 2481 aet
442 2423 616 2496 qrtaamatr's
642 2420 795 2481 materiam
816 2422 967 2482 continere
995 2422 1193 2499 reperiuntur.
1237 2424 1425 2483 nuncetiam
1451 2422 1508 2484 hoc

215 2521 390 2592 (luceamus,
417 2521 497 2603 quod
519 2520 568 2581 illa
588 2529 658 2582 sunt
680 2520 826 2602 qualitatis
847 2523 986 2583 materiae
1008 2524 1140 2591 nomina,
1169 2542 1246 2604 quae
1268 2522 1354 2604 quale
1380 2527 1419 2584 sit
1438 2525 1508 2603 quid
1521 2538 1547 2577 2⁰

215 2623 436 2693 demonstrant,
460 2623 517 2684 hoc
538 2631 583 2684 est
605 2625 715 2684 iustum
741 2640 777 2683 an
800 2623 956 2692 iniustum,
987 2622 1086 2684 album
1114 2642 1152 2685 an
1175 2626 1307 2703 nigrum,
1335 2624 1448 2686 bonum
1471 2645 1508 2687 an

214 2724 333 2786 malurn.
379 2727 423 2786 sic
443 2734 473 2786 et
493 2733 590 2786 cetera
618 2723 702 2794 talia,
730 2743 806 2802 quae
828 2726 897 2804 quid
924 2724 1010 2804 quale
1038 2727 1076 2785 sit
1102 2726 1282 2802 significant,
1307 2728 1343 2788 ad
1364 2727 1510 2806 qualitatis

214 2829 355 2888 naariae
385 2829 504 2888 nomina
529 2845 651 2889 necesse
679 2833 725 2888 est
748 2835 780 2886 ut
804 2828 979 2905 pertineant
1023 2834 1147 2888 atvero
1175 2830 1344 2908 quantitatis
1370 2831 1508 2889 materiae

212 2937 279 2988 sunt
305 2931 442 2999 nomina,
464 2946 540 3008 qnae
559 2946 715 2990 mensurae
735 2927 780 2989 vel
802 2930 917 2989 numeri
945 2935 995 2989 aut
1016 2929 1158 3008 ponderis
1180 2933 1351 2991 contineant
1372 2931 1507 2999 tormarn,

213 3037 243 3090 nt
265 3037 336 3109 puta
357 3028 434 3090 altus
456 3029 585 3092 intinitus
606 3032 718 3107 gravis:
743 3035 772 3090 et
793 3036 892 3090 cetera
907 3028 985 3100 talia,
1008 3048 1084 3109 quae
1106 3031 1175 3110 quitl
1196 3039 1337 3109 quantum
1360 3034 1399 3093 sit
1419 3035 1508 3110 signi·
1522 3037 1548 3076 ²⁵

211 3131 309 3200 licant,
330 3131 368 3192 ad
386 3133 557 3210 quantitatis
578 3133 717 3192 materiae
739 3132 856 3192 nomina
876 3149 998 3192 necesse
1018 3139 1062 3192 est
1084 3135 1254 3213 pertinere„
1270 3151 1350 3194 nunc
1367 3136 1506 3212 quoniam

211 3234 260 3312 qui
279 3231 326 3294 rel
347 3240 420 3314 quot
442 3241 513 3293 sunt
534 3232 644 3312 gradus
665 3231 847 3303 conlationis,
871 3241 901 3294 et
923 3251 1011 3311 quern
1036 3235 1072 3293 ad
1096 3234 1215 3294 modurn
1239 3252 1293 3312 per
1315 3235 1433 3296 eosdem
1455 3254 1508 3297 no-

211 3337 290 3395 rnina
315 3352 375 3394 non
397 3352 516 3413 semper
537 3341 737 3412 perseverent,
757 3352 890 3395 necnon
912 3342 941 3396 et
955 3334 1102 3414 qualitatis
1124 3342 1154 3396 et
1171 3337 1341 3412 quantitatis
1363 3337 1506 3415 quemad

210 3436 334 3497 modurn
358 3443 527 3514 appareant,
549 3424 821 3504 demonstravimus,
845 3444 874 3498 et
895 3436 962 3497 ideo
987 3439 1044 3497 iam
1065 3444 1136 3517 quot
1156 3436 1201 3497 vel
1225 3455 1301 3516 quae
1324 3455 1432 3516 genera
1453 3456 1507 3498 no-

165 3538 183 3603 ¹·,
209 3538 326 3597 minum
345 3537 454 3616 singuli
475 3538 585 3615 gradus
605 3540 635 3598 in
657 3538 836 3599 nominativo
854 3556 924 3600 casu
943 3540 1059 3599 numeri
1080 3537 1237 3616 singularis
1257 3541 1434 3608 contineant,
1451 3557 1507 3600 nec
1519 3550 1546 3592 ³⁰

208 3656 272 3698 non
294 3647 325 3698 et
345 3638 461 3717 singula
484 3656 593 3717 genera
614 3641 645 3700 iu
669 3640 763 3701 isdem
784 3639 924 3717 gradibus
945 3641 1124 3701 nominativo
1147 3659 1217 3701 casu
1240 3643 1356 3701 numeri
1378 3640 1506 3721 singula·

209 3742 253 3800 ris
275 3748 349 3819 quot
372 3739 416 3802 vel
438 3741 546 3822 quibus
567 3742 671 3802 tonnis
693 3741 877 3811 deliniantur,
903 3742 1064 3803 ostendam.

298 3840 342 3902 lie
371 3842 497 3921 positivo
531 3844 633 3922 gradu.
678 3845 820 3922 positivus
852 3843 912 3905 sive
944 3842 1098 3905 absolutus
1129 3844 1239 3922 gradus
1269 3845 1299 3904 in
1329 3835 1508 3905 nominativo

209 3961 282 4004 casu
312 3945 428 4005 numeri
458 3944 616 4022 singularis
648 3962 757 4023 genera
786 3946 937 4007 nominum
965 3947 1098 4006 continet
1128 3949 1272 4027 quinque,
1314 3945 1507 4007 masculinum

208 4046 385 4107 femininum
425 4054 565 4107 neuuum
602 4064 758 4107 commune
794 4065 892 4109 omne.
948 4047 991 4108 lle
1028 4065 1136 4126 genere
1175 4047 1346 4109 masculino.
1392 4049 1546 4126 postrata

208 4146 323 4223 mnus
343 4149 462 4208 nomina
487 4149 604 4224 generis
624 4147 778 4210 masculini
796 4150 973 4209 nominativo
994 4167 1063 4210 casu
1085 4151 1202 4210 numeri
1228 4149 1384 4227 singularis
1413 4149 1508 4209 tribus

208 4248 257 4309 lais
285 4248 389 4310 tarmis
417 4249 599 4310 deliniuntur
625 4257 753 4319 tanturn,
783 4267 817 4311 er
842 4269 879 4311 ex
908 4268 952 4311 us.
998 4251 1039 4312 lle
1060 4267 1170 4328 genere
1196 4250 1347 4311 feminino.
1391 4252 1507 4328 positivi

208 4350 318 4428 qndus
341 4352 461 4411 nomina
485 4352 603 4428 generis
624 4351 754 4413 lerninini
772 4353 951 4413 nominativo
973 4370 1042 4412 casu
1057 4354 1183 4437 ¹numeri
1197 4351 1356 4431 singularis
1377 4368 1434 4413 una
1453 4352 1508 4412 hac

208 4451 304 4513 torma
327 4452 513 4518 deliniuntur
533 4460 662 4522 tantum,
683 4471 709 4513 a.
755 4454 797 4516 lie
818 4471 929 4532 genere
953 4462 1069 4515 neutro.
1113 4455 1229 4533 positivi
1253 4453 1362 4533 gradus
1379 4456 1506 4523 nomina

277 4657 308 4711 1²
324 4668 348 4709 et
365 4674 425 4709 curu
445 4658 596 4707 accentibus
614 4636 679 4709 liet
698 4657 844 4708 accentibus
862 4675 877 4707 r
958 4657 989 4708 18
1008 4665 1032 4707 et
1051 4672 1116 4722 quae
1134 4657 1157 4708 It
1174 4658 1219 4707 sed
1238 4673 1333 4721 quaer
1403 4670 1507 4723 compa·

206 4726 301 4779 ntivos
317 4730 355 4780 rel
373 4745 424 4780 om.
444 4728 479 4787 rt,
499 4728 598 4777 adam
652 4727 684 4777 ltt
703 4727 741 4776 vel
760 4729 908 4793 quantitatis
923 4729 1013 4780 onii
1079 4729 1113 4777 20
1131 4729 1267 4778 doceamus
1288 4728 1309 4778 li
1327 4742 1459 4779 monemus
1478 4743 1507 4776 ro

204 4884 235 4917 Μ
253 4797 312 4920 'icit
328 4798 460 4922 qqro‘qlqlz
476 4798 569 4862 quibus
588 4815 602 4846 a
621 4813 656 4847 ea
674 4799 761 4848 carine
777 4797 898 4849 Parisino
916 4797 986 4851 rclu
1004 4796 1045 4847 nel
1064 4799 1132 4861 quod
1150 4798 1243 4862 quibus
1261 4798 1284 4849 tt
1369 4798 1404 4852 37
1429 4812 1457 4846 er
1474 4811 1506 4846 ex
