3314 5506
218 369 275 432 l20
802 362 915 425 enom

281 513 286 525 .
340 484 367 526 ,ι
395 483 422 523 ιι.
1298 480 1451 525 ,ιιι-ιιι.

215 486 421 617 εἰοριιιωὲοῑοειι
446 554 521 615 talin.
567 561 635 615 sunt
655 554 787 621 nomina,
813 570 889 630 quae
915 549 1100 629 appellantur
1129 552 1241 614 merline
1267 493 1421 632 pltoetatis
1442 554 1499 617 sire

215 659 400 726 adiectionis,
431 665 552 737 utputa
575 657 659 717 lortis
679 673 804 734 magnus
826 654 918 714 velox.
964 655 1124 730 iunguntur
1151 656 1230 716 enim
1250 654 1359 735 quibus
1380 674 1500 736 rospon-

215 760 311 830 deant,
332 766 454 838 utputa
475 749 560 820 sortis
573 759 627 826 vir,
650 774 773 835 magnus
788 755 844 826 leo,
867 756 951 818 velox
966 773 1075 837 equus:
1094 756 1137 816 sic
1159 762 1188 817 et
1204 763 1302 819 cetera
1324 756 1403 821 talia.
1436 770 1502 821 suut

215 863 351 930 nomina,
380 880 456 942 quae
478 861 584 923 Graeci
606 860 747 938 epicoena
771 856 934 939 appellant,
964 858 992 919 id
1018 866 1062 919 est
1089 859 1272 938 promiscua,
1302 859 1448 940 siquidem
1465 878 1502 923 er

188 982 270 1027 ssuo
283 980 394 1041 genere
416 970 445 1023 et
459 961 546 1024 aliam
567 962 698 1041 speciem
721 961 883 1040 designant,
904 969 937 1023 nt
958 968 1029 1039 puta
1051 961 1132 1021 canis
1153 962 1238 1023 simia
1258 978 1311 1023 sus
1331 979 1436 1042 passer
1451 961 1503 1023 boa

215 1063 312 1144 aquila
338 1063 423 1141 ltelua
451 1072 481 1125 et
510 1071 608 1125 cetera
631 1061 708 1124 talia.
752 1070 821 1123 sunt
850 1063 984 1130 nomina,
1015 1081 1092 1143 quae
1121 1061 1306 1142 appellantur
1333 1081 1502 1145 synonyma,

215 1167 273 1228 hoc
295 1175 340 1228 est
360 1186 436 1246 quae
459 1167 546 1228 variis
572 1163 833 1242 significationibus
861 1183 949 1225 unam
977 1182 1040 1225 rem
1070 1149 1238 1243 desiqnant,
1266 1173 1393 1244 utputa
1420 1165 1512 1243 tellus¹

136 1287 140 1291 ·
215 1276 295 1329 terra
315 1269 423 1330 humus
446 1275 474 1329 et
496 1275 596 1330 cetera
617 1267 699 1336 talia,
723 1269 793 1328 item
816 1264 896 1328 alvus
919 1274 1019 1327 venter
1039 1272 1142 1328 uterus
1162 1274 1192 1341 et
1210 1274 1310 1329 cetera
1330 1266 1415 1338 talia,
1435 1269 1504 1331 itu

216 1367 330 1446 gladius
352 1371 430 1432 ensis
449 1389 552 1432 mucro
574 1369 663 1431 telum
683 1376 712 1430 et
730 1377 828 1430 cetera
844 1368 920 1439 talia,
942 1372 1011 1430 item
1029 1376 1146 1430 scutum
1162 1368 1273 1448 clipeus
1292 1388 1398 1449 parma
1416 1369 1504 1433 umbo

179 1493 204 1533 ro
218 1480 247 1532 et
272 1480 371 1533 cetera
397 1470 479 1542 talia,
512 1474 581 1533 item
607 1491 688 1533 mare
714 1479 822 1550 pontus
843 1489 954 1550 aequor
979 1478 1008 1532 et
1031 1479 1129 1534 cetera
1158 1470 1234 1534 talia.
1277 1482 1349 1533 sunt
1378 1473 1503 1543 nomina.

217 1591 292 1652 quae
319 1572 503 1653 appellantur
529 1574 721 1653 homonyma,
753 1574 811 1634 hoc
839 1581 882 1634 est
910 1592 985 1652 quae
1012 1592 1070 1634 una
1096 1574 1310 1650 significatione
1336 1575 1433 1636 varias
1458 1591 1505 1637 ret

217 1676 386 1755 designant,
422 1683 455 1737 ut
484 1684 555 1755 pota
585 1694 678 1756 nepos
706 1675 810 1736 foedus
839 1683 970 1736 scortum
1001 1692 1105 1753 agmen
1136 1677 1212 1736 aries
1244 1682 1274 1737 et
1300 1683 1399 1738 cetera
1429 1675 1504 1739 talia.

217 1795 311 1857 nepos
326 1779 404 1838 enim
422 1779 510 1839 modo
529 1780 643 1839 tertiam
666 1778 837 1857 progeniem
861 1777 1023 1847 hominnm,
1045 1778 1133 1839 modo
1155 1776 1337 1839 luxuriosum
1355 1779 1504 1856 designat3

216 1881 287 1941 item
315 1880 419 1941 locrius
451 1880 538 1941 modo
566 1886 698 1959 turpem,
733 1879 822 1941 modo
854 1880 1055 1940 iusiurandum
1083 1880 1240 1958 significat:
1272 1881 1342 1941 item
1374 1888 1504 1943 scortum

181 2001 204 2041 ιι
219 1982 305 2043 modo
325 1984 453 2053 corium,
472 1983 560 2043 morlo
581 1984 766 2043 meretricem
785 1981 981 2050 demonstrat;
1012 1984 1081 2043 item
1108 2000 1212 2060 agmen
1235 1982 1323 2043 modo
1346 1982 1506 2045 multitudi-

114 2158 120 2168 ‚
218 2102 284 2145 nem
301 2081 413 2168 [lnaodo
436 2086 490 2145 iter
512 2084 685 2162 significan.
704 2085 780 2144 aries
801 2102 870 2144 vero
891 2084 978 2144 modo
1002 2083 1118 2149 animal,
1141 2084 1229 2145 modo
1249 2084 1417 2147 machinam
1439 2083 1507 2147 belli

218 2186 414 2247 demonstrat:
434 2187 476 2246 sic
500 2194 529 2247 et
551 2193 649 2246 cetera
672 2185 748 2246 talia.
778 2194 843 2246 sont
864 2187 984 2246 nomina
1004 2187 1149 2266 positione
1167 2184 1336 2265 singularia,
1359 2185 1507 2249 intellectu

218 2287 357 2367 pluralia,
387 2295 510 2368 utputa
539 2287 664 2366 populns
690 2286 774 2366 plebs
803 2289 916 2348 contio:
951 2288 994 2349 sic
1013 2295 1043 2348 et
1061 2295 1159 2349 cetera
1180 2287 1257 2351 talia
1300 2296 1372 2349 sunt
1389 2289 1507 2350 nomina

218 2376 363 2470 positione
377 2386 529 2468 pluralia,
558 2388 708 2451 intellecto
730 2388 903 2467 singularia,
930 2396 1054 2468 utputa
1083 2390 1171 2452 Baiae
1199 2397 1310 2451 castra:
1334 2391 1378 2451 sic
1403 2398 1434 2452 et
1459 2408 1507 2453 ce·

180 2512 206 2553 ao
219 2499 283 2552 tera
305 2490 381 2552 talia.
583 2492 585 2496 ⁴

304 2591 379 2654 Sunt
400 2593 528 2662 nomina,
549 2612 624 2673 quae
646 2600 745 2672 aptota
762 2589 965 2676 appellantur,
987 2593 1044 2655 hoc
1064 2602 1108 2655 est
1129 2612 1205 2675 quae
1225 2612 1281 2674 per
1301 2612 1407 2657 omncs
1425 2612 1508 2657 curu

219 2713 278 2756 uno
298 2695 447 2756 schcmate
470 2694 668 2766 declinantur,
704 2703 826 2774 utputa
855 2697 972 2757 numeri
992 2694 1150 2778 singularis
1172 2697 1349 2759 nominativo
1372 2678 1509 2777 nequam,

219 2798 353 2876 genetivo
383 2815 525 2876 nequam,
557 2797 652 2858 dativo
679 2816 821 2878 nequam,
856 2799 1018 2859 accusativo
1037 2815 1180 2877 nequam,
1212 2800 1343 2859 vocativo
1370 2816 1509 2880 nequam,

219 2898 344 2959 ablativo
370 2897 512 2980 nequam;
546 2901 663 2961 numeri
684 2899 807 2980 pluralis
837 2900 1014 2961 nominativo
1039 2917 1181 2978 nequam,
1215 2902 1350 2980 genetivo
1371 2918 1508 2980 nequam,

176 3021 206 3062 -ιι
220 3002 316 3062 dativo
345 3019 487 3080 nequam,
524 3004 687 3062 accusativo
710 3020 853 3081 nequam,
887 3004 1018 3063 vocativo
1039 3020 1182 3082 nequam,
1215 2988 1340 3063 ablativo
1371 3020 1509 3082 nequam

219 3110 288 3165 sunt
308 3105 436 3172 nomina,
459 3122 534 3182 quae
549 3111 720 3182 monoptota
736 3103 928 3183 appellantur,
950 3104 1006 3164 hoc
1025 3111 1069 3165 est
1084 3122 1160 3183 quae
1176 3121 1267 3194 unum
1282 3122 1384 3166 casum
1398 3103 1511 3167 habere

219 3206 408 3285 reperiuntur
428 3213 551 3275 tanturn,
574 3214 695 3283 utputa
716 3206 753 3267 ab
775 3207 830 3268 laac
852 3215 966 3285 sponte,
987 3205 1114 3275 stamine,
1137 3206 1165 3267 icl
1186 3214 1232 3267 est
1252 3206 1322 3268 llatu
1344 3216 1510 3279 ventorum,

220 3316 249 3368 et
270 3316 367 3371 cetera
391 3306 467 3370 talia.
499 3327 578 3370 nunc
600 3310 685 3371 etiarn
708 3309 765 3370 lroc
787 3327 949 3376 monemus,
970 3308 1048 3387 quod
1071 3311 1128 3369 sint
1149 3308 1248 3388 aliqui,
1272 3310 1322 3388 qui
1344 3316 1374 3370 et
1396 3308 1433 3371 ab
1453 3309 1512 3371 hoc

219 3411 346 3481 llamine,
370 3410 399 3472 id
421 3420 465 3472 cst
487 3412 556 3472 llatn
579 3420 742 3482 ventorum,
762 3419 860 3491 aptote
882 3410 1037 3472 voluerunt
1062 3410 1207 3488 singulari
1229 3429 1354 3472 numero
1376 3430 1511 3492 pronun·

181 3532 206 3570 ιιι
220 3513 346 3583 tiari,'at
367 3532 437 3574 vero
456 3512 607 3592 pluraliter
629 3514 746 3575 llamina
768 3513 917 3576 declinari.
950 3522 1018 3574 sn'nt
1040 3515 1168 3580 nomina,
1191 3532 1318 3593 quorum
1335 3515 1419 3592 prior
1441 3531 1512 3594 pan

220 3614 399 3685 declinatur,
428 3634 554 3696 sequens
578 3636 646 3679 vero
672 3615 831 3677 immobilis
854 3617 1035 3685 continetur,
1064 3622 1186 3694 utputa
1213 3617 1330 3676 numeri
1352 3615 1512 3695 singularia

220 3716 269 3777 laic
291 3719 459 3796 praelectus
479 3707 643 3797 praetorio,
667 3718 755 3779 huius
776 3718 917 3796 praelecti
942 3718 1106 3796 praetorio,
1130 3717 1198 3778 lrnic
1220 3717 1369 3796 praelecto
1393 3725 1512 3797 praeto·

220 3819 282 3887 rio,
312 3818 391 3878 hunc
413 3820 594 3897 praelectum
617 3822 782 3898 praetorio,
811 3822 999 3897 opraelecte
1030 3822 1192 3898 praetorio,
1223 3821 1260 3881 ab
1280 3821 1337 3882 hoc
1360 3821 1512 3900 praetecta

221 3921 384 3997 praetorio;
407 3922 524 3981 numeri
542 3919 665 3999 pluralis
686 3921 716 3981 hi
732 3921 871 3999 praelecti
890 3924 1046 4000 praetorio,
1070 3922 1175 3983 horum
1191 3923 1411 4001 praefectorum
1426 3941 1512 4002 prae·

182 4038 208 4078 os
222 4022 308 4090 torio,
328 4021 373 4081 his
390 4022 548 4101 praelectis
571 4024 727 4100 praetorio,
750 4023 804 4082 hos
826 4025 991 4102 praefectos
1011 4027 1169 4102 practorio,
1192 4043 1210 4084 o
1232 4025 1374 4104 praelecti
1395 4034 1512 4104 praeto-

221 4124 275 4192 rio,
299 4122 335 4184 ab
359 4124 403 4185 his
426 4124 582 4202 praelectis
600 4126 758 4205 praetorio,
782 4132 811 4186 et
831 4134 929 4186 cetera
952 4125 1028 4187 talia.
1072 4144 1143 4187 sane
1165 4128 1250 4187 etiam
1270 4127 1327 4187 hoc
1344 4145 1511 4198 monemus,

221 4224 301 4303 quod
322 4226 463 4304 praelecti
486 4235 608 4307 excepto
629 4228 777 4305 praetorio
800 4229 829 4287 in
850 4227 913 4288 aliis
941 4227 1032 4289 relus
1056 4247 1113 4288 non
1132 4238 1243 4291 tantum
1269 4229 1386 4299 dativo,
1409 4231 1463 4292 seo
1483 4235 1511 4293 al

221 4328 354 4405 genetivo
373 4311 541 4408 iungantur.
574 4332 616 4390 sic
639 4339 668 4391 et
689 4329 801 4390 tribuni
823 4329 900 4408 plebi
920 4331 1153 4392 considerantur.
1198 4338 1267 4392 sunt
1289 4333 1417 4402 nomina,
1439 4350 1510 4412 quo·

221 4448 287 4490 rum
309 4431 456 4510 posterior
477 4450 546 4510 pars
568 4432 739 4500 declinatur,
757 4434 859 4509 ,prima
881 4452 952 4494 vero
975 4434 1132 4495 immobilis
1154 4437 1338 4502 continetur,
1363 4444 1397 4496 ut
1418 4436 1509 4519 puta!

183 4534 338 4594 innumeri
362 4533 518 4613 singularis
544 4535 591 4597 laic
614 4537 685 4597 ioris
713 4537 838 4614 peritus,
867 4535 953 4596 lroins
980 4537 1179 4616 iurisperiti,
1209 4518 1280 4597 lruic
1303 4537 1378 4597 iuris
1405 4539 1506 4617 perito.

290 4781 548 4846 aquitaniaeque
567 4800 582 4832 r
645 4785 661 4834 4
679 4785 825 4850 promiscua
841 4785 866 4834 B
885 4786 1031 4851 promisqoa
1052 4785 1074 4834 R
1127 4784 1158 4834 lo
1177 4784 1251 4833 baiae
1268 4783 1292 4834 ll
1310 4782 1419 4835 balneae
1436 4787 1462 4837 B

223 4849 257 4903 36
275 4867 335 4904 sane
354 4882 383 4889 -
405 4854 438 4906 38
456 4855 650 4904 considerantur
667 4863 725 4919 post
740 4856 775 4908 30
793 4855 913 4905 declinari
931 4855 1007 4905 ludier
1026 4856 1056 4919 n,
1073 4872 1118 4904 οιιι.
1136 4857 1161 4905 B
1167 4874 1176 4907 .·
1198 4857 1355 4916 trarrapnauit
1371 4873 1387 4906 o
