3314 5506
223 375 263 439 36
811 373 923 437 raom

274 505 294 546 p.
310 490 409 534 rosv-aa
423 491 447 533 v.
1306 502 1327 543 ρ.
1342 490 1424 532 Μ
1437 488 1461 531 c.

223 562 250 622 io
265 562 354 624 verba
377 562 513 623 babentia
537 564 648 639 primae
670 563 789 640 repperi
811 562 1023 638 coniugationis
1040 563 1083 622 avi
1104 562 1239 622 facientia
1256 563 1355 640 specie
1369 560 1510 639 perlecta,

223 665 272 725 bio
288 665 377 734 inbio,
399 664 473 724 hiasi
489 662 603 724 inbiari.
634 665 642 723 i
658 661 693 722 lv:
716 663 763 723 bis
781 661 884 725 litteris
899 659 912 745 ΙΙ
927 671 995 722 ante
1013 665 1041 722 io
1061 662 1149 737 verba
1165 664 1317 724 terminata
1333 680 1391 723 nou
1407 663 1511 723 inveni.

195 820 198 827 .
223 783 282 826 uuo
299 767 307 825 i
327 767 423 828 inveni
447 767 550 826 tertiae
571 774 725 844 correptae
748 767 775 826 xi
797 765 907 825 faciens
928 765 1069 845 perlecto,
1087 767 1162 826 meio
1183 766 1256 825 rucis
1279 767 1370 825 meai:
1395 764 1512 825 Persius

223 868 311 928 modo
332 869 444 947 infinito
472 867 684 928 ‘matronae
713 868 903 928 immeiere
924 867 1081 929 vulvae'.
1125 864 1224 927 l'ante
1244 868 1273 927 io
1295 866 1384 928 verba
1407 866 1511 927 tertias

198 965 384 1047 aprovlnctae
406 978 487 1040 suut,
509 972 537 1030 vi
559 968 603 1031 vel
622 971 642 1029 ii
660 970 773 1030 'facient
794 969 972 1047 perfectum,
1001 967 1079 1047 polio
1098 967 1185 1047 poliri
1207 967 1250 1029 vel
1269 967 1349 1048 polii.
1394 969 1511 1046 partici-

222 1071 303 1150 pium
320 1072 472 1150 passivum
491 1072 588 1150 posuit
611 1069 771 1147 Vergilius,
794 1072 879 1131 ‘iam
907 1078 1013 1150 parte
1039 1071 1187 1150 polita’,
1217 1080 1245 1131 et
1266 1070 1346 1131 modi
1366 1070 1511 1130 indicativi

223 1172 372 1234 activitatis
395 1174 523 1253 spaeclem
547 1173 757 1252 imperfectam,
780 1170 966 1251 polibant;
987 1171 1051 1232 silio
1065 1172 1126 1233 silis
1141 1172 1215 1233 silivi
1232 1170 1276 1232 vel
1295 1171 1359 1232 silii.
1393 1190 1422 1232 m
1444 1177 1511 1234 ante

222 1274 251 1334 lo
271 1274 385 1335 babens
406 1274 527 1336 verbum
551 1292 611 1334 non
634 1274 739 1335 inveni.
785 1292 803 1333 n
827 1281 893 1334 ante
914 1276 944 1334 io
965 1274 1079 1335 babens
1100 1272 1222 1335 verbum
1242 1275 1267 1334 si
1289 1276 1402 1353 primae
1425 1275 1510 1335 fuerit

222 1378 446 1453 coniugatioais,
470 1378 497 1437 vi
518 1378 606 1438 faciet
627 1376 726 1456 specie
747 1376 887 1455 perlecta,
909 1374 993 1441 lanio,
1011 1375 1103 1437 lanias
1125 1374 1245 1444 laniavi;
1267 1376 1292 1436 si
1312 1377 1416 1436 tertiae
1439 1393 1508 1455 pro·

184 1478 344 1549 reductae,
374 1479 401 1538 irl
423 1486 468 1539 est
491 1486 629 1557 quartae,
660 1480 687 1538 vi
704 1476 749 1538 vel
772 1478 807 1548 ii,
837 1486 869 1538 ut
889 1479 990 1538 marnio
1012 1480 1122 1539 munivi
1144 1477 1188 1539 rel
1210 1479 1311 1539 munii.
1355 1479 1508 1538 oautoio

222 1582 346 1658 positam
364 1576 395 1640 'in
418 1580 515 1642 verbis
537 1598 595 1640 non
617 1581 722 1641 inveni.
767 1598 786 1658 p
809 1587 875 1641 ante
897 1581 925 1640 io
948 1582 1041 1659 posita
1061 1582 1164 1641 tertiae
1186 1584 1340 1657 correptae
1362 1579 1507 1640 iuvenini

222 1674 356 1743 facientia
383 1682 545 1761 perfectam
574 1684 718 1761 speciem,
749 1669 831 1760 rapio
856 1683 955 1761 rapui,
989 1679 1033 1743 vel
1059 1684 1094 1752 ii,
1126 1682 1212 1761 cupio
1234 1682 1330 1759 cupivi
1352 1680 1396 1740 vel
1420 1681 1499 1759 cupii

222 1804 241 1864 q
264 1792 332 1845 ante
354 1786 381 1844 io
406 1802 550 1863 nusquam
574 1785 685 1851 inveni.
713 1791 742 1844 et
764 1783 989 1867 rationabiliter,
1020 1786 1088 1863 quia
1112 1803 1132 1864 q
1156 1781 1251 1850 littera
1274 1799 1333 1843 non
1360 1781 1505 1852 scribitur,

114 1968 118 1975 ἱ
222 1888 279 1946 nisl
302 1894 369 1947 ante
392 1904 411 1946 u
433 1895 463 1947 et
489 1886 575 1947 aliam
601 1904 818 1966 quamcumque
839 1884 968 1947 vocalem
996 1887 1165 1946 iniunctam.
1210 1892 1312 1945 rante
1334 1886 1362 1945 io
1384 1885 1504 1964 positam

110 2007 112 2010 ⁴
184 2010 208 2052 aa
222 1980 324 2049 tertiae
346 1995 502 2068 correptae
521 1990 618 2050 inveni
634 1987 660 2049 ii
682 1990 792 2049 faciens
812 1987 940 2065 speciem
963 1989 1124 2066 perfectam
1147 1994 1178 2048 et
1191 2005 1228 2065 pe
1245 1986 1353 2066 syllaba
1372 1993 1504 2065 correpta

222 2092 251 2150 in
271 2091 416 2169 principio
440 2091 548 2158 addita,
572 2091 656 2169 pario
678 2090 789 2169 peperi.
834 2089 953 2169 quidam
972 2096 1077 2169 putant
1095 2089 1152 2149 boc
1174 2089 1296 2150 verbum
1317 2091 1422 2150 tertiae
1440 2106 1503 2168 pro

221 2192 334 2262 ductae,
358 2193 386 2252 id
403 2201 446 2253 est
462 2200 593 2272 quartae,
618 2209 693 2262 esso,
713 2191 764 2253 sed
787 2197 901 2252 errant:
920 2208 988 2252 nam
1008 2192 1151 2253 infinitum
1174 2191 1294 2251 modum
1314 2187 1502 2271 [perfectum]

221 2287 377 2354 'forentius
396 2295 503 2372 posuit,
526 2296 679 2371 ‘parere
698 2293 760 2354 laic
780 2293 957 2354 diritiaa'.
982 2293 1060 2373 qarod
1083 2294 1108 2353 si
1124 2301 1201 2354 esset
1216 2294 1320 2354 tertiae
1335 2292 1500 2370 productae

221 2397 246 2454 ri
269 2394 420 2456 habuisset
442 2393 581 2474 syllabam
604 2402 671 2456 aute
693 2414 735 2465 re,
757 2396 865 2474 parire.
910 2403 1062 2473 praeterea
1086 2414 1118 2455 re
1141 2402 1265 2473 utraque
1288 2392 1433 2476 corlrepta
1455 2401 1500 2456 cst

119 2514 125 2539 ⁶
182 2513 288 2561 aonam
312 2490 337 2556 si
364 2496 555 2575 produxeris,
587 2499 642 2557 erit
670 2497 817 2558 secundae
844 2498 1071 2573 coniugationls,
1100 2491 1206 2576 parere'
1234 2499 1353 2558 veniens
1375 2515 1392 2557 a
1420 2495 1499 2557 cert«

220 2615 312 2676 pareo
334 2616 430 2678 pares,

371 2708 480 2779 paret
501 2718 600 2761 amor
622 2701 732 2762 dictis
756 2717 865 2761 carae
887 2702 1107 2778 genetricis.

220 2808 325 2863 sante
353 2802 380 2862 io
407 2801 520 2864 habens
550 2802 673 2864 verbum
700 2804 813 2882 primae
837 2802 956 2881 repperi
984 2803 1199 2881 coniugationis
1224 2803 1251 2861 vi
1274 2801 1385 2863 faciens
1412 2803 1496 2881 speci

221 2904 362 2980 perfecta,
383 2903 467 2964 basio
488 2903 611 2965 basiavi:
633 2906 675 2964 sic
690 2903 836 2965 blartialis.
872 2911 965 2965 tante
987 2905 1014 2963 io
1036 2903 1158 2972 babens,
1182 2905 1206 2963 si
1225 2905 1328 2964 tertiae
1346 2903 1494 2982 producta

181 3027 207 3069 as
222 3005 323 3074 fuerit,
344 3008 372 3065 vi
397 3006 483 3067 faciet
504 3008 601 3086 specie
620 3007 765 3085 perlecta,
789 3007 883 3084 partio
904 3006 1021 3084 partiri:
1053 3007 1094 3065 sio
1117 3005 1235 3075 Cicero,
1259 3006 1493 3083 partirerant

220 3106 345 3168 dicimus
374 3115 402 3169 e't
430 3111 543 3188 partior
575 3107 631 3169 stab
664 3108 767 3169 eodem
797 3106 946 3169 intellectu
975 3109 1127 3169 activitatis
1158 3108 1203 3169 vel
1231 3108 1312 3169 verbi
1344 3111 1493 3170 communi

220 3210 348 3289 partior;
376 3210 523 3288 vergilius
545 3211 597 3271 ‘et
623 3211 747 3271 socios
769 3211 932 3289 partitur
956 3211 989 3269 in
1013 3213 1170 3279 omues’,
1199 3211 1241 3271 sic
1262 3212 1304 3272 uti
1325 3210 1438 3272 obsono
1457 3209 1491 3272 ob

223 3329 321 3372 sonan
367 3313 390 3373 si
409 3314 522 3391 primm
544 3312 641 3382 faverit,
662 3313 688 3372 vi
708 3312 795 3373 faciet
817 3314 914 3390 speeie
932 3312 1081 3392 perfecta,
1102 3315 1175 3372 satio
1195 3314 1282 3373 satias
1299 3313 1409 3373 satiati.
1441 3296 1472 3372 'v

221 3422 366 3494 ycante
388 3416 429 3475 io:
458 3415 536 3476 nulla
569 3415 606 3475 de
634 3411 688 3475 bis‘
706 3413 811 3475 litteris
838 3415 934 3474 inveni
961 3417 1114 3475 terminata
1145 3413 1248 3483 rerba;
1279 3416 1329 3494 qui
1357 3415 1487 3476 inveneri

183 3539 208 3578 ao
223 3517 309 3576 etiam
332 3515 496 3578 declinandi
515 3518 619 3578 eluceat
642 3518 794 3577 rationem.

226 3643 230 3648 ·
304 3618 411 3678 nante
428 3637 466 3678 uo
482 3622 575 3698 posita
592 3620 704 3696 primae
723 3620 938 3696 coniugatiouis
953 3615 966 3700 ΙΙ
982 3617 1070 3679 verba
1086 3619 1162 3695 regit
1181 3626 1210 3680 et
1225 3619 1328 3680 tertiae
1344 3627 1487 3698 correpta

142 3789 145 3796 ¹
221 3737 287 3778 nam
319 3719 466 3780 secundae
494 3720 707 3797 ‹torringationis
732 3718 777 3779 vel
806 3721 909 3780 tertiae
933 3719 1051 3796 longae,
1082 3721 1110 3780 id
1141 3728 1185 3781 est
1212 3729 1349 3799 quartae,
1375 3720 1466 3782 verba

220 3827 288 3881 ante
313 3838 331 3879 o
360 3838 519 3899 numquam
548 3820 671 3888 babeat,
701 3820 752 3880 sed
779 3822 907 3881 secunda
935 3820 1080 3889 esolam,
1111 3823 1196 3882 tertia
1224 3823 1384 3901 producta,
1413 3822 1485 3884 ide

220 3929 338 4001 qararm,
361 3939 379 3982 e
402 3929 431 3981 et
452 3924 471 3981 i.
518 3939 589 3998 ergo
611 3940 626 3981 a
650 3928 718 3981 ante
739 3938 779 3981 uo
797 3923 891 4000 posita
913 3925 937 3982 si
959 3924 1073 4001 primae
1096 3924 1184 3984 luerit
1212 3924 1441 4001 coniugationis‚
1466 3942 1482 3985 a

182 4045 208 4086 aa
222 4024 309 4084 faciet
329 4024 428 4102 specie
450 4023 589 4102 perfecta,
613 4023 677 4083 lavo
699 4021 802 4091 laravi;
824 4025 848 4083 si
869 4024 982 4092 tertiae,
1005 4026 1041 4094 vi,
1063 4023 1126 4084 lavo
1144 4024 1216 4085 lavis
1235 4025 1306 4099 lavi.
1336 4025 1483 4088 dioimns=

221 4125 301 4185 lavor
323 4124 428 4184 lavaris
450 4124 505 4184 sub
528 4141 587 4185 nno
610 4122 767 4184 intellectu.
813 4123 832 4184 b
854 4132 921 4186 aute
940 4144 979 4185 no
1000 4127 1104 4187 tertiae
1127 4136 1283 4207 correptae
1304 4130 1427 4208 repperi
1456 4128 1482 4190 bv

221 4228 331 4289 faciens
352 4229 450 4306 specie
473 4227 611 4305 perfecta,
632 4225 733 4287 imbuo
756 4225 863 4287 imbuis
885 4227 986 4288 imbui.
1026 4231 1140 4307 primae
1161 4248 1218 4290 nou
1240 4230 1353 4300 inveni:
1376 4232 1481 4293 tavena

290 4365 306 4413 3
329 4361 443 4429 Persius]
459 4371 508 4416 sat.
527 4361 553 4424 (l,
573 4363 606 4416 ⁷3
623 4364 744 4430 patriciae
768 4363 880 4414 immeiat
897 4363 988 4415 vulvae
1073 4366 1090 4416 b
1115 4363 1175 4432 iam]
1201 4369 1279 4432 Verp.
1296 4367 1363 4421 Aea.
1383 4368 1480 4418 vitta!

290 4432 449 4500 ipolibaut]
474 4433 762 4498 manumittas
815 4432 878 4485 salio
899 4434 961 4484 salis
979 4435 1055 4485 salini
1074 4437 1114 4486 uel
1133 4439 1224 4494 saliis
1296 4439 1326 4488 tv
1346 4439 1418 4504 rapio
1436 4453 1479 4503 rap

222 4506 262 4555 uel
277 4507 342 4569 rapii
360 4519 386 4562 ς,
405 4506 470 4554 ande
487 4506 560 4569 sapio
580 4506 653 4570 sapui
668 4503 706 4552 vel
725 4504 792 4569 capii
809 4505 916 4554 coniecit
926 4504 1041 4556 Straoiua
1053 4508 1085 4556 de
1098 4507 1187 4556 declia.
1203 4516 1227 4558 et
1239 4511 1336 4572 coniup.
1348 4509 1408 4558 Lat.
1419 4523 1447 4571 p.
1459 4509 1478 4556 2*

220 4579 285 4626 conf.
299 4574 424 4625 Priscian.
441 4589 468 4637 p.
482 4573 543 4635 879,
561 4577 632 4639 rapio
651 4573 735 4638 rupini
754 4573 794 4622 uel
812 4576 876 4638 mpii
894 4574 970 4625 editio
984 4575 1142 4628 Arcensiena
1214 4579 1244 4629 li
1263 4578 1389 4628 inlinitum
1406 4578 1477 4628 modu

222 4655 407 4711 perpetuum3
462 4644 494 4694 18
508 4641 652 4708 Terentius]
672 4643 754 4692 Andr.
774 4643 818 4700 tuf
833 4646 893 4706 b,'2
945 4649 978 4694 ‘22
997 4646 1079 4711 paret]
1103 4648 1181 4712 Verp.
1198 4649 1263 4698 Aea.
1283 4646 1357 4699 1989
1415 4649 1468 4698 cari

299 4716 332 4765 25
352 4715 506 4779 partireratrt
524 4729 560 4763 ecc
578 4716 682 4765 Sallust.
700 4712 756 4778 Iup.
773 4713 807 4764 43
824 4717 963 4764 citaverunt
981 4717 1085 4766 Seruius
1102 4721 1127 4767 ia
1144 4720 1223 4783 Verp.
1236 4719 1301 4769 Aea.
1320 4717 1393 4769 1194
1411 4727 1437 4769 et
1455 4719 1476 4768 G

220 4784 308 4835 doaim
324 4799 352 4847 p.
375 4784 441 4836 lato
522 4780 895 4848 atvergtttus].4ea.1lttt
965 4787 998 4836 :tt
1023 4795 1108 4848 apost
1124 4798 1211 4851 quartu
1228 4804 1273 4841 oar.
1292 4788 1324 4848 B,
1343 4788 1475 4839 add.Snct

222 4855 267 4905 dos
279 4869 307 4919 p.
324 4854 359 4905 oc
428 4855 469 4904 aui
491 4853 566 4903 faciet
584 4868 600 4911 ς
619 4856 643 4903 ui
663 4853 720 4901 facit
741 4854 765 4903 B
