3314 5506
216 121 278 187 360
794 114 931 178 buutrt

216 306 296 377 Quae
318 306 348 365 iu
371 323 389 364 o
411 304 562 373 desinunt,
586 312 619 363 ut
640 305 746 373 activa,
774 302 827 363 sed
849 310 969 383 accepta
992 322 1007 367 r
1029 301 1126 365 bttera
1149 303 1252 365 latina
1281 320 1341 365 nou
1367 312 1446 377 suut,
1465 325 1576 383 ux-

215 417 260 469 sto
283 426 387 468 curro:
416 414 477 467 stor
499 423 604 466 curror
629 423 690 465 nou
713 404 847 466 dicimus.
890 405 1072 484 Deponentia
1098 424 1174 486 quae
1201 407 1289 467 suut?
1331 408 1463 480 Quaeiu
1561 448 1576 493 1

216 510 366 579 desinunt,
390 517 421 569 ut
444 508 569 587 passiva,
599 506 650 567 sed
679 525 713 567 ea
741 507 859 588 dempta
882 506 983 569 Latina
1011 525 1072 568 uon
1093 517 1177 577 sunt,
1207 515 1240 569 ut
1267 507 1363 570 luctor
1390 509 1576 591 loquo-

215 612 387 673 Communia
411 629 485 691 quae
508 612 591 671 sunt?
636 609 716 682 Ouae
744 610 774 670 in
802 628 818 670 r
840 609 991 678 desinunt,
1022 617 1054 671 ut
1080 608 1273 690 deponentia,
1302 611 1354 672 sed
1382 613 1412 672 in
1433 612 1576 698 ἀπῇ..

114 744 119 752 ·
190 714 325 775 slormas
348 713 469 783 cadunt,
503 711 640 791 patientis
668 719 698 771 et
725 712 854 790 agentis,
883 719 916 772 ut
942 709 1060 773 osculor
1090 712 1246 774 criminor:
1282 712 1406 775 dicimus
1426 715 1471 775 eni
1493 742 1576 803 ¹1

216 813 333 875 osculor
355 823 383 875 te
406 822 436 875 et
456 812 575 875 osculor
598 832 612 872 a
637 822 680 882 te,
704 814 846 874 criminor
867 820 896 874 te
919 821 948 874 et
970 815 1111 875 criminor
1134 832 1149 874 a
1173 822 1211 875 te.
1256 814 1379 877 Numeri
1401 815 1468 877 verb
1481 848 1576 893 ῃ,

217 936 282 978 rum
311 925 382 996 quot
410 917 498 977 suut?
535 916 608 976 buo.
643 915 722 986 Qui?
759 914 935 994 Singularis,
966 923 998 977 ut
1024 915 1107 994 lego,
1141 914 1278 997 pluralis,
1316 926 1348 978 ut
1374 917 1563 1003 legimus·

217 1020 342 1099 Figurae
366 1016 522 1079 verborum
545 1026 617 1096 qum
638 1017 725 1076 sunt?
760 1017 847 1078 Duae.
882 1018 981 1089 Quae?
1018 1016 1162 1098 Simplex,
1186 1027 1219 1078 ut
1240 1017 1321 1098 lego,
1345 1022 1549 1108 conposita,

218 1131 249 1181 ut
276 1118 409 1199 neglego,
460 1120 606 1199 Tempora
636 1118 792 1179 verborum
820 1127 893 1198 quot
919 1121 1004 1180 sunt?
1043 1119 1122 1180 Tria.
1161 1121 1261 1192 Quae?
1293 1138 1445 1200 praesens,
1491 1150 1540 1199 m

181 1239 204 1279 ιιι
218 1222 295 1302 lego,
319 1222 524 1300 praeteritum,
549 1228 580 1281 ut
602 1219 673 1298 legi,
698 1221 844 1288 loturum,
868 1228 900 1281 ut
921 1220 1027 1298 legam.
1058 1222 1135 1293 Quot
1157 1231 1226 1282 suot
1248 1230 1382 1303 tempora
1403 1225 1431 1284 iu
1454 1228 1527 1293 de.

218 1325 374 1386 clinatione
397 1321 572 1383 verborum?
606 1324 749 1401 erinque.
784 1321 882 1392 Quae?
915 1322 1075 1392 Praesens,
1098 1330 1131 1383 nt
1150 1321 1232 1402 lego,
1255 1326 1445 1404 praeteritum
1462 1332 1518 1394 in-

219 1427 396 1508 perlectum,
418 1439 450 1486 ut
474 1424 621 1503 legebam,
646 1424 839 1503 praeteritum
862 1426 1040 1504 perier-turn,
1064 1434 1096 1485 ut
1118 1424 1189 1504 legi,
1213 1428 1404 1506 praeteritum
1425 1428 1508 1508 plus-

217 1527 485 1610 quamperfectum,
510 1535 541 1587 ut
563 1526 708 1604 legeram,
731 1526 875 1597 inunum,
900 1536 931 1587 ut
952 1527 1058 1605 legam.
1087 1526 1237 1589 Personae
1259 1526 1413 1590 verborum
1432 1540 1504 1609 quot

218 1632 302 1693 suutl
335 1630 417 1690 Tres.
452 1629 550 1699 Quae?
584 1629 697 1696 Prima,
720 1635 752 1688 ut
775 1625 855 1706 lego,
879 1628 1022 1707 secunda,
1046 1637 1078 1690 ut
1100 1627 1188 1708 legis,
1213 1631 1313 1700 tertia,
1336 1638 1368 1691 ut
1388 1629 1452 1709 legit

184 1749 206 1788 ra
305 1732 345 1793 ba
369 1729 593 1790 declinationem
618 1728 699 1790 serbi
722 1730 815 1790 aetiri.
847 1730 927 1809 Lego
950 1730 1070 1791 verbum
1094 1733 1220 1792 activum
1244 1730 1397 1792 indicativo
1416 1731 1501 1792 modo

220 1835 329 1895 dictum
360 1833 500 1911 temporis
528 1833 693 1912 praesentis
722 1834 838 1892 numeri
865 1833 1020 1911 singularis
1054 1835 1164 1912 ligurae
1192 1833 1333 1914 siurpbcis
1363 1845 1502 1915 perronae

220 1939 333 2016 primae
356 1936 571 2013 coniugatiouis
595 1935 698 1994 tertiae
721 1942 890 2013 correptae,
920 1935 999 2015 qrrod
1028 1934 1223 1995 declinabitur
1251 1937 1308 1997 sic:
1342 1935 1403 2016 lego
1425 1934 1506 2013 legis

221 2039 304 2116 legit,
328 2044 357 2096 et
378 2034 530 2115 pluraliter
552 2036 677 2114 legimus
699 2034 795 2114 legitis
818 2035 932 2114 legunt:
957 2038 1060 2098 eodem
1084 2038 1171 2098 modo
1195 2047 1328 2119 tempore
1350 2039 1509 2119 praeterito

221 2139 384 2218 inperfecto
406 2137 538 2217 legebam
563 2136 681 2216 legebas
703 2136 832 2216 legebat,
857 2148 886 2198 et
907 2138 1060 2220 pluraliter
1075 2139 1246 2218 legebamus
1268 2140 1403 2219 legebatis
1420 2139 1513 2217 tege*

185 2259 209 2297 aa
225 2241 308 2302 barat:
333 2239 435 2300 eodem
460 2239 548 2300 modo
571 2224 705 2319 tempore
727 2242 888 2319 praeterito
911 2241 1044 2321 perlecto
1059 2241 1116 2321 legi
1132 2241 1229 2321 legisti
1250 2241 1336 2322 legit,
1358 2250 1386 2301 et
1404 2240 1515 2321 plura‘

222 2343 288 2405 liter
312 2341 435 2420 legimus
456 2340 568 2420 legistis
590 2342 726 2419 legerunt
747 2341 792 2401 rel
814 2342 928 2421 legere:
958 2343 1063 2405 eodem
1086 2344 1172 2404 modo
1196 2353 1329 2425 tempore
1350 2343 1522 2424 praeterito

222 2445 509 2526 plusquamperfecto
532 2443 660 2522 legeram
684 2442 798 2521 legeras
819 2443 946 2523 legerat,
971 2453 999 2506 et
1021 2444 1173 2525 pluraliter
1189 2445 1355 2526 legeramus
1369 2437 1524 2524 legeratis

222 2548 369 2627 legerant:
394 2547 497 2607 eodem
520 2545 607 2606 modo
631 2555 763 2625 tempore
786 2547 884 2608 luturo
906 2546 1001 2626 legam
1023 2547 1104 2626 leges
1127 2547 1219 2627 leget,
1243 2556 1273 2609 ct
1294 2542 1436 2628 pluraliter
1452 2544 1528 2604 le‘

223 2668 326 2731 gemus
348 2648 451 2727 legetis
473 2647 581 2726 legent.
616 2650 788 2727 imperativo
811 2650 898 2711 modo
922 2658 1054 2730 ternpore
1076 2652 1226 2729 praesenti
1248 2651 1285 2712 ad
1307 2650 1453 2712 secundam
1471 2638 1535 2698 et

185 2769 210 2809 aa
224 2755 338 2813 tertiani
362 2769 517 2830 personam
534 2749 599 2828 lege
616 2755 660 2810 acl
673 2754 757 2824 lepus
772 2750 862 2830 legat,
887 2759 917 2812 et
934 2751 1086 2831 pluraliter
1101 2751 1233 2831 legamus
1248 2753 1336 2832 legite
1351 2739 1535 2827 recreantis

223 2855 336 2934 legant:
368 2853 471 2914 eodem
500 2853 587 2912 modo
616 2862 749 2931 ternpore
773 2853 871 2913 lutura
893 2852 981 2933 legito
1009 2859 1054 2915 ccl
1078 2859 1161 2929 lepus
1187 2859 1275 2930 lepitn
1302 2859 1348 2916 uel
1367 2860 1449 2930 legul,
1476 2844 1535 2903 θῑ

222 2956 374 3036 pluraliter
396 2956 526 3033 legamus
549 2953 667 3032 legitote
690 2959 735 3015 ecl
755 2958 860 3029 leporis
880 2960 982 3030 legant
996 2960 1040 3017 acl
1061 2956 1181 3035 legunto
1205 2956 1250 3016 rel
1265 2956 1420 3036 leguntote.
1448 2964 1530 3029 ον’

224 3061 311 3119 tatiro
335 3058 421 3119 modo
445 3067 577 3137 tempore
600 3058 747 3136 praesenti
770 3064 799 3117 et
821 3061 980 3136 praeterito
1003 3060 1165 3139 iuperlectu
1182 3060 1293 3119 retinam
1317 3059 1438 3138 legerem
1457 3054 1529 3115 le*

225 3181 309 3241 geres
332 3161 458 3239 legeret,
488 3168 516 3219 et
543 3157 697 3237 pluraliter
726 3160 836 3219 utinam
863 3158 1029 3237 legeremus
1058 3159 1196 3239 legeretis
1224 3160 1372 3240 legerent:
1404 3159 1525 3220 eodess¹

186 3282 210 3318 :u
226 3264 311 3324 ruodo
341 3272 473 3342 tempore
503 3262 660 3342 praeterito
689 3261 821 3340 perlecto
854 3270 883 3322 et
915 3261 1202 3343 plusquamperfecto
1231 3265 1342 3324 retinam
1375 3262 1521 3342 legissem

225 3368 345 3442 legisses
367 3364 498 3444 legisset,
523 3371 552 3423 et
567 3361 718 3441 pluraliter
740 3365 850 3424 utinam
874 3363 1045 3442 legissemus
1067 3364 1210 3442 legissetis
1231 3363 1383 3444 legissent:
1406 3363 1518 3425 eodem¹

225 3469 311 3528 modo
335 3476 467 3548 tempore
490 3467 588 3526 lutura
611 3467 721 3525 utinam
745 3464 839 3544 legam
863 3465 943 3545 legas
965 3466 1056 3545 legat,
1081 3476 1110 3527 et
1124 3465 1278 3546 pluraliter
1300 3468 1407 3529 utinam
1428 3464 1513 3539 legi‘

225 3590 289 3631 mus
312 3570 414 3648 legatis
436 3569 544 3648 legant.
579 3569 763 3628 coniunctim
785 3568 873 3628 modo
896 3579 1029 3649 tempore
1052 3571 1201 3648 praesenti
1222 3588 1289 3630 cum
1314 3568 1406 3648 legam
1426 3567 1512 3642 tegas

224 3672 313 3750 legat,
338 3682 367 3733 et
387 3669 541 3751 pluraliter
563 3689 630 3731 curn
653 3668 784 3748 legamus
798 3669 901 3748 legatis
917 3670 1029 3750 legant:
1054 3670 1157 3731 eodem
1174 3670 1263 3732 modo
1279 3678 1408 3752 tempore
1421 3681 1510 3750 prae·

185 3791 209 3827 aa
226 3775 310 3833 terito
333 3773 496 3852 inperfecto
519 3791 585 3833 cunr
609 3773 738 3851 legerem
760 3771 876 3852 legeres
892 3771 1016 3852 legeret,
1041 3784 1070 3834 et
1092 3771 1246 3853 pluraliter
1262 3792 1329 3834 curn
1346 3772 1513 3852 tegeremus

224 3875 360 3953 legeretis
383 3874 529 3952 legerent:
553 3874 656 3934 codem
680 3874 767 3935 modo
790 3884 922 3955 ternpore
944 3877 1105 3956 praeterito
1132 3874 1266 3954 perlecto
1295 3894 1361 3937 euru
1385 3869 1510 3952 legerim!

223 3976 329 4055 legeris
351 3976 469 4054 legerit,
494 3985 523 4036 et
544 3975 696 4056 pluraliter
720 3995 787 4038 cum
803 3977 962 4054 legerimus
983 3977 1111 4056 legeritis
1133 3977 1275 4056 legerint:
1300 3978 1397 4039 eodem
1415 3968 1519 4036 nodo

292 4122 304 4171 l
325 4134 351 4171 ut
369 4131 408 4171 ato
427 4136 500 4170 curro
518 4137 596 4187 surgo
617 4122 650 4171 al!
733 4126 750 4173 '2
772 4121 890 4187 dicimus]
912 4133 971 4174 sunt
990 4134 1121 4190 praeterea
1140 4125 1347 4190 neutropussira,
1365 4134 1388 4172 ut
1404 4116 1520 4188 pateo

222 4192 327 4257 gauisus
353 4207 423 4252 suro,
449 4192 529 4240 audeo
549 4208 626 4241 ausus
644 4208 714 4257 sirm,
740 4194 808 4243 soleo
835 4194 924 4244 solitus
943 4210 1013 4257 sum,
1037 4195 1069 4243 llo
1092 4192 1175 4244 locum
1198 4208 1270 4253 sum,
1298 4194 1345 4244 lldu
1367 4193 1420 4242 llsus
1436 4186 1519 4236 ¹⁰1⁶

222 4263 308 4316 redd!
379 4261 410 4312 16
426 4277 549 4326 personae
570 4265 664 4325 primae
682 4278 727 4315 om.
750 4265 779 4323 L,
799 4264 859 4315 artri.
879 4263 912 4311 M
979 4266 1013 4313 25
1030 4265 1215 4326 tourrperatr'ao
1232 4264 1304 4314 medo
1321 4258 1520 4332 murtelac?
1574 4266 1576 4281 '

221 4333 270 4381 alui
287 4348 316 4381 ea
332 4349 395 4398 quare
412 4334 536 4382 inclinatis
554 4334 643 4380 litteras
661 4340 859 4394 nemausensem!
881 4335 964 4383 (teleto
984 4344 1057 4384 eruut
1074 4336 1099 4383 iu
1119 4334 1151 4395 L,
1171 4326 1519 4400 aequeconauuqu'detfl1¹

221 4405 338 4464 scriptum
354 4403 448 4465 fuerit:
467 4402 523 4465 lege
539 4401 605 4465 legat
623 4414 647 4450 et
665 4404 794 4468 pluraliter
813 4403 928 4469 legamus
948 4405 1024 4470 legite
1045 4405 1130 4470 legunt
1152 4403 1202 4452 MS
1280 4404 1313 4453 26
1331 4404 1399 4467 legito
1416 4407 1435 4446 u
1448 4393 1517 4441 le·

223 4472 274 4535 gito
292 4472 334 4521 ille
354 4482 377 4521 et
399 4471 528 4537 pluraliter
550 4472 664 4536 legumus
682 4474 785 4538 legitote
803 4474 888 4539 legant
908 4475 1010 4539 legunto
1032 4476 1071 4524 uel
1091 4475 1219 4539 leguntote
1239 4472 1273 4521 all
1288 4474 1360 4540 legito
1377 4471 1409 4519 uel
1421 4462 1515 4528 legss³

223 4542 291 4607 legat
309 4553 332 4592 et
352 4542 482 4607 pluraliter
502 4541 602 4606 legitote
624 4543 664 4589 uel
684 4542 776 4608 legatis
796 4543 881 4608 legant
904 4544 1008 4609 legunto
1033 4545 1072 4594 uel
1094 4543 1265 4610 ¹leguntoteS
1286 4544 1359 4609 legito
1377 4548 1398 4589 ιιι
1417 4528 1513 4599 legi*⁰

223 4611 262 4661 ille
280 4620 303 4661 et
324 4612 455 4678 pluraliter
473 4612 587 4678 legamus
607 4610 709 4676 legitote
724 4613 826 4679 legunto
845 4629 858 4663 a
