3346 5506
554 374 750 438 lNSTl'lVTl
770 375 911 438 lll'l'lllbl
933 375 1099 440 oar-637
1410 380 1466 441 ¹41

311 493 339 534 fl
353 492 380 535 li.
1273 523 1279 535 .
1334 526 1340 538 .
1362 494 1418 538 Μ’.

186 493 350 627 tolutim
370 581 446 625 casu
469 563 590 624 numeri
611 561 768 640 singularis
791 582 842 624 rus
863 563 972 644 syllaba
996 566 1199 633 terminantur,
1222 494 1467 645 baocwbrbeteriti

187 669 312 748 temporis
332 667 500 746 participiis
520 663 631 745 syllaba
651 665 759 727 ‹lebent
780 685 845 727 esse
862 667 986 745 potiora.
1019 684 1096 727 nunc
1119 685 1189 727 cum
1206 666 1263 728 boc
1281 668 1465 746 participium

187 777 307 831 nonnus
329 769 430 837 iaciat,
453 776 485 829 et
506 767 574 828 ideo
595 768 757 833 moriturus
779 786 899 829 necesse
920 776 964 829 est
985 775 1018 828 ιιι
1038 769 1133 830 iaciat.

256 872 415 950 Participia
444 871 610 949 praesentis
644 871 786 948 temporis
813 871 929 947 generis
961 870 1072 931 scilicet
1104 871 1198 931 ornnis
1227 889 1262 930 ex
1290 871 1466 931 nominativo

185 992 241 1035 mu
260 974 380 1035 numeri
402 971 562 1049 singularis
584 990 598 1031 s
618 969 760 1039 litteram,
783 990 871 1050 quam
894 971 1003 1034 babent
1024 970 1171 1042 ultimam,
1202 975 1231 1033 in
1252 973 1306 1034 dus
1326 971 1465 1052 syllabam
1492 1001 1504 1039 a

185 1084 350 1139 convertunt
383 1084 413 1137 et
442 1075 535 1136 luturi
565 1074 705 1152 temporis
732 1070 954 1153 participiorum
984 1075 1193 1136 nominativum
1222 1092 1321 1136 casum
1350 1076 1466 1136 nunteri

186 1178 330 1256 mantula
351 1178 472 1257 generis
495 1175 649 1236 masculini
671 1175 838 1245 ostendunt,
862 1187 895 1236 ut
915 1183 985 1254 puta
1008 1176 1137 1239 clamans
1159 1177 1344 1246 clamandus,
1368 1176 1467 1239 lerens

186 1280 323 1349 lerenius,
345 1280 509 1340 criminans
526 1278 737 1338 criminandus.
781 1278 853 1341 item
874 1297 891 1339 e
911 1280 1059 1339 contrario
1076 1279 1188 1340 scilicet
1204 1280 1356 1358 participia
1377 1278 1468 1341 lutari

186 1384 315 1463 torporis
336 1382 456 1460 generis
479 1378 642 1448 masculini,
666 1397 741 1457 quae
759 1381 937 1441 nominativo
960 1400 1029 1442 casu
1052 1383 1169 1443 numeri
1187 1381 1342 1460 singularis
1362 1382 1393 1441 in
1411 1381 1467 1443 (lus

187 1483 314 1565 syllabam
337 1490 456 1552 exeunt,
479 1482 603 1543 eauvlem
624 1482 680 1543 dus
702 1480 840 1561 syllabam
864 1483 924 1542 ins
944 1482 1070 1545 liberam
1093 1490 1267 1545 convertunt
1289 1492 1318 1544 et
1339 1479 1506 1565 panicii-10

188 1586 291 1663 piomm
312 1585 479 1664 praesentis
503 1585 644 1661 temporis
667 1586 876 1646 nominativum
900 1603 999 1646 casum
1026 1587 1143 1646 numeri
1169 1584 1327 1664 singularis
1348 1587 1465 1665 generis

188 1686 285 1749 ebio
309 1688 407 1749 omnis
437 1686 609 1755 ostendunt,
650 1693 683 1746 ut
710 1695 778 1764 puta
806 1685 976 1747 clamandus
1004 1685 1149 1755 clanvans,
1190 1687 1328 1749 tutandus
1355 1695 1463 1756 tutans,

190 1790 315 1851 mmdus
335 1790 444 1851 lerens.
488 1789 642 1867 participia
670 1791 833 1866 praesumis
860 1791 1002 1867 temporis
1029 1790 1146 1867 generis
1174 1788 1286 1849 scilicet
1311 1790 1406 1849 omnis
1428 1808 1462 1850 ex

191 1893 352 1953 nominativo
374 1909 445 1952 casu
464 1891 579 1951 numeri
601 1890 758 1968 singularis
779 1910 794 1951 s
815 1891 951 1967 litteram
975 1909 1063 1969 quam
1082 1890 1192 1951 habent
1212 1889 1354 1960 ultimam,
1377 1892 1407 1951 in
1427 1891 1463 1952 da

191 1992 316 2073 syllabam
335 1999 512 2054 convertunt
539 2001 569 2052 et
587 1993 680 2054 futuri
709 1995 850 2072 temporis
876 1995 1098 2074 participiorum
1127 1995 1335 2054 nominativum
1363 2011 1462 2054 casum
1478 2019 1502 2060 n,

192 2099 293 2157 murari
315 2095 473 2173 singularis
492 2097 611 2172 generis
632 2095 764 2156 leminini
792 2096 964 2166 ostendunt,
994 2102 1115 2173 utputa
1144 2095 1277 2156 scribens
1297 2094 1462 2164 scribenda,

193 2198 277 2258 luens
306 2198 444 2267 leranda,
481 2195 617 2258 osculans
649 2196 819 2264 osculanda.
863 2200 933 2259 item
956 2218 972 2258 e
995 2200 1144 2258 contrario
1175 2197 1287 2259 scilicet
1313 2198 1464 2276 participia

194 2298 270 2359 loturi
291 2302 431 2380 temporis
453 2301 573 2377 genueris
594 2300 739 2368 leminini,
763 2317 840 2377 quae
860 2301 1037 2361 nominativo
1059 2318 1128 2361 casu
1151 2301 1268 2360 numeri
1285 2295 1290 2381 Ι
1309 2297 1465 2377 singularis

196 2398 343 2481 lasyllaba
370 2403 581 2471 terminantur,
613 2403 737 2463 eautlem
759 2401 794 2461 (la
819 2399 958 2480 syllabam
988 2404 1017 2463 in
1044 2420 1059 2462 s
1083 2401 1208 2462 litteram
1236 2409 1409 2462 convertunt
1436 2408 1466 2461 et

198 2504 396 2582 puticipiornm
422 2505 587 2582 praesentis
618 2506 759 2582 temporis
791 2504 1002 2565 nominativum
1031 2523 1132 2565 casum
1164 2505 1280 2564 numeri
1307 2502 1464 2581 singularis
1477 2528 1504 2568 au

198 2607 297 2679 generis
309 2606 422 2668 scilicet
438 2607 536 2665 omnis
552 2606 718 2673 osuutum,
741 2614 773 2666 ut
790 2615 859 2684 puta
880 2606 1036 2669 scribenda
1055 2607 1196 2675 scribens,
1219 2606 1340 2667 lerenvla
1356 2605 1464 2675 ierem,

200 2706 333 2769 muhavia
355 2708 504 2769 osculans.
549 2709 700 2786 participia
723 2710 887 2787 praesentis
909 2711 1050 2788 temporis
1082 2711 1200 2787 generis
1232 2706 1344 2768 scilicet
1370 2711 1465 2767 omnia

201 2824 228 2867 ιι
244 2812 412 2872 nominativo
434 2829 505 2871 casu
529 2813 644 2871 numeri
664 2810 821 2889 singularis
839 2829 853 2869 s
876 2811 1011 2872 ultimum
1038 2813 1067 2872 in
1088 2813 1157 2874 ilum
1179 2809 1321 2891 syllabam
1343 2827 1465 2870 conver·

202 2914 251 2971 taut
268 2921 295 2974 u
308 2913 399 2974 luturi
418 2913 561 2990 temporis
582 2914 803 2990 participiorum
825 2915 1033 2974 nominativum
1056 2933 1157 2974 casum
1179 2915 1294 2973 numeri
1309 2909 1465 2988 singularia

203 3015 297 3083 tuuis
317 3017 414 3076 neutri
435 3013 610 3083 ostendunt,
640 3023 672 3075 ιιι
693 3021 761 3092 puta
789 3015 922 3076 scribens
942 3015 1149 3084 scribendum,
1180 3016 1278 3077 lerens
1299 3013 1464 3082 serendum,
1478 3038 1504 3076 ιι

205 3115 316 3177 nutius
341 3116 546 3179 oscillanvlum.
591 3118 659 3178 item
685 3119 871 3178 econtrario
897 3117 1008 3179 scilicet
1034 3119 1185 3197 partieipia
1212 3119 1302 3178 luturi
1327 3118 1466 3195 temporis

204 3220 296 3290 auaris
320 3222 435 3289 neutri,
461 3238 537 3298 quae
559 3222 738 3281 nominativo
760 3238 828 3280 casu
860 3223 974 3281 numeri
996 3219 1152 3299 singularis
1180 3222 1207 3281 in
1231 3221 1300 3280 ilum
1325 3219 1464 3298 syllabam

191 3331 301 3392 urum,
324 3323 450 3383 eandem
472 3323 541 3383 dum
561 3322 701 3402 syllabam
723 3324 753 3382 iu
775 3343 790 3382 s
809 3322 933 3383 litteram
958 3329 1133 3383 convertunt
1157 3331 1187 3382 et
1208 3323 1371 3400 praesentis
1392 3328 1465 3381 tem·

203 3424 262 3493 mn
286 3426 507 3504 participiorum
535 3427 743 3487 nominativum
763 3443 862 3485 casum
891 3427 1006 3486 numeri
1034 3422 1190 3501 singularis
1217 3424 1334 3501 generis
1355 3421 1467 3483 scilicet

202 3528 275 3586 turb
288 3528 456 3596 ostendmt,
480 3536 513 3587 ut
527 3534 596 3606 puta
615 3527 804 3589 scribendum
827 3525 969 3596 scribens,
992 3527 1156 3588 docendum
1174 3526 1293 3594 docens,
1308 3524 1464 3603 legendum
1478 3546 1504 3587 so

201 3619 287 3703 legens

263 3733 418 3810 Participin
447 3734 611 3810 praesentis
637 3736 778 3812 temporis
807 3743 877 3793 tuuc
902 3732 1012 3793 liabent
1040 3734 1049 3793 i
1074 3731 1200 3793 litteram
1230 3734 1260 3792 in
1288 3731 1465 3791 nominativo

199 3847 251 3895 mu
270 3837 386 3896 numeri
409 3833 566 3910 singularis
587 3842 653 3896 ante
675 3835 807 3896 ultimam
832 3835 972 3915 syllabam
993 3837 1190 3904 connitutam,
1212 3835 1329 3913 quando
1353 3843 1382 3895 et
1405 3835 1466 3913 ipsa

197 3933 267 3997 urba
286 3937 366 3997 unte
392 3938 528 3996 oriuntur
556 3940 700 4017 inprims
722 3956 849 4016 persona
872 3940 951 4000 morli
973 3940 1118 4000 indicativi
1141 3939 1283 4017 temporis
1303 3938 1468 4016 praesentis

197 4041 293 4101 vuueri
321 4037 481 4116 siragularis
502 4041 511 4098 i
533 4038 659 4100 litteram
688 4040 797 4101 liabent
821 4050 889 4101 ante
911 4064 929 4102 a
951 4041 1086 4102 ultimum
1115 4044 1315 4107 constitutam,
1343 4046 1464 4117 utputa
1479 4056 1505 4097 as

196 4142 262 4217 rapio
288 4142 423 4221 rapiens,
453 4141 545 4202 calcio
573 4140 715 4211 calcians,
745 4146 843 4205 nutrio
872 4146 1014 4206 nutriens.
1059 4162 1117 4222 qua
1144 4145 1257 4205 ratione
1279 4140 1392 4202 Tullius
1413 4142 1467 4200 ‘et

195 4238 338 4306 obscure
357 4248 534 4322 serpena’
556 4247 766 4323 pronuntiavit,
789 4247 899 4308 scilicet
917 4250 1054 4325 quouiam
1077 4267 1094 4308 a
1115 4265 1219 4326 serpo,
1241 4263 1299 4305 non
1320 4263 1338 4305 a
1357 4244 1466 4322 serpio,

195 4339 237 4405 loc
256 4347 444 4426 participium
467 4349 565 4408 venire
590 4352 796 4427 pronuntiavit,
840 4353 909 4411 item
932 4362 961 4412 et
980 4358 1052 4411 tunc
1075 4349 1185 4411 babent
1212 4348 1363 4426 participia
1383 4363 1468 4423 prae·

194 4451 269 4509 nutis
286 4450 432 4529 temporis
454 4453 484 4508 in
503 4451 680 4511 nominativo
702 4462 731 4514 et
753 4456 881 4514 vocativo
907 4472 976 4514 casu
997 4454 1111 4514 numeri
1136 4450 1293 4528 singularis
1314 4456 1382 4510 ante
1401 4445 1468 4531 ulti5

194 4564 256 4612 uam
279 4551 423 4633 syllabam
448 4553 458 4611 i
484 4551 610 4614 litteram
646 4559 846 4625 constitutam,
880 4556 998 4636 optando
1028 4556 1164 4615 oriuntur
1193 4571 1209 4613 a
1236 4551 1333 4614 verbis
1364 4549 1468 4611 tertias
1481 4564 1507 4605 ιι

249 4733 499 4784 lterminanturro
524 4736 711 4787 terminaturll
781 4736 844 4788 baec
862 4753 877 4787 a
897 4738 1026 4805 praeteriti
1044 4737 1228 4789 litamur
1300 4730 1469 4785 ΗΜ*

192 4803 348 4925 ξειςίΐοηιιιιβὶι
366 4804 460 4854 debent
478 4818 536 4855 ease
553 4808 663 4872 potiores
681 4825 710 4857 ru
762 4807 964 4874 matitunales
982 4809 1055 4860 Catil.
1077 4806 1123 4857 llll
1134 4804 1197 4869 {bb
1258 4800 1302 4857 Ἢ
1316 4800 1383 4857 th!

240 4888 282 4924 nra
