3314 5506
561 110 759 174 lustratur
777 109 918 173 ambitu
942 108 1105 175 tou-271
1438 113 1478 177 tt

234 226 385 280 pacata.
1271 229 1429 283 ptam.

188 303 270 368 eunt,
290 297 369 360 baec
389 314 449 360 nou
467 298 630 360 secundum
652 316 746 377 genus
773 306 912 360 neutrum
937 305 1009 360 sunt
1027 298 1216 369 declinando,
1244 300 1295 362 scd
1317 320 1373 380 pro
1398 299 1480 363 locu·

186 401 263 460 bone
284 400 516 478 pronuntianda,
539 408 659 479 utputa
682 403 793 480 ‘nepos
808 399 853 461 rel
873 403 968 478 neptis
990 402 1169 480 mancipium
1177 405 1198 470 ',
1222 402 1332 464 ‘senex
1346 401 1391 464 rel
1407 420 1481 464 anus

187 502 395 581 mancipium’,
410 503 511 581 utique
525 520 584 583 non
597 501 672 563 ‘boc
687 519 779 580 nepos
794 501 838 562 rel
854 504 950 580 neptis
963 504 1160 582 mancipium'
1177 510 1227 563 ant
1242 502 1318 564 ‘hoc
1332 522 1422 564 senex
1433 502 1480 564 rel

186 620 257 663 anus
278 603 479 681 mancipium'
507 603 670 665 secundum
694 622 788 682 genus
810 610 948 664 neutrum
976 604 1116 687 declinari
1144 603 1286 672 debcant,
1321 603 1373 666 sed
1403 603 1480 665 ‘boc

187 706 366 784 mancipium
387 722 481 784 nepos
503 704 547 766 rel
570 707 666 785 neptis
687 709 746 765 est’
775 712 804 766 ct
831 705 906 764 ‘boc
929 707 1107 785 mancipium
1141 723 1231 766 senex
1254 705 1297 767 rel
1320 724 1393 767 anus
1416 711 1477 766 ost’
1502 732 1517 772 ε

187 823 238 884 pro
264 805 417 868 locutione
444 824 523 867 nuno
549 814 608 867 tam
638 825 763 868 numero
790 806 931 884 singulari
964 824 1052 885 quam
1082 806 1188 884 plurali
1215 809 1310 884 accipi
1333 814 1477 885 oporteat.

186 924 264 969 nunc
285 906 346 968 boc
367 925 537 977 monemus,
560 926 596 968 ex
618 908 674 968 bac
698 908 808 978 forma,
832 926 889 988 qna
910 909 1039 969 diximus
1058 910 1238 969 nominativo
1261 926 1331 969 casu
1363 910 1479 971 numeri

186 1008 347 1089 singularis
379 1010 497 1087 generis
529 1009 682 1099 masculini
708 1012 826 1070 nomina
853 1028 909 1088 pos
935 1009 1046 1090 syllaba
1075 1011 1229 1071 terminari
1256 1018 1286 1072 ct
1312 1012 1341 1070 in
1369 1027 1479 1087 genera

186 1111 327 1173 leminino
348 1111 483 1172 anomale
509 1111 649 1173 declinari
672 1111 716 1173 vel
737 1113 764 1171 in
788 1119 893 1172 neutro
916 1129 971 1189 pro
998 1109 1146 1172 locutione
1172 1113 1371 1191 pronuntiari,
1400 1112 1478 1191 quod

186 1212 250 1291 plns
271 1230 363 1294 quam
384 1230 478 1274 noum
501 1230 616 1283 sonum
639 1214 696 1273 boc
711 1221 756 1273 cst
778 1230 864 1292 quam
882 1230 973 1274 unum
997 1231 1115 1281 nomen,
1138 1231 1197 1273 non
1220 1215 1313 1293 possit
1334 1213 1517 1278 exhiberint

186 1317 253 1376 item
275 1333 315 1377 ex
337 1313 386 1375 illa
406 1314 511 1385 torma,
535 1332 593 1392 qua
614 1314 741 1376 diximus
762 1316 941 1376 nominativo
957 1334 1025 1377 casu
1048 1317 1164 1377 numeri
1184 1314 1341 1394 singularis
1362 1333 1478 1377 mascu-

185 1415 235 1478 lini
255 1418 378 1496 generis
399 1415 519 1477 nomina
548 1434 605 1477 nex
633 1414 744 1496 syllaba
767 1416 884 1477 definiri
912 1424 941 1478 et
968 1419 997 1477 in
1022 1415 1149 1500 gallaeus
1176 1419 1317 1479 leminino
1343 1417 1478 1480 anomale

185 1517 326 1580 declinari
360 1517 404 1579 rel
436 1520 469 1578 in
498 1524 605 1579 neuun
636 1517 866 1596 prolocutione
893 1521 1095 1597 pronuntiari,
1122 1518 1187 1579 'boc
1214 1536 1369 1580 monemus
1398 1519 1477 1599 quod

184 1619 246 1699 plus
268 1637 360 1700 qnam
381 1638 474 1681 unum
496 1638 611 1691 sonum,
637 1619 694 1680 boc
715 1627 758 1681 est
780 1637 869 1698 quam
889 1638 982 1681 unum
1005 1639 1122 1690 nomen,
1143 1637 1201 1680 non
1224 1622 1317 1700 possit
1332 1619 1476 1683 exbiberi.

266 1721 342 1782 ltenr
372 1723 402 1781 in
429 1722 487 1783 boc
513 1739 603 1801 supra
632 1723 744 1799 scripto
773 1739 882 1800 genere
911 1739 1116 1802 quaecumque
1148 1725 1266 1784 nomina
1299 1724 1516 1784 nominativum

184 1841 250 1886 casn
274 1824 394 1884 numeri
415 1822 573 1901 singularis
598 1823 644 1885 bis
665 1823 780 1884 duabus
800 1823 904 1883 formis
925 1823 1119 1893 desinianum
1145 1825 1173 1885 id
1194 1832 1239 1887 cst
1261 1825 1354 1885 rictor
1375 1831 1479 1887 tonsor

183 1933 209 1986 et
228 1932 332 1986 cetera
353 1923 437 1992 talia,
459 1925 533 1987 baec
555 1927 579 1985 si
602 1944 636 1986 cx
660 1944 712 1985 sna
734 1927 831 2004 specie
860 1928 888 1985 ln
909 1943 1018 2002 genera
1040 1926 1178 1987 feminina
1208 1933 1376 1995 transeunt,
1405 1927 1479 1988 baec

181 2027 283 2089 eadem
314 2027 435 2087 nomina
462 2028 493 2087 in
522 2046 632 2106 genere
660 2028 800 2088 feminino
827 2027 870 2088 sic
896 2027 1029 2088 anomala
1059 2027 1240 2097 cfficiuntur,
1275 2035 1402 2107 utputa
1428 2029 1477 2090 bio

181 2130 272 2191 rictor
293 2126 371 2189 bace
388 2128 506 2198 uictrix,
537 2128 585 2190 bic
605 2137 707 2191 tonsor
728 2129 802 2190 baec
824 2132 959 2190 tonstrix.
1004 2132 1028 2190 si
1050 2147 1120 2190 vcro
1143 2129 1216 2191 baec
1236 2130 1338 2191 cadem
1359 2133 1478 2192 nomina

180 2232 341 2311 ingencra
365 2237 469 2290 mentm
493 2238 654 2300 transeunt,
677 2233 707 2292 in
723 2231 826 2292 eodem
850 2249 959 2309 genere
975 2224 1081 2292 neutro
1104 2233 1219 2292 numeri
1242 2231 1401 2309 singularis
1421 2250 1476 2311 pro
1489 2251 1516 2292 m

180 2317 331 2393 locatione
355 2333 598 2410 pronuntiantur,
628 2340 752 2412 utputa
775 2326 854 2393 ‘boc‘
878 2335 1056 2413 mancipium
1081 2335 1174 2394 victor
1200 2334 1245 2394 vel
1267 2341 1370 2395 tonsor
1395 2339 1476 2404 ew:

178 2442 207 2495 at
227 2453 303 2496 vero
325 2435 358 2494 in
379 2451 504 2495 numero
529 2433 634 2513 plurali
656 2434 819 2496 secuudum
841 2450 937 2511 genus
963 2444 1119 2504 neutrum,
1152 2435 1204 2497 sed
1232 2435 1365 2498 anomale
1387 2435 1477 2498 dccli·

178 2543 300 2619 uantur,
316 2542 352 2595 ut
368 2542 437 2613 puta
455 2535 547 2597 ‘baec
563 2537 691 2598 victricia
706 2537 864 2616 mancipia'
881 2545 910 2598 et
924 2537 1017 2598 ‘haec
1032 2539 1185 2599 tonstrioia
1201 2540 1367 2616 mancipia'.
1397 2555 1477 2599 nunc

178 2655 213 2699 cr
230 2638 280 2698 bis
305 2639 534 2717 suprascriptis
557 2639 675 2709 turmis,
698 2637 806 2716 quibus
828 2638 955 2699 diximus
976 2638 1165 2720 nominaltiro
1188 2658 1258 2701 casu
1280 2640 1396 2701 numeri
1417 2641 1477 2702 sin·

178 2738 291 2816 palaris
312 2740 432 2800 nomina
450 2746 499 2799 tor
516 2738 561 2800 rel
580 2758 631 2800 sor
644 2738 763 2821 syllabis
786 2739 900 2802 deliniri
924 2748 953 2800 ct
973 2742 1003 2801 iu
1018 2758 1128 2818 genere
1151 2741 1290 2802 feminino
1311 2741 1356 2802 vel
1370 2749 1476 2803 neutro
1489 2757 1515 2799 a

179 2857 302 2903 ncooese
324 2858 393 2903 csse
418 2841 552 2903 anomale
576 2842 620 2903 rel
647 2860 703 2921 pro
729 2841 879 2903 locutione
901 2843 1103 2922 pronuntiari,
1137 2843 1194 2903 boc
1214 2861 1370 2905 monemus
1397 2844 1476 2923 qnod

179 2940 279 3021 plnres
303 2943 382 3011 soni,
405 2943 462 3004 boc
482 2952 527 3005 est
545 2943 671 3023 plurima
693 2945 821 3013 nomina,
843 2947 958 3024 possint
977 2944 1121 3009 exbiberi.
1477 2936 1482 2943 ’

253 3047 302 3106 at
323 3062 396 3106 vero
418 3046 455 3108 de
477 3048 583 3107 ceteris
605 3047 722 3116 lormis,
750 3046 858 3126 quibus
881 3047 999 3124 generis
1026 3045 1181 3107 masculini
1202 3048 1320 3108 nomina
1350 3045 1476 3108 ablativo

182 3164 246 3210 tant
266 3148 391 3209 numeri
413 3147 571 3224 singularis
592 3166 609 3208 c
629 3146 726 3209 littera
752 3148 865 3210 scilicet
889 3156 1026 3226 correpta
1050 3149 1204 3208 terminata
1232 3150 1410 3211 nominativo
1429 3148 1476 3210 tcl

184 3252 311 3311 vocativo
330 3266 402 3310 casu
424 3251 543 3311 numeri
557 3248 714 3328 singularis
732 3249 918 3319 deliniantur,
942 3250 1000 3310 lroc
1017 3252 1047 3310 in
1062 3250 1142 3310 sonis
1157 3257 1350 3329 conpetenter
1369 3258 1476 3312 tracta·
1487 3264 1517 3308 ao

186 3347 286 3412 bimus
321 3368 394 3411 sane
416 3353 445 3412 in
467 3351 522 3412 bac
541 3351 637 3412 forma
656 3353 774 3429 generis
796 3352 959 3421 masculini,
981 3371 1038 3433 quo
1061 3352 1187 3412 diximus
1206 3352 1384 3413 nominativo
1405 3369 1474 3414 casu

189 3454 297 3514 amera·
316 3434 477 3530 singularis
498 3455 618 3515 nomina
638 3459 685 3513 tor
706 3452 815 3533 syllaba
837 3455 1007 3526 terminari,
1038 3454 1095 3515 boc
1116 3470 1288 3523 monemus,
1319 3453 1399 3533 quod
1420 3454 1477 3515 boc

192 3568 272 3615 mum
290 3571 409 3624 nomen,
431 3554 461 3616 id
480 3563 524 3616 est
538 3562 652 3625 auctor,
675 3564 799 3635 propter
821 3573 909 3616 sonos
927 3558 1092 3618 communis
1107 3557 1226 3635 generis
1247 3574 1312 3617 csse
1331 3564 1474 3634 oporteat.

197 3654 235 3715 tad
253 3656 370 3735 quade
394 3675 482 3718 causa
511 3668 614 3718 auctor
642 3665 765 3736 propter
787 3675 876 3718 sonos
903 3661 1069 3720 commun'u
1091 3660 1210 3737 generis
1237 3675 1304 3721 esse
1331 3666 1475 3737 oporteat,

200 3750 243 3816 lto
260 3759 290 3819 in
307 3759 389 3819 soros
406 3764 601 3836 conpetenter
623 3758 825 3821 tractabimus.
1487 3767 1514 3810 ὅ

267 3859 308 3921 be
328 3876 441 3937 genere
468 3859 618 3921 feminino.
663 3860 795 3923 feminini
827 3863 945 3937 generis
978 3864 1113 3934 nomina,
1147 3881 1224 3943 quac
1254 3861 1379 3924 ablativo
1405 3879 1476 3924 casu

210 3962 298 4022 amni
318 3959 476 4040 singularis
498 3982 514 4022 ε
536 3959 632 4023 littera
655 3969 791 4040 correpta
821 3966 1018 4026 terminantur
1043 3972 1072 4024 ct
1094 3973 1193 4043 aptota
1214 3982 1280 4027 esse
1307 3980 1365 4024 non
1389 3981 1475 4042 repe·

213 4054 308 4132 muer,
329 4063 403 4125 baec
422 4063 459 4125 ad
484 4063 542 4123 boc
561 4062 729 4141 exemplum
750 4064 951 4127 declinantur:
982 4067 1098 4127 numeri
1116 4066 1273 4144 singularis
1295 4066 1369 4126 baec
1390 4065 1476 4126 sedes

215 4151 365 4226 ltlutedie
393 4164 463 4227 bulo
483 4165 546 4226 sedi
569 4165 648 4226 banc
669 4130 770 4227 sedem
799 4167 925 4228 oscdes
951 4167 1067 4230 abbae
1092 4169 1179 4238 sede,
1212 4169 1328 4230 numeri
1353 4164 1475 4245 pluralis

260 4360 276 4439 'l
289 4377 343 4418 tunt
360 4367 387 4418 B
401 4369 453 4418 sint
471 4369 495 4418 ll
564 4368 582 4420 8
600 4384 648 4434 pos
663 4368 762 4435 syllaba
777 4371 803 4422 B
820 4379 878 4436 post
896 4371 1020 4436 syllabam
1039 4371 1063 4422 Il
1080 4387 1113 4438 po
1131 4371 1231 4438 syllaba
1248 4389 1264 4422 r
1315 4371 1345 4421 ld
1363 4372 1447 4436 possit
1460 4389 1476 4422 r

219 4433 288 4482 ”³¹⁰²
299 4435 344 4488 RB
413 4437 448 4490 26
464 4453 521 4490 csso
539 4455 555 4487 r
571 4446 611 4490 eat
629 4439 678 4490 RB
747 4440 781 4491 27
797 4440 883 4505 plures
901 4443 958 4491 soni
975 4441 998 4490 ll
1017 4442 1121 4506 plurimi
1138 4444 1194 4491 soni
1210 4459 1226 4491 r
1242 4439 1310 4506 pluri
1327 4442 1385 4490 soni
1402 4442 1429 4493 B

220 4487 383 4556 ³³ltiniuntnr
400 4506 424 4557 rt
440 4507 594 4559 definiuntur
608 4509 634 4560 B
687 4510 854 4561 tractabimus
869 4510 893 4561 R
909 4512 1074 4562 uacuuimns
1092 4511 1118 4562 B
1187 4510 1221 4562 32
1240 4519 1280 4561 tor
1296 4510 1339 4560 Br
1356 4524 1386 4561 nr
1399 4512 1424 4562 tt

254 4571 399 4626 lrurattmus
416 4577 439 4628 a
457 4580 622 4628 tractauimus
640 4578 665 4627 B
747 4572 750 4578 ’
1026 4586 1029 4591 “
1407 4605 1410 4608 ·
