3314 5506
220 373 283 436 512
786 364 941 448 [suncti]

1300 475 1421 530 ovant

221 564 249 616 et
271 553 368 616 ‘domi
396 556 495 623 sum';
525 551 642 632 quando
671 560 768 614 autem
797 552 917 614 domum
946 553 1145 632 significamus
1166 561 1346 628 extraneam,
1364 554 1454 617 addimus

220 657 483 737 praepositionem,
514 653 568 716 ‘ad
597 653 717 715 domum
743 653 872 716 consulis
903 653 1006 716 vado’.
1051 664 1081 717 et
1107 657 1305 737 interrogatus
1327 662 1398 736 ‘ergo
1417 673 1456 716 noo

223 759 289 818 dico
305 758 341 819 ad
358 756 478 818 domum
501 774 596 817 meam
612 755 706 817 vado?
727 757 785 816 iam
808 756 887 817 enim
910 759 1033 818 accessit
1053 757 1145 820 altera
1167 758 1323 838 particula,
1342 761 1382 821 cui
1396 759 1457 839 pomi

222 860 289 921 addi
312 860 504 940 praepositio,
534 857 563 918 id
586 866 631 919 est
652 857 688 919 ad
711 863 836 919 meam'.
880 858 933 920 sed
960 858 1032 921 illud
1060 859 1196 922 subtilius
1223 860 1408 942 requirendum
1422 866 1457 922 ot

197 969 337 1031 autrum,
365 964 433 1041 qnia
461 961 533 1020 dicis
562 960 616 1020 ‘ad
647 959 767 1021 domum
793 978 890 1021 meam
914 959 1013 1032 vado’,
1042 963 1136 1041 possis
1159 969 1240 1024 recte
1261 962 1354 1024 dicere
1371 959 1411 1023 ‘ad
1425 959 1459 1018 do

221 1082 301 1125 mum
324 1061 454 1124 consulis
477 1061 549 1124 vado
558 1067 577 1124 ’.
623 1080 691 1124 nam
713 1064 739 1122 si
761 1062 902 1124 directam
925 1063 1063 1142 inspicias
1084 1065 1246 1135 rationem,
1270 1082 1377 1144 possum
1394 1061 1461 1122 dicere

221 1165 275 1226 ‘ad
298 1165 417 1226 domum
442 1182 538 1225 meam
560 1163 660 1234 vado’,
685 1182 743 1224 non
767 1182 887 1243 possum
910 1164 1009 1226 dicere
1038 1164 1093 1226 ‘ad
1116 1164 1236 1233 domum
1259 1164 1375 1227 consulis
1391 1161 1462 1227 valo’.

221 1268 359 1346 quoniam
383 1265 436 1327 ‘ad
460 1266 578 1327 domum
601 1273 715 1327 meam'
739 1264 828 1326 habet
849 1265 1023 1347 particulam
1046 1269 1204 1329 accusativi
1224 1271 1324 1338 casus,
1345 1267 1384 1328 cni
1398 1263 1463 1345 posili

220 1369 304 1447 iungi
325 1369 519 1449 praepositio,
542 1366 572 1427 id
595 1375 640 1428 est
661 1387 772 1438 meam;
796 1368 913 1448 qnando
929 1377 1027 1429 autem
1044 1369 1110 1430 dico
1133 1369 1189 1431 ‘ad
1211 1369 1329 1431 domum
1349 1364 1464 1430 nomint

186 1489 208 1530 1o
222 1469 316 1531 adieci
343 1469 462 1549 quidem
490 1468 635 1539 consulis,
664 1485 724 1530 non
754 1477 852 1531 tamen
881 1471 1062 1532 accusativus
1083 1489 1169 1532 casus
1191 1480 1249 1542 cst,
1277 1471 1327 1532 sed
1347 1469 1463 1548 emidius

222 1572 288 1633 ideo
317 1570 408 1632 debes
436 1571 545 1634 addere
572 1572 743 1636 Pincianam
771 1571 816 1632 vel
838 1570 1009 1633 Palatinam.
1053 1589 1120 1633 nam
1149 1591 1217 1634 cum
1247 1571 1371 1654 plerique
1391 1573 1466 1650 putant

222 1673 299 1753 qnod
329 1675 514 1752 interpositio
543 1673 665 1753 recipiat
691 1675 955 1754 praepositionem,
990 1692 1050 1734 non
1081 1681 1178 1754 potest
1210 1676 1292 1755 iungi
1318 1668 1465 1754 praepositio.

227 1778 283 1836 nisi
306 1776 489 1855 interpositio
513 1776 575 1835 eius
598 1776 635 1836 sit
656 1793 755 1847 casus,
779 1777 863 1836 cuius
885 1793 969 1836 casus
991 1785 1036 1835 est
1056 1777 1246 1856 praepositio.

306 1877 420 1939 Accidit
442 1877 589 1938 adverbiis
611 1885 641 1936 et
663 1880 843 1957 conparatio.
881 1879 1092 1957 corporationis
1115 1877 1224 1957 gradus
1246 1886 1313 1939 sunt
1332 1886 1394 1944 tres,
1411 1869 1466 1952 posi·

186 1982 313 2048 votivus,
347 1988 380 2040 ut
412 1979 513 2050 docte,
548 1981 767 2061 comparativus,
800 1989 833 2040 ut
864 1980 993 2049 doctius,
1027 1977 1235 2059 superlativus,
1268 1988 1301 2040 ut
1330 1976 1467 2039 doctissime.

222 2082 364 2162 positivus
387 2099 489 2142 eorum
519 2101 593 2162 quae
622 2083 777 2163 conparari
806 2090 928 2159 possunt
955 2082 985 2140 in
1008 2081 1080 2141 duas
1101 2083 1161 2143 exit
1183 2080 1313 2160 regulas,
1336 2082 1362 2140 in
1380 2098 1393 2140 e
1409 2083 1432 2136 et
1446 2073 1467 2128 io

223 2202 251 2244 r:
280 2183 397 2264 quando
427 2182 539 2244 dativus
567 2186 693 2245 nominis
720 2205 738 2244 o
769 2181 866 2244 littera
898 2185 1088 2256 terminatur,
1115 2185 1258 2264 positivus
1288 2178 1467 2243 adverbiiltt

223 2287 296 2356 exit,
328 2294 360 2346 ut
388 2284 474 2345 docto
502 2285 601 2354 docte;
631 2285 747 2366 quando
775 2287 785 2344 i
814 2283 909 2345 littera
938 2286 1126 2355 terminatur,
1155 2287 1187 2345 in
1209 2304 1226 2345 r
1248 2287 1307 2346 exit
1326 2279 1466 2345 advertito·

223 2396 254 2447 nt
277 2387 345 2448 lorti
367 2387 499 2456 fortiter,
529 2388 667 2467 prudenti
694 2387 870 2467 prudenter:
899 2387 1105 2466 comparativus
1127 2387 1236 2466 gradus
1258 2386 1294 2447 ab
1316 2396 1419 2466 unaque
1435 2392 1468 2436 [θ’

184 2512 210 2551 vo
223 2488 290 2566 gula
317 2490 433 2568 positivi
464 2491 494 2548 in
524 2508 572 2559 us,
602 2497 634 2550 ut
656 2489 741 2550 docte
763 2488 891 2561 doctius,
915 2489 1032 2549 sortiter
1054 2488 1172 2560 lortius,
1195 2490 1355 2568 prudenter
1373 2480 1467 2567 purlet-

223 2593 294 2651 tius:
322 2590 517 2671 superlativus
544 2593 574 2651 in
597 2611 613 2652 e
636 2609 753 2671 semper
774 2591 949 2671 productam
972 2591 1045 2659 exit,
1069 2599 1101 2652 ut
1122 2590 1300 2652 doctissime.
1342 2592 1369 2650 in
1388 2591 1468 2649 uirtuti

222 2712 340 2773 semper
368 2692 541 2772 producitur
569 2691 776 2774 superlativus,
805 2701 850 2765 ut,
880 2694 967 2754 etiam
990 2694 1015 2753 si
1036 2694 1177 2774 positivus
1200 2695 1264 2754 eius
1285 2699 1420 2772 correptus
1435 2681 1468 2742 sil

221 2796 276 2856 iste
299 2804 396 2855 tamen
417 2792 422 2874 1
442 2794 628 2874 producatur,
652 2804 685 2855 ut
707 2794 783 2856 bene
804 2814 891 2875 saepe
914 2792 990 2855 male
1014 2794 1139 2855 dicimus
1162 2803 1312 2874 correpte,
1333 2793 1470 2874 productae

221 2900 251 2957 in
279 2895 456 2976 superlativo
482 2898 592 2975 optime
620 2898 790 2976 saepissime
823 2899 958 2975 pessime.
1004 2915 1036 2957 ea
1065 2905 1163 2957 autem
1193 2895 1330 2958 adverbia
1359 2888 1470 2970 recipitil

183 3021 208 3059 as
223 3000 475 3079 conparationem,
510 3017 584 3079 quae
617 3017 633 3058 a
667 2998 835 3060 nominibus
868 3000 988 3059 veniunt
1019 2997 1229 3078 recipientibus
1258 2999 1472 3078 conparationem·

222 3102 290 3161 hinc
317 3111 361 3162 est
388 3101 482 3181 quod,
509 3120 576 3161 ctam
605 3101 728 3162 dicimus
756 3099 903 3170 Tulliano,
940 3119 999 3161 non
1027 3118 1183 3180 possumus
1211 3099 1312 3160 dicere
1338 3094 1473 3161 Tullianos.

222 3205 370 3284 quianon
394 3204 459 3264 dico
482 3202 651 3263 Tullianior.
697 3221 789 3281 pauca
818 3212 887 3264 sunt
915 3211 1012 3263 tamen
1040 3221 1114 3283 quae
1137 3210 1240 3263 contra
1263 3210 1356 3264 artem
1376 3196 1476 3260 veniunt·

221 3315 253 3366 ut
275 3308 428 3386 positivum
452 3307 482 3364 in
506 3323 521 3364 r
543 3307 674 3375 mittant,
704 3324 770 3366 cum
794 3305 908 3366 dativus
929 3324 1031 3366 eorum
1053 3307 1085 3366 in
1108 3306 1227 3365 nomine
1250 3325 1268 3366 o
1290 3305 1380 3365 littera
1400 3292 1477 3361 terni·

222 3417 322 3478 natur,
346 3418 379 3469 ut
401 3416 445 3468 est
468 3408 580 3468 duriter
603 3415 632 3467 et
654 3408 831 3469 humaniter.
876 3417 944 3468 sunt
971 3407 1067 3487 aliqua
1096 3405 1249 3479 adverbia,
1279 3426 1351 3487 quae
1372 3408 1480 3466 naturam

182 3509 331 3575 vohahent
357 3512 575 3590 comparationis
604 3518 633 3568 et
661 3518 760 3570 tannen
788 3511 943 3588 conparari
972 3528 1030 3571 non
1060 3519 1196 3587 possunt,
1232 3517 1263 3570 ut
1292 3518 1335 3569 est
1360 3522 1432 3569 mane
1456 3498 1483 3553 ⁰²

220 3632 351 3692 vespere.
398 3612 539 3694 numquid
571 3630 689 3691 possum
720 3612 819 3672 dicere
847 3613 963 3672 manius
992 3619 1041 3672 aut
1068 3613 1227 3690 vesperius.
1274 3609 1382 3690 vigilavi
1405 3615 1485 3666 mane·

220 3715 272 3776 sed
295 3715 349 3776 luit
376 3717 426 3793 qui
455 3723 522 3775 ante
552 3734 598 3774 me
626 3713 785 3792 vigilasset,
815 3722 844 3773 et
866 3732 925 3774 non
947 3732 1066 3795 possum
1089 3733 1155 3774 enm
1179 3712 1278 3774 dicere
1301 3713 1407 3774 manius
1424 3701 1485 3782 vigi·

220 3817 305 3877 lasse.
338 3835 408 3894 ergo
431 3818 461 3876 in
484 3818 530 3877 his
552 3815 710 3886 adverbiis
735 3815 785 3876 ubi
807 3816 926 3876 inllexio
942 3834 1001 3875 non
1018 3814 1106 3876 habet
1128 3817 1379 3896 conparationem,
1400 3812 1492 3872 natur·a

221 3916 325 3986 babet,
348 3920 497 3997 iungimus
519 3918 572 3978 has
593 3916 765 3997 particulas,
790 3919 882 3996 magis
904 3927 934 3978 ct
955 3920 1095 3988 maxime,
1120 3927 1166 3989 ut,
1189 3920 1214 3978 si
1236 3936 1345 3995 augere
1365 3914 1495 3976 colonos

181 4019 352 4082 aedicamus
380 4021 473 4098 magis
501 4038 603 4089 mane,
633 4021 658 4080 si
685 4020 871 4099 superferre,
901 4021 1027 4080 maxime
1055 4039 1156 4091 mane,
1184 4022 1209 4081 si
1236 4023 1382 4088 minuero,
1404 4014 1499 4075 minu-⁴

220 4139 321 4191 mane,
353 4123 377 4181 si
399 4121 465 4199 plus
488 4123 636 4191 minuere,
666 4124 786 4182 minime
809 4140 905 4182 mane.
950 4123 1001 4183 sed
1030 4141 1085 4184 nec
1113 4124 1293 4202 praepositio
1314 4121 1380 4183 addi
1397 4109 1501 4199 pote-⁴t

222 4231 255 4282 ut
277 4223 409 4282 dicamus
432 4242 447 4284 a
471 4242 571 4292 mane;
595 4225 620 4283 si
642 4233 740 4285 autem
763 4226 805 4284 vis
827 4224 935 4285 addere
957 4226 1221 4305 praepositionem,
1250 4225 1298 4285 dic
1320 4242 1334 4284 a
1357 4221 1435 4287 mani,
1458 4208 1501 4266 1¹¹

219 4343 305 4385 mane
335 4343 442 4386 nomem
469 4327 507 4388 sit
535 4335 689 4396 neutrum,
724 4336 753 4387 et
781 4346 838 4406 qno
866 4327 954 4388 modo
983 4326 1108 4388 dicimus
1135 4327 1192 4388 boc
1220 4345 1303 4388 mare
1331 4334 1360 4386 et
1383 4321 1413 4385 ab
1435 4319 1502 4378 l¹⁰c

306 4602 398 4666 2crgo
414 4615 463 4649 non
478 4600 542 4650 dicis
561 4603 644 4666 Sego
663 4615 712 4648 nou
732 4600 787 4649 vlico
804 4600 848 4651 LS
932 4603 947 4650 4
967 4601 992 4649 id
1010 4601 1097 4650 estad
1115 4616 1198 4649 meam
1218 4599 1262 4652 FS
1279 4601 1310 4650 ad
1326 4613 1398 4648 meam
1414 4592 1432 4642 id
1460 4583 1497 4655 ⁰⁴5¹

220 4671 262 4721 L:
280 4672 393 4734 sortasse
412 4672 444 4720 ad
464 4685 554 4731 nicam,
574 4671 703 4735 respondit
718 4670 781 4719 illud
864 4673 975 4719 inicam
992 4687 1036 4719 ora.
1056 4673 1087 4730 L,
1102 4672 1163 4723 add.
1181 4672 1226 4721 FS
1307 4670 1337 4721 10
1350 4667 1419 4718 adieci
1434 4662 1494 4718 ⁴1⁰¹·

219 4741 275 4788 dem
294 4741 406 4791 consulis
420 4749 445 4791 et
462 4750 544 4788 tamen
561 4757 606 4789 om.
623 4740 655 4801 L,
671 4742 732 4790 odd.
748 4742 792 4792 FS
864 4742 892 4791 il
914 4743 1037 4804 pinianum
1056 4741 1078 4788 l·
1147 4757 1203 4791 unm
1217 4757 1263 4790 orn.
1284 4741 1315 4800 L,
1333 4740 1388 4790 odd.
1402 4732 1442 4784 FS

220 4811 253 4858 29
268 4820 293 4859 et
310 4811 452 4862 humaniter
471 4811 514 4860 FS
531 4819 555 4859 et
569 4811 739 4859 inhumaniter
760 4812 782 4859 L
852 4811 884 4861 37
903 4813 943 4860 dic
963 4812 1005 4863 FS
1023 4813 1103 4860 dicatu
1124 4813 1148 4860 L
1225 4805 1427 4875 assequendo
1451 4788 1489 4843 FS

264 4883 389 4943 quomodo
407 4883 431 4931 L
