3346 5506
226 384 286 445 156
812 383 925 445 ruunt

276 511 297 550 ῃ.
312 498 399 538 asa-or
416 499 441 538 n.
1305 509 1327 550 p.
1341 496 1388 538 aaa.
1398 497 1424 538 aa
1438 494 1468 537 v.

226 571 350 637 tiativus,
370 571 575 646 promissivus,
597 569 675 647 quod
699 575 741 627 est
764 576 793 628 et
811 568 941 629 loturum
964 575 1079 647 tempus
1100 569 1179 630 modi
1202 569 1367 639 indicativi,
1390 570 1519 649 impera·

225 671 315 738 tirus,
344 671 487 737 infinitus,
518 672 567 748 qui
589 677 634 730 est
661 680 689 730 et
717 678 893 749 perpetum,
924 672 1081 748 optativus,
1110 672 1326 739 coniunctivus,
1352 672 1404 749 qui
1427 676 1521 732 estet

225 773 379 839 iunctivus‚
404 769 612 850 inpersonalis,
634 773 770 849 gerundi.
816 790 895 833 nunc
917 773 962 840 lvi,
984 771 1132 850 quemad
1155 771 1275 832 modum
1297 770 1396 832 verbis
1417 772 1520 834 deser·

225 873 312 942 viant,
336 875 364 934 in
387 872 582 933 declinatione
605 871 780 951 probantur.

200 998 212 1036 a
312 972 353 1033 De
376 991 509 1034 numero.
555 976 671 1034 numeri
695 974 852 1035 verborum
873 980 942 1034 sunt
962 981 1037 1042 tres,
1064 972 1221 1052 singularis
1242 972 1366 1052 pluralis
1386 992 1521 1037 commu·

225 1077 280 1134 uis.
325 1092 404 1135 nunc
430 1075 474 1142 hi,
506 1074 652 1152 quemad
683 1076 802 1136 modum
829 1074 926 1137 verbis
953 1075 1136 1144 deserviant,
1165 1077 1195 1134 in
1224 1074 1421 1137 declinatione
1450 1096 1521 1157 pro·

225 1175 342 1237 bantur.

311 1277 352 1338 De
375 1294 511 1355 persona.
556 1295 701 1355 personae
729 1278 886 1339 verborum
920 1285 988 1338 sunt
1020 1284 1095 1348 tres,
1129 1279 1224 1357 prirna
1259 1279 1389 1339 secunda
1422 1280 1520 1340 tertia.

226 1396 305 1439 nunc
326 1378 391 1446 lvae,
415 1396 502 1457 quem
525 1378 701 1439 admodum
725 1379 822 1440 verbis
843 1380 1018 1447 deserviant,
1041 1380 1069 1439 in
1092 1379 1288 1441 declinatione
1310 1380 1487 1459 probantur.

191 1503 213 1544 ro
313 1480 355 1541 lie
375 1497 485 1557 genere
500 1481 560 1540 sive
575 1478 721 1559 qualitate.
757 1500 850 1559 genus
868 1483 929 1542 sive
948 1479 1072 1559 qualitas
1093 1480 1251 1541 verborum
1274 1487 1342 1541 octo
1361 1480 1408 1542 lvis
1429 1482 1521 1558 signi-

225 1579 411 1641 llcationibus
437 1580 632 1658 intellegitur,
662 1582 759 1642 idest
784 1585 874 1644 activa
897 1585 1009 1662 passiva
1031 1581 1160 1643 neutrali
1188 1582 1348 1659 deponenti
1368 1584 1522 1644 communi
1555 1658 1560 1664 ι

226 1682 390 1744 inchoativa
413 1681 624 1761 frequentativa
646 1683 798 1744 delectiva.

311 1784 353 1845 lie
377 1801 486 1862 genere
514 1786 573 1844 sive
602 1783 741 1864 qualitate
764 1787 866 1847 activa.
912 1788 1028 1864 generis
1054 1787 1115 1846 sive
1139 1781 1285 1864 qualitatis
1310 1785 1423 1846 activae
1452 1792 1522 1846 sunt

226 1885 329 1953 verba,
360 1904 437 1965 quae
464 1886 617 1948 indicativo
645 1889 705 1947 sive
736 1888 954 1966 pronuntiativo
982 1886 1071 1946 modo
1098 1887 1241 1965 temporis
1266 1887 1431 1964 praesentis
1460 1887 1521 1948 sive

190 1988 360 2049 rainstantis
378 2005 413 2047 ex
436 1989 530 2066 prima
547 2006 673 2067 persona
695 1990 812 2048 numeri
834 1987 992 2064 singularis
1011 2007 1029 2048 o
1046 1987 1142 2049 littera
1165 1989 1361 2048 terminantur
1382 2005 1439 2049 nec
1460 2007 1520 2049 non

225 2092 257 2150 in
278 2107 464 2169 quocumque
488 2090 576 2149 modo
598 2088 686 2150 etad
708 2106 802 2165 genus
823 2091 884 2149 sive
905 2087 1073 2166 qualitatem
1096 2091 1239 2168 passivam
1267 2086 1468 2159 declinantur,
1489 2097 1522 2151 ut

226 2200 296 2270 puta
319 2189 414 2270 probo
437 2198 466 2250 et
487 2189 615 2268 probor,
646 2191 738 2250 doceo
766 2196 796 2250 et
817 2190 940 2259 doceor,
958 2187 971 2274 ΙΙ
985 2189 1051 2268 lego
1074 2198 1103 2251 et
1124 2188 1222 2267 legor,
1251 2192 1335 2270 rapio
1359 2198 1388 2251 et
1409 2191 1519 2269 rapior,

226 2294 324 2353 nutrio
355 2299 384 2352 et
410 2293 536 2351 nutrior.
580 2293 623 2351 sic
651 2299 680 2352 et
710 2291 764 2353 alia
792 2291 896 2359 verba,
928 2308 1003 2368 quae
1029 2291 1184 2352 indicativo
1216 2293 1276 2353 sive
1303 2293 1521 2369 pronuntiative

228 2394 314 2453 modo
335 2393 479 2470 temporis
502 2394 665 2470 praesentis
686 2394 745 2454 sive
766 2394 898 2454 instantis
925 2413 960 2455 ex
974 2395 1078 2476 prima
1102 2411 1230 2473 persona
1250 2395 1368 2455 numeri
1391 2391 1520 2472 singula·

188 2497 269 2555 aeris
291 2514 309 2555 o
335 2495 431 2556 littera
457 2495 653 2554 terminantur
679 2512 816 2555 necnon
844 2497 873 2556 in
898 2513 1085 2575 quocumque
1107 2495 1195 2556 ruodo
1225 2501 1254 2556 et
1275 2496 1312 2555 ad
1338 2512 1433 2573 genus
1459 2494 1521 2557 sive

227 2595 396 2676 qualitatem
417 2596 562 2673 passivam
578 2593 719 2656 declinari
737 2604 870 2674 possunt,
894 2598 978 2658 activi
993 2598 1110 2675 generis
1130 2596 1175 2658 vel
1197 2595 1343 2677 qualitatis
1362 2612 1428 2658 esse
1450 2613 1522 2675 pro·

226 2700 407 2760 nuntiantur.

313 2801 355 2862 De
374 2817 484 2877 genere
505 2801 566 2860 sive
589 2798 728 2878 qualitate
746 2799 868 2877 passiva.
906 2800 1024 2878 generis
1046 2801 1105 2860 sive
1125 2798 1275 2878 qualitatis
1297 2800 1430 2876 passivae
1452 2808 1523 2862 sunt

227 2901 331 2971 verba,
364 2919 440 2981 quae
468 2902 624 2962 indicativo
652 2903 712 2962 sive
740 2902 959 2980 pronuntiativo
987 2900 1075 2961 modo
1103 2902 1244 2978 temporis
1269 2902 1434 2979 praesentis
1461 2901 1522 2963 sive

187 3022 213 3060 as
227 3005 361 3065 instantis
381 3022 416 3062 ex
438 3004 533 3081 prima
556 3020 681 3081 persona
703 3005 820 3064 numeri
837 3002 994 3079 singularis
1016 3022 1032 3062 r
1053 3001 1149 3063 littera
1170 3004 1366 3063 terminantur
1384 3020 1442 3064 nec
1460 3021 1521 3063 non

226 3109 257 3166 in
280 3123 466 3184 quocumque
498 3105 585 3165 modo
614 3114 641 3165 et
662 3105 697 3165 ad
721 3123 815 3182 genus
836 3106 897 3164 sive
922 3103 1092 3181 qualitatem
1113 3106 1234 3164 activam
1262 3101 1463 3173 declinantur,
1490 3112 1523 3165 nt

227 3215 298 3286 puta
327 3206 438 3285 probor
466 3214 494 3267 et
519 3207 628 3286 probo,
658 3207 768 3268 doceor
798 3213 827 3266 et
849 3206 957 3275 doceo,
986 3204 1070 3282 legor
1092 3211 1121 3265 et
1142 3205 1223 3281 lego,
1251 3207 1351 3283 rapior
1370 3212 1400 3265 et
1425 3208 1521 3285 rapio,

228 3312 343 3371 nutrior
371 3316 400 3370 et
423 3310 532 3369 nutrio.
577 3310 619 3369 sio
653 3317 681 3369 et
709 3307 764 3368 alia
789 3307 892 3376 verba,
924 3327 999 3387 quae
1027 3306 1184 3367 indicativo
1218 3308 1277 3366 sive
1303 3308 1522 3383 pronuntiative

227 3412 316 3472 modo
335 3412 477 3490 temporis
498 3412 663 3488 praesentis
685 3411 744 3471 sive
767 3412 901 3470 instantis
928 3429 964 3470 ex
985 3411 1080 3489 prima
1103 3426 1229 3488 persona
1252 3408 1368 3468 numeri
1390 3409 1522 3487 singula·

189 3516 269 3574 aoris
288 3532 302 3573 r
324 3514 419 3574 littera
451 3513 645 3572 terminantur
671 3529 727 3572 nec
751 3529 811 3571 non
836 3513 864 3571 in
894 3529 1083 3590 quocumque
1104 3510 1192 3571 modo
1223 3517 1252 3571 et
1278 3510 1313 3569 ad
1343 3527 1438 3588 genus
1462 3513 1523 3572 sive

228 3614 397 3694 qualitatem
426 3615 549 3673 activam
579 3612 720 3673 declinari
754 3622 892 3691 possunt,
926 3614 1033 3692 passivi
1060 3614 1176 3690 generis
1207 3611 1252 3672 vel
1280 3610 1428 3692 qualitatis
1457 3631 1523 3674 esse

227 3716 465 3795 pronuntiantur.
492 3714 494 3790 l

313 3815 355 3875 Ile
381 3833 490 3892 genere
521 3816 580 3874 sive
611 3814 749 3892 qualitate
778 3817 913 3879 neutrali.
959 3817 1077 3893 generis
1110 3817 1170 3874 sive
1203 3814 1349 3893 qualitatis
1380 3815 1524 3876 neutralis

228 3923 297 3977 suut
318 3914 423 3984 verba,
455 3934 530 3993 quae
559 3914 712 3975 indicativo
739 3919 799 3978 sive
823 3920 1042 3996 pronuntiativo
1072 3915 1160 3975 modo
1188 3915 1330 3993 temporis
1356 3917 1523 3993 praesentis

189 4027 215 4068 ³⁵
228 4019 288 4077 sive
311 4018 443 4077 instantis
466 4036 501 4077 ex
522 4018 617 4095 prima
637 4034 763 4094 persona
784 4020 898 4079 numeri
917 4019 1074 4096 singularis
1096 4037 1113 4077 o
1133 4016 1228 4077 littera
1250 4018 1448 4077 terminantur
1466 4034 1525 4078 nec

229 4120 258 4179 iu
288 4119 386 4198 aliquo
412 4119 500 4179 modo
527 4118 562 4178 ad
592 4137 686 4196 genus
710 4122 770 4182 sive
797 4121 965 4199 qualitatem
994 4121 1137 4199 passivam
1168 4117 1367 4188 declinantur,
1392 4125 1426 4178 ut
1451 4125 1524 4197 puta

229 4221 334 4300 vapulo
349 4238 409 4280 non
432 4219 562 4299 vapulor,
587 4238 673 4281 careo
694 4239 752 4281 non
773 4240 887 4290 carcor,
911 4240 999 4282 curro
1018 4240 1077 4281 non
1096 4239 1210 4289 curror,
1233 4221 1316 4298 pario
1332 4236 1392 4279 non
1409 4221 1523 4300 pacior,

230 4325 312 4384 venio
335 4340 393 4383 non
418 4324 527 4392 renior,
551 4341 624 4383 exeo
648 4341 705 4381 non
728 4341 826 4384 exeor.
871 4325 913 4383 sic
936 4331 965 4383 et
983 4321 1038 4383 alia
1060 4321 1164 4389 verba,
1188 4339 1263 4401 quae
1284 4320 1442 4381 indicativo
1463 4322 1525 4382 sive

230 4426 448 4506 pronuntiativo
478 4424 567 4484 modo
596 4426 737 4504 temporis
762 4422 926 4504 praesentis
953 4426 1013 4485 sive
1039 4424 1173 4485 instantis
1206 4441 1241 4483 ex
1271 4424 1366 4501 prima
1394 4439 1523 4500 persona

298 4631 315 4678 2
334 4630 377 4694 qui
395 4638 433 4679 est
452 4638 476 4678 et
494 4629 621 4678 iuuctiuus
639 4645 684 4678 om.
707 4629 736 4689 li,
756 4629 818 4678 add.
837 4629 862 4678 B
930 4630 963 4680 al
980 4630 1175 4695 pronuntiantur
1192 4643 1221 4677 ra
1239 4627 1419 4693 pronuntiatur
1438 4627 1460 4677 n

230 4699 262 4749 31
285 4701 383 4765 passini
401 4716 430 4748 ro
448 4707 473 4749 et
489 4698 587 4764 passini
603 4697 627 4748 n
714 4698 747 4750 32
766 4699 962 4766 pronuntientur
979 4716 1009 4749 ru
1027 4698 1246 4763 pronuntiatuvlt
1328 4696 1361 4748 ³7
1380 4697 1454 4761 pario
1474 4711 1522 4746 uon

230 4771 318 4835 pacior
336 4786 351 4818 r
370 4770 443 4834 rapio
462 4782 512 4817 nou
531 4767 654 4833 pariorll
671 4769 744 4833 rapio
762 4783 812 4818 uon
831 4769 919 4833 rapior
932 4769 957 4818 B
975 4770 1049 4834 sapio
1065 4782 1115 4817 uon
1134 4769 1221 4832 sepior
1239 4770 1344 4818 coniecit
1361 4768 1445 4817 editor
1460 4767 1524 4817 Vin·

231 4839 380 4890 dodonenev'e
450 4837 484 4889 39
502 4852 534 4887 ex
549 4837 575 4886 B
592 4838 617 4886 in
636 4837 659 4888 u
