3346 5506
148 69 210 130 soc
450 80 459 93 ·
712 62 866 147 [senen]

1236 201 1243 217 .
1256 170 1349 217 bB-lt
1360 186 1385 217 r.

146 251 311 312 choatirum
334 260 363 311 et
385 269 444 312 non
466 253 504 312 sit
525 252 671 313 secundae
693 252 916 331 coniugationis.
946 269 1013 315 curn
1027 252 1085 316 boc
1106 268 1179 331 erqo
1200 184 1292 315 fletu
1310 252 1434 315 luebu-

147 355 235 414 tivum
260 363 289 414 et
311 353 456 414 secundae
479 355 691 433 coniugationis
705 356 756 425 sit,
779 354 959 438 productum
975 374 1040 417 esse
1055 353 1144 417 debet
1156 356 1188 415 in
1202 354 1321 417 inbuite
1334 352 1433 419 morlo.

146 473 305 536 numquam
335 457 411 516 enim
439 457 570 517 invenies
597 454 743 517 secundae
772 457 985 537 coniugationis
1011 455 1132 519 verbum
1155 459 1186 518 in
1207 456 1325 519 infinito
1345 454 1434 519 modo

147 559 265 638 corripi.
295 557 373 638 quod
396 575 467 636 ergo
490 559 605 618 fervere
626 560 769 637 corripuit
784 558 936 639 Vergilius,
960 558 1064 639 pathos
1085 567 1131 620 εει
1151 566 1276 640 propter
1296 566 1434 630 metm,

109 676 120 711 a
148 679 206 722 non
230 668 343 721 natura.
389 669 418 721 et
446 679 536 741 quare
564 661 761 721 inchoativum
789 679 848 721 non
872 660 961 722 habet
984 669 1098 742 tempus
1120 662 1314 742 praeteritum
1336 660 1435 743 parie-

148 771 226 825 ctum
250 762 293 823 rel
316 762 652 842 plusquamperfectum?
676 765 742 841 quia
766 765 790 824 si
812 763 1010 823 inchoativum
1026 762 1101 824 nihil
1123 771 1169 825 εει
1182 762 1261 825 alind
1284 764 1341 825 nisi
1355 762 1434 845 quod

147 866 278 934 inchoat,
307 884 365 944 qno
387 865 475 925 modo
498 872 594 945 potest
626 864 736 925 babere
759 865 940 945 perlectum?
973 864 1076 926 eadem
1099 867 1215 927 ratione
1236 882 1293 927 nco
1313 866 1435 946 partiti·

147 969 227 1046 pium
251 967 340 1027 futuri
355 969 497 1047 temporis
512 966 610 1027 habet.
642 985 708 1027 nam
731 968 756 1026 si
779 967 836 1028 lroc
856 968 952 1047 ipsum
976 985 1034 1027 nou
1058 966 1147 1028 babet
1167 967 1247 1048 quod
1269 966 1434 1048 perfectum

147 1078 204 1139 est,
228 1089 286 1150 quo
309 1069 395 1129 ruodo
418 1078 514 1147 potest
537 1068 647 1137 lrabme
670 1069 699 1128 id
722 1069 799 1147 quod
823 1070 953 1131 nascitur
975 1068 1012 1129 de
1035 1069 1184 1150 persectoi
1211 1069 1293 1133 unde
1313 1070 1435 1151 quiesco

108 1187 130 1224 u
147 1180 176 1232 et
197 1190 319 1232 senesce
341 1169 445 1232 nolunt
468 1190 532 1232 esse
554 1171 732 1237 inchoativa,
762 1172 829 1250 quia
853 1188 912 1232 nora
935 1171 1045 1232 habent
1066 1189 1156 1232 senen
1178 1178 1208 1233 et
1228 1172 1333 1253 quien,
1354 1169 1435 1233 unde

147 1275 271 1334 veniant.
317 1292 388 1351 ergo
416 1282 445 1334 et
473 1273 603 1353 perlecta
631 1272 676 1332 vel
704 1271 837 1334 absoluta
865 1273 975 1345 forms,
1006 1283 1038 1334 ut
1065 1281 1110 1334 est
1135 1272 1202 1353 lego
1230 1290 1338 1345 curro,
1367 1273 1434 1335 ideo

146 1376 273 1455 perlecta
303 1375 427 1446 dicitnr,
456 1377 524 1455 quia
547 1376 577 1435 in
600 1394 633 1435 ea
657 1373 761 1454 plenus
782 1382 827 1435 εει
848 1393 966 1437 sensus:
996 1375 1113 1455 quando
1135 1373 1202 1437 dico
1223 1374 1306 1455 lego,
1329 1373 1436 1454 plenus

145 1486 188 1537 ost
215 1496 326 1538 sensus.
372 1485 417 1537 est
444 1485 473 1537 ct
501 1474 736 1557 lrelquentativa,
767 1495 842 1557 quae
874 1494 929 1538 nos
957 1476 1127 1557 frequenter
1161 1476 1291 1539 ostendit
1323 1476 1434 1549 dicere,

145 1579 243 1639 lectito
266 1598 354 1659 saepe
377 1578 460 1657 lego,
492 1579 626 1658 scriptito
649 1597 737 1659 saepe
765 1577 871 1640 scribo.
917 1579 990 1640 baec
1012 1577 1102 1639 rerba
1123 1578 1338 1660 frequentative
1360 1596 1434 1661 quo·

107 1693 131 1733 ¹⁵
146 1683 221 1743 tiens
244 1683 273 1741 in
297 1689 326 1741 to
349 1690 473 1752 exeunt,
496 1683 609 1759 primae
632 1682 847 1759 coniugatiouis
868 1688 945 1742 sunt.
989 1683 1014 1740 si
1036 1698 1097 1742 nou
1119 1682 1149 1741 iu
1170 1687 1202 1741 to
1223 1688 1344 1752 exeunt,
1366 1698 1435 1762 poe·

143 1794 212 1845 ειιιιι
239 1787 447 1864 cuiuscumque
476 1784 690 1861 coniugationis
712 1801 790 1853 esse,
821 1782 850 1843 id
874 1792 919 1845 est
939 1784 1053 1864 primae
1075 1780 1120 1844 vel
1142 1784 1262 1853 tertiac;
1296 1800 1366 1845 narn
1388 1800 1435 1843 ae·

145 1885 257 1947 eundae
287 1904 445 1964 numquam
475 1888 621 1946 invenies:
650 1885 778 1965 primae,
808 1892 840 1946 ut
868 1903 955 1947 curso
984 1902 1099 1955 cursas,
1122 1886 1242 1954 tertiae,
1265 1891 1300 1946 ut
1320 1882 1435 1947 lacesso

142 1987 270 2048 lacessis.

229 2090 456 2167 Coniugationes
479 2089 635 2150 sorborum
658 2096 726 2150 sunt
747 2098 823 2159 tren,
846 2091 941 2169 prima
964 2089 1093 2151 secunda
1115 2089 1216 2151 tertia:
1238 2089 1336 2169 prima
1358 2106 1436 2170 quae

106 2202 160 2253 ²⁰a
183 2190 271 2251 lrabet
298 2190 426 2253 secunda
454 2210 594 2270 persona,
624 2190 751 2253 secunda
779 2210 855 2271 quae
883 2210 915 2259 e,
945 2193 1029 2252 tertia
1052 2209 1127 2270 quae
1148 2192 1168 2252 i.
1211 2188 1264 2251 ubl
1283 2190 1436 2252 invenitur

144 2294 329 2372 coniugatio?
352 2293 508 2355 indicativo
531 2294 619 2353 modo
641 2295 672 2354 in
696 2311 820 2354 numero
842 2291 985 2371 singulari
1007 2292 1134 2355 secunda
1157 2310 1285 2373 persona
1300 2291 1347 2354 rel
1365 2300 1435 2355 ante

144 2395 272 2456 litteram
296 2395 340 2455 vel
363 2403 431 2456 ante
454 2394 610 2475 syllabam:
635 2396 664 2455 in
687 2395 787 2454 activis
810 2393 856 2455 rel
879 2393 1062 2456 neutralibus
1084 2394 1181 2456 verbis
1201 2400 1270 2457 ante
1292 2393 1434 2465 litteram,

142 2501 173 2560 in
201 2497 246 2559 bis
274 2516 349 2578 quae
377 2517 392 2558 r
420 2497 516 2560 littera
546 2498 741 2558 terminantur
770 2503 838 2557 ante
859 2494 1011 2575 syllabam.
1056 2504 1117 2558 tres
1139 2514 1211 2576 erqo
1231 2495 1350 2558 litterae
1373 2505 1436 2559 tres

143 2601 364 2677 coniugatioues
392 2599 517 2670 iaciunt,
546 2618 562 2660 a
586 2619 602 2659 e
624 2601 648 2668 i,
679 2610 708 2658 et
729 2598 806 2659 idem
830 2605 875 2659 εει
896 2599 971 2659 ordo
992 2599 1241 2678 coniugationum,
1262 2599 1316 2679 qui
1337 2606 1386 2661 cet
1406 2606 1436 2660 et

105 2713 129 2752 ιι
143 2704 273 2780 ipsarum
306 2700 486 2763 litterarum:
524 2720 554 2772 a,
589 2703 726 2779 quoniam
760 2702 889 2779 primum
918 2699 1014 2761 locum
1043 2698 1145 2772 behet,
1173 2701 1237 2781 ipsa
1263 2708 1310 2763 eet
1336 2702 1434 2781 prima

143 2805 326 2882 coniugatio:
357 2824 372 2862 ιι
400 2803 523 2871 deinde,
558 2822 632 2882 qnae
660 2811 704 2863 εει
731 2802 860 2864 secunda
888 2804 919 2863 iu
946 2801 1051 2864 ordine
1079 2800 1239 2872 vocalium,
1271 2802 1433 2865 secundem

143 2908 378 2985 coniugationem
408 2906 493 2974 lacit;
522 2907 546 2974 i,
576 2923 649 2983 quae
679 2907 766 2965 tertio
794 2907 926 2984 sequitur
954 2902 1033 2974 loco,
1062 2905 1150 2965 tertia
1177 2904 1348 2982 coniugado
1378 2912 1432 2965 eat.

142 3008 193 3067 sed
216 3011 311 3088 prima
343 3016 371 3069 ct
397 3006 525 3067 secunda
548 3009 713 3085 coniugatio
743 3024 861 3085 semper
883 3004 1044 3085 productae
1066 3015 1149 3076 sunt,
1173 3007 1259 3066 tertia
1281 2986 1432 3067 interdum

143 3110 330 3188 producitur,
355 3111 502 3170 interdum
526 3110 698 3189 corripitur,
721 3127 780 3167 non
804 3110 834 3168 in
857 3107 950 3168 isdem
975 3108 1086 3179 serbis,
1108 3107 1160 3169 sed
1183 3109 1214 3167 in
1237 3105 1311 3168 aliis.
1356 3109 1432 3169 inter

105 3222 130 3263 ³0
144 3212 316 3290 productam
351 3221 380 3272 et
414 3220 579 3290 correptam
613 3211 669 3270 hoc
701 3212 840 3280 interest,
874 3208 953 3289 quod
986 3217 1123 3289 correpta
1156 3210 1288 3270 [uturum
1316 3218 1432 3290 lempna

142 3332 260 3393 semper
291 3315 321 3372 in
357 3333 402 3374 am
439 3316 540 3383 mittit,
570 3322 601 3373 nt
629 3312 723 3373 dicam
753 3309 896 3381 scribarum
925 3311 1066 3390 producta
1090 3330 1158 3371 sero
1181 3309 1227 3391 [in
1250 3309 1430 3373 neutralibus

144 3415 254 3496 verbis]
284 3425 313 3475 et
339 3417 370 3475 in
393 3434 440 3475 arn
463 3417 567 3484 mittit,
591 3425 623 3475 ut
645 3415 761 3475 audiam
783 3416 927 3486 nutriam,
950 3416 1032 3474 etin
1055 3412 1101 3483 bo,
1126 3419 1158 3472 nt
1180 3415 1330 3476 ‘matris
1351 3432 1430 3474 ser·

144 3517 227 3578 ribo
250 3517 480 3577 commodis':
510 3517 667 3577 Terentius
688 3517 719 3577 in
741 3516 865 3596 Hecyra.
903 3518 994 3577 etita
1016 3522 1048 3576 ut
1068 3513 1169 3576 scribo
1190 3515 1278 3576 scies.
1314 3516 1431 3597 quando

143 3628 239 3680 autem
263 3620 455 3697 corripiatur,
480 3618 597 3698 quando
619 3617 799 3696 producatur
822 3621 907 3679 tertia
929 3604 1113 3694 coniugatio,
1143 3615 1211 3676 irinc
1239 3614 1380 3696 colliges:
1409 3618 1434 3677 si

104 3732 129 3769 n
142 3724 172 3781 in
196 3723 367 3800 imperativo
390 3720 477 3780 modo
494 3739 509 3780 ε
526 3718 670 3791 babuerit,
694 3721 862 3798 corripitur,
887 3728 918 3781 nt
939 3718 1052 3787 scribe;
1075 3719 1100 3779 si
1121 3721 1130 3778 i
1153 3716 1305 3790 babuerit,
1321 3718 1436 3797 produ·

143 3824 232 3891 citur,
262 3831 293 3882 nt
315 3822 392 3884 audi.
438 3833 482 3883 εει
509 3823 597 3883 etiam
625 3820 680 3882 alia
703 3820 804 3901 regula
828 3819 1043 3902 paencultirnae
1071 3818 1200 3899 syllabae
1221 3820 1330 3881 inilulti
1353 3819 1441 3883 modi

144 3925 284 4002 temporis
312 3927 484 4004 praesentis.
528 3942 596 3985 nam
624 3925 649 3984 si
678 3920 823 4005 corlrepta
852 3924 941 3984 inerit
962 3920 1159 4003 paeneultima
1181 3919 1308 4000 syllaba,
1330 3940 1441 3984 corre·

143 4035 191 4104 pta
214 4028 379 4103 coniugatio
403 4036 461 4095 est,
486 4036 518 4089 ut
539 4027 653 4105 legere;
682 4028 707 4087 si
730 4026 924 4107 producatur,
955 4024 1097 4105 producta
1119 4023 1289 4100 coniugatio
1311 4031 1375 4102 eet,
1402 4028 1444 4085 ut

144 4130 265 4190 rrrrtrire.
309 4131 404 4207 prima
434 4138 464 4188 ct
492 4128 620 4189 secunda
649 4129 815 4207 coniugatio
837 4128 867 4187 in
890 4126 928 4187 bo
951 4128 1070 4188 mittunt
1091 4125 1221 4187 futurum
1244 4132 1380 4206 tempus,
1402 4128 1442 4187 ul

225 4299 254 4348 ii
272 4313 408 4361 numquam
428 4298 544 4349 inuenies
558 4299 583 4347 F
597 4313 646 4348 non
666 4300 766 4349 inuenio
785 4298 809 4347 L
825 4312 900 4363 qnam
916 4297 1016 4346 inuouia
1034 4297 1056 4347 S
1140 4294 1175 4345 ²8
1192 4295 1316 4360 producta
1331 4310 1394 4347 nero
1408 4300 1436 4342 et

143 4372 166 4417 in
187 4385 226 4417 nm
247 4370 270 4416 F
287 4370 407 4433 producto
427 4381 487 4414 uero
505 4369 528 4415 in
548 4370 703 4418 neutralibus
726 4370 811 4419 uerbis
829 4369 854 4416 in
873 4381 912 4417 am
935 4366 1098 4432 Lproducte
1123 4367 1147 4415 in
1173 4364 1331 4415 neutralibur
1347 4364 1433 4417 uerbi·

144 4452 166 4487 er
185 4442 209 4487 in
229 4454 268 4488 am
288 4441 309 4487 S
364 4438 397 4487 32
413 4438 486 4485 matri
505 4439 606 4486 seruibo
624 4439 756 4487 conmodis
775 4439 909 4488 terrentius
923 4438 965 4486 ine
983 4436 1077 4500 hecyra
1095 4443 1119 4486 et
1136 4436 1171 4484 ite
1190 4443 1217 4484 ut
1235 4435 1309 4488 scibo
1324 4428 1429 4487 eeteeb

144 4509 230 4558 nastris
254 4509 348 4574 (petris
363 4508 395 4569 F)
422 4506 523 4555 seruibo
541 4509 681 4559 commodis
704 4517 727 4558 ει
747 4511 781 4558 ite
792 4517 819 4558 ut
836 4507 920 4558 scribo
933 4507 1000 4557 scier
1017 4506 1076 4559 FS:
1099 4506 1202 4557 Terent.
1217 4504 1282 4559 fiee.
1300 4506 1331 4557 lli
1350 4506 1376 4567 5,
1395 4500 1427 4554 ⁴5

213 4576 246 4629 34
265 4578 370 4644 colliges
389 4577 433 4627 FS
450 4575 555 4643 collegia
573 4576 597 4624 L
