3314 5506
235 385 319 464 aos‘
818 399 929 461 raom

283 532 304 570 p.
317 517 363 559 ιιι.
374 518 399 558 aa
415 518 440 557 ιι.
1311 531 1333 571 p.
1347 519 1393 561 svo.
1403 519 1426 561 ιι
1438 518 1464 563 v.

231 589 386 668 singularis
413 595 480 648 ante
504 587 635 649 ultimam
657 598 865 650 consonantem
897 607 951 666 pcr
979 588 1051 649 duas
1076 607 1095 649 u
1117 587 1228 649 litteras
1260 588 1418 651 scribatur.
1460 590 1509 652 bac

231 692 268 752 de
289 708 385 759 causa,
409 692 547 770 quoniam
569 708 771 769 quaecumque
791 693 910 751 nomina
931 692 1064 769 genetivo
1084 709 1153 751 casu
1176 691 1291 751 numeri
1309 690 1467 771 singularis
1484 693 1510 753 ui

231 792 335 853 litteris
362 792 496 853 discretis
524 791 717 866 deliniuntur,
748 792 821 853 baec
848 794 1026 853 nominativo
1057 800 1087 854 et
1111 794 1276 853 accusativo
1305 811 1377 855 casu
1402 796 1511 856 numeri

229 894 386 975 singularis
409 902 475 954 ante
497 891 628 954 ultimam
647 901 857 955 consonantem
879 913 933 974 per
955 894 1028 955 duas
1049 914 1067 955 ιι
1089 893 1200 956 litteras
1220 893 1405 957 scribuntur.
1448 897 1511 959 item

178 1004 260 1061 ·sct
280 995 335 1058 alia
356 995 508 1075 probatio,
532 1012 588 1072 qua
611 994 756 1056 docentur
778 995 850 1056 hacc
871 997 990 1056 nomina
1013 997 1131 1073 generis
1152 995 1321 1066 masculini,
1348 1015 1425 1077 quae
1445 996 1512 1059 din·

230 1117 296 1161 mus
312 1097 437 1159 ablativo
460 1114 529 1157 casu
551 1099 667 1157 numeri
685 1097 844 1174 singularis
865 1118 882 1157 o
903 1098 997 1159 littera
1022 1099 1173 1159 terminari
1193 1105 1223 1159 et
1243 1099 1426 1159 nominativo
1448 1118 1513 1161 casu

230 1202 346 1263 numeri
367 1198 522 1276 singularis
543 1216 579 1257 us
598 1197 707 1277 syllaba
735 1206 802 1276 post
830 1217 847 1258 u
871 1198 996 1261 litteram
1024 1200 1154 1268 definiri,
1184 1200 1263 1279 quod
1287 1202 1469 1262 nominativo
1489 1208 1513 1264 et

230 1303 396 1363 accusativo
420 1318 490 1361 casu
519 1302 635 1361 numeri
658 1299 813 1375 singularis
841 1307 909 1362 anto
931 1300 1062 1362 ultimam
1089 1311 1300 1364 consonantem
1328 1319 1383 1379 per
1405 1302 1513 1364 doaso

231 1402 341 1463 litteras
363 1401 491 1463 debcant
511 1402 609 1463 scribi.
655 1402 710 1461 lrac
733 1403 769 1463 de
793 1421 898 1470 rausa,
928 1405 1063 1482 (moniam
1091 1421 1296 1485 quaecumque
1325 1406 1446 1465 nomina
1468 1424 1513 1486 ge·

195 1506 312 1569 toneris
337 1503 490 1565 masculini
518 1504 643 1565 ablativo
667 1523 737 1565 casu
764 1506 880 1566 narmeri
908 1505 1063 1583 singularis
1088 1525 1106 1565 o
1133 1503 1230 1567 littera
1262 1508 1463 1569 terminantur
1486 1515 1514 1569 et

231 1606 409 1668 nominativo
431 1625 501 1667 casu
524 1608 641 1667 nunteri
659 1604 816 1685 singularis
837 1624 872 1665 us
893 1606 1001 1688 syllaba
1023 1607 1209 1678 definiuntur,
1231 1608 1315 1678 haec,
1336 1610 1362 1669 si
1384 1608 1513 1670 anomala

231 1726 296 1770 esse
318 1727 376 1769 non
397 1710 599 1788 reperiuntur,
630 1716 751 1786 excepto
775 1710 909 1786 genetivo
931 1707 1000 1769 rasu
1030 1711 1144 1769 numeri
1170 1708 1292 1788 pluralis
1318 1728 1376 1789 per
1404 1718 1514 1772 ceteros

231 1830 316 1873 casus
338 1812 402 1890 pari
423 1829 548 1871 numero
568 1809 745 1890 syllabarum
767 1818 885 1888 oportet
906 1810 1004 1870 scribi.
1049 1829 1128 1871 nunc
1150 1813 1178 1871 in
1200 1811 1256 1872 bac
1277 1811 1376 1873 forma
1399 1815 1515 1891 generis

231 1912 402 1984 masculini,
432 1932 488 1992 qua
511 1913 637 1973 diximus
662 1911 787 1972 ablativo
812 1931 882 1973 casu
910 1913 1024 1973 numeri
1053 1911 1209 1991 singularis
1235 1912 1356 1973 nomina
1384 1913 1514 1975 olittera

195 2038 218 2078 ιι
231 2016 383 2078 terminari
405 2016 632 2075 etnominativo
655 2032 724 2075 casu
751 2016 866 2075 numeri
887 2013 1043 2092 singularis
1065 2033 1100 2074 us
1122 2013 1232 2095 syllaba
1259 2021 1327 2094 post
1349 2035 1370 2076 ιι
1393 2014 1515 2077 litteram

230 2118 361 2186 deliniri,
389 2117 446 2178 boc
466 2134 633 2183 monemus,
656 2116 734 2196 ιμιοιι
758 2135 793 2176 ex
815 2135 846 2176 ca
867 2134 924 2175 non
948 2135 983 2176 co
1004 2115 1122 2195 plurimi
1145 2117 1224 2186 soni,
1253 2114 1310 2176 hoc
1331 2123 1376 2177 est
1398 2134 1459 2177 nou
1481 2136 1514 2177 eo

230 2219 354 2299 plurima
379 2220 511 2286 nomina,
537 2221 648 2297 possint
669 2216 811 2291 exbiberi,
827 2214 841 2300 l}
856 2218 892 2279 de
911 2213 1003 2278 forma
1028 2220 1145 2296 generis
1165 2217 1332 2286 masculini,
1358 2237 1418 2298 qua
1439 2217 1515 2280 abla-

230 2324 288 2383 tivo
314 2340 383 2382 casu
417 2322 535 2380 numeri
561 2319 718 2397 singularis
748 2321 866 2381 nomina
888 2340 906 2379 o
932 2319 1028 2380 littera
1061 2321 1255 2380 terminantur
1284 2326 1313 2380 et
1340 2322 1516 2382 nominatim

231 2442 301 2484 casu
328 2423 443 2484 numeri
471 2420 627 2500 singularis
654 2441 689 2482 us
716 2421 824 2503 syllaba
844 2420 850 2505 Ι
869 2429 936 2501 post
960 2442 978 2483 u
1004 2420 1129 2483 litteram
1157 2422 1350 2492 definiuntur,
1377 2431 1516 2504 quantum

192 2545 218 2586 ao
230 2527 305 2586 ratio
323 2523 473 2604 poscebat,
497 2525 693 2585 tractavimus.

316 2626 358 2687 lle
377 2645 461 2705 quus.
494 2644 698 2705 quaecumque
717 2627 835 2686 nomina
858 2628 976 2703 generis
997 2625 1149 2686 masculini
1172 2625 1297 2686 ablativo
1313 2644 1384 2687 casu
1403 2626 1516 2688 numeri

230 2728 387 2807 singularis
405 2749 423 2788 o
446 2727 542 2788 littera
566 2729 762 2789 terminantur
785 2735 815 2789 ct
835 2729 1012 2788 nominativo
1034 2747 1103 2788 casu
1128 2729 1243 2788 numeri
1264 2726 1424 2804 singularis
1444 2746 1515 2806 quus

230 2830 339 2912 syllaba
359 2831 547 2900 definiuntur,
571 2837 688 2908 utputa
709 2829 745 2889 ab
761 2830 816 2890 boc
833 2848 909 2909 eayuo
932 2830 978 2890 bic
1001 2848 1104 2909 equus,
1127 2830 1201 2891 baec
1220 2830 1256 2890 ad
1278 2829 1337 2889 hoc
1351 2829 1514 2910 exemplu·

230 2930 428 2995 declinantur:
449 2934 565 2994 numeri
582 2931 738 3009 singularis
758 2932 806 2992 bic
822 2950 915 3012 equits
936 2933 1024 2993 buius
1039 2932 1107 3011 equi
1128 2931 1197 2992 buic
1215 2950 1291 3012 equo
1314 2924 1396 2992 buno
1410 2950 1513 3013 ιιφιιιιιι

192 3054 248 3096 uo
272 3055 347 3115 eque
369 3034 406 3095 ab
428 3034 485 3094 hoc
505 3053 595 3114 cayno,
630 3037 745 3094 numeri
767 3032 888 3113 pluralis
920 3034 948 3093 bi
973 3036 1040 3114 eqavi
1072 3034 1179 3094 borum
1201 3052 1345 3111 equorum
1368 3033 1415 3094 bis
1437 3033 1512 3113 cquis

231 3138 285 3199 bos
315 3156 408 3217 equos
442 3137 549 3216 oequi
584 3136 620 3197 ab
648 3135 694 3197 his
719 3139 811 3216 oqrris.
855 3138 897 3196 sic
925 3144 953 3195 et
981 3136 1035 3196 alia
1061 3132 1177 3215 generis
1204 3133 1360 3196 masculini
1389 3138 1511 3197 nomina

143 3306 148 3319 ,
230 3259 306 3320 quae
325 3238 450 3300 ablativo
472 3257 542 3299 casu
573 3240 688 3299 ratimari
714 3236 872 3316 singularis
893 3258 911 3298 o
936 3238 1031 3299 littora
1061 3239 1256 3298 terminantur
1283 3244 1313 3298 et
1340 3240 1510 3300 nominativa

230 3362 302 3406 casu
328 3343 443 3403 numeri
470 3340 625 3419 singularis
650 3360 726 3420 ‹yuars
753 3340 863 3421 syllaba
891 3340 1085 3408 ιιιιιιιιιιιιιιιιι,
1115 3341 1150 3401 ad
1181 3337 1349 3418 exemplum
1373 3341 1444 3419 equi
1467 3357 1508 3419 pet

231 3465 333 3506 omnes
355 3464 440 3505 casus
463 3442 657 3504 declinantur.
695 3462 774 3504 ιιιιιιο
793 3446 821 3502 in
843 3442 897 3503 bac
919 3462 1008 3521 supra
1030 3445 1137 3521 scripta
1159 3445 1252 3503 torma
1274 3441 1334 3502 boe
1355 3461 1507 3504 monemus

192 3549 309 3628 eoquod
336 3548 395 3608 sint
415 3545 511 3627 aliqua
535 3548 667 3615 nomina,
697 3563 772 3624 aynae
798 3545 944 3606 interdum
973 3552 1094 3623 propter
1117 3551 1210 3605 metra
1233 3543 1275 3604 vel
1299 3534 1465 3606 stmctuias
1483 3562 1506 3605 ez

141 3635 142 3638 ¹
228 3647 353 3710 ablativo
383 3665 453 3708 casu
480 3650 595 3709 numeri
619 3644 774 3725 singularis
800 3666 818 3705 o
845 3647 978 3707 nltinmm
1008 3655 1037 3707 et
1061 3649 1090 3706 in
1120 3666 1168 3708 ιιιιι
1197 3646 1310 3709 litteras
1338 3652 1504 3709 convertant

230 3760 262 3811 ut
284 3751 450 3827 genetivum
477 3768 576 3809 casum
594 3750 710 3809 numeri
732 3749 854 3827 pluralis
876 3749 1011 3816 efficiant,
1036 3757 1068 3809 ut
1090 3757 1160 3827 puta
1182 3749 1218 3810 ab
1239 3749 1298 3810 boc
1313 3767 1392 3828 equo
1413 3748 1502 3809 bomo

232 3870 353 3932 equum.
399 3851 450 3911 sed
472 3849 546 3909 haec
565 3868 640 3928 quac
663 3851 722 3909 sint
744 3852 862 3910 nomina
885 3857 913 3911 et
935 3869 991 3929 qua
1014 3852 1050 3913 de
1070 3871 1156 3912 causa
1178 3870 1212 3912 ex
1235 3869 1326 3930 supra
1349 3851 1429 3913 dicto
1451 3869 1500 3933 cos

231 3953 377 4015 interdum
400 3959 522 4030 propter
544 3957 637 4010 metra
661 3950 705 4011 vel
729 3959 891 4012 structuras
907 3971 923 4011 o
939 3950 1074 4014 ultimum
1093 3963 1121 4014 et
1140 3957 1169 4014 in
1192 3972 1241 4013 um
1263 3950 1376 4015 litteras
1399 3970 1499 4014 conver

192 4062 308 4125 satam,
341 4062 374 4114 nt
401 4053 567 4131 genetivum
599 4071 699 4112 casum
732 4056 846 4114 orsmari
875 4052 997 4132 pluralis
1025 4056 1167 4124 alliciant,
1200 4055 1256 4115 boc
1287 4056 1316 4114 in
1342 4056 1446 4116 metris
1474 4073 1497 4113 ιι

230 4158 387 4219 structuris
409 4162 600 4238 conpetenter
623 4154 821 4215 tractabimus.
854 4157 922 4216 item
945 4158 972 4216 in
996 4157 1052 4218 lrac
1069 4175 1159 4236 supra
1178 4157 1287 4235 scripta
1310 4157 1407 4218 lorma
1430 4173 1495 4237 quar

230 4260 313 4328 ritur,
337 4276 394 4338 qua
417 4257 454 4318 dc
473 4275 560 4317 causa
581 4274 673 4337 equus
695 4274 749 4335 per
771 4276 790 4336 ry
812 4264 841 4317 et
860 4276 920 4317 non
944 4277 998 4335 per
1021 4278 1037 4318 c
1056 4258 1182 4320 litteram
1206 4257 1365 4320 scribatur.
1409 4256 1494 4331 baed

230 4379 326 4431 rausa,
350 4360 486 4438 quoniam
508 4377 712 4439 quaecumque
733 4362 849 4420 nourina
874 4361 902 4419 in
926 4359 1058 4438 quolibet
1080 4380 1149 4421 casu
1174 4379 1228 4439 per
1250 4380 1269 4440 q
1298 4360 1427 4422 litteram
1447 4376 1492 4422 scr

301 4599 313 4649 l
335 4594 404 4662 aute]
424 4606 483 4665 post
500 4597 557 4651 lio.
624 4602 641 4646 4
660 4607 718 4648 aute
735 4617 749 4650 o
769 4606 827 4662 post
846 4599 894 4648 RB
981 4602 996 4649 7
1022 4610 1046 4650 ct
1065 4601 1209 4649 accusativo
1227 4616 1273 4652 om.
1296 4600 1327 4660 ll,
1346 4600 1407 4650 odd.
1427 4598 1448 4648 B

230 4671 322 4720 dante
340 4685 354 4719 a
372 4680 430 4734 post
447 4669 494 4718 RB
546 4668 576 4717 ll
595 4654 776 4718 haeesia'sa
794 4667 898 4719 boecii
951 4672 981 4721 21
1003 4671 1035 4720 de
1054 4672 1155 4735 quasit
1175 4671 1206 4719 de
1226 4672 1315 4732 qvasB
1368 4670 1480 4734 ²2quoa

229 4739 317 4804 qusB
387 4738 629 4801 tahieequslta
699 4738 793 4789 athre
815 4754 877 4801 eqavs
896 4740 945 4789 RB
1006 4740 1073 4791 hunc
1092 4756 1166 4803 cqum
1187 4740 1234 4789 RB
1303 4740 1337 4791 ‘28
1356 4755 1404 4802 qus
1421 4738 1467 4789 RB

228 4810 263 4863 36
281 4809 478 4859 tractabimuar
504 4809 668 4860 tractauimus
688 4808 736 4859 RB
822 4808 854 4860 37
883 4811 985 4872 equali
1073 4810 1106 4862 38
1131 4812 1157 4860 in
1175 4810 1288 4874 quolibet
1307 4825 1368 4859 casu
1386 4811 1414 4859 in
1432 4808 1489 4859 ultin

230 4880 330 4948 syllaba
347 4878 407 4929 Br:
424 4881 449 4929 in
463 4878 558 4948 ⁸ultima
576 4877 677 4943 syllaba
693 4894 739 4928 om.
757 4877 781 4929 ll
