3314 5506
165 400 173 416 .
227 345 268 408 32
814 344 927 408 ΡιιΟιιι

293 489 300 502 .
314 461 371 506 tarr.
382 461 408 503 vs
422 461 448 504 r.
1320 488 1327 502 .
1341 459 1423 503 ιιιιι
1434 460 1459 502 ι.

277 474 290 516 Ρ
310 534 413 603 Omnia
435 534 554 593 uomina
576 530 773 611 monosyllaba
797 532 900 593 tertiae
924 538 993 593 suut
1015 531 1231 594 declinationis:
1258 472 1326 593 nam
1355 534 1380 592 ia
1402 531 1512 594 iaciunt

225 636 358 715 genetivo
380 636 509 712 exceptis
531 635 676 714 quinque,
703 633 799 695 tribus
824 612 1092 703 indeclinabilibus,
1121 635 1163 711 git
1189 635 1215 693 ir
1236 651 1305 712 pus,
1334 642 1365 694 et
1394 633 1512 695 duobus

225 737 428 798 declinationis
454 738 571 816 quintae
600 737 627 797 ei
655 737 795 814 separatis
823 738 955 814 genetivo
982 736 1160 804 terminatis,
1190 752 1239 796 res
1260 737 1319 804 rei,
1347 753 1416 814 spes
1437 739 1513 816 spei,

226 858 242 899 e
270 845 371 900 contra
404 839 546 900 rationem
581 839 701 918 quintae
729 836 931 904 declinationis
960 839 991 897 iu
1022 839 1158 914 genetivo
1189 844 1339 914 correpta,
1373 839 1511 917 quoniam

199 940 420 1004 enomiuativus
439 948 507 1001 aute
529 958 561 1001 es
582 947 792 1001 consonantem
811 939 900 1001 hahet
921 939 1060 1008 iunctam,
1084 946 1117 1000 ut
1137 939 1210 1000 fides
1231 939 1307 1000 lidei.

308 1042 387 1122 Ergo
407 1041 536 1103 breviter
552 1043 711 1104 doceamus
732 1041 942 1110 enumerando,
966 1049 1039 1120 quot
1061 1041 1155 1102 modis
1174 1039 1280 1119 singuli
1295 1059 1381 1103 cesus
1402 1042 1511 1102 utrius·

224 1165 282 1226 que
300 1146 417 1207 numeri
438 1144 641 1206 terminentur.
684 1145 877 1204 nominativus
896 1142 1051 1220 singularis
1073 1144 1102 1203 lit
1124 1143 1219 1204 modis
1240 1142 1468 1222 quindecima,
1494 1163 1512 1204 e

224 1258 362 1328 utraque,
391 1248 416 1316 i,
439 1266 457 1307 o
480 1254 619 1326 unaque,
647 1264 668 1306 ιι
689 1244 698 1305 l
718 1264 747 1306 m
773 1264 791 1306 u
815 1264 830 1305 r
850 1264 865 1306 s
886 1266 904 1306 ιι
927 1265 943 1305 c
967 1254 991 1310 t.
1020 1253 1105 1323 poeta
1130 1245 1239 1306 mouile
1268 1247 1375 1305 Dnnnc
1399 1247 1513 1321 gummi

224 1349 317 1411 Varro
338 1348 412 1410 Dido
436 1365 514 1426 genu
543 1346 601 1408 mel
628 1348 738 1409 bouum
766 1365 885 1410 carmen
905 1344 910 1432 ι
929 1355 1029 1408 orator
1058 1347 1197 1409 sacerdos
1224 1365 1313 1408 verax
1340 1346 1386 1408 lac
1413 1355 1511 1424 caput.

188 1475 213 1516 vo
225 1453 375 1530 genetivus
400 1450 557 1528 singularis
586 1451 618 1510 stt
645 1450 738 1510 modis
760 1458 914 1528 quattuor,
949 1469 983 1510 ae
1006 1450 1014 1510 i
1037 1451 1061 1511 is
1085 1469 1120 1519 ιι,
1152 1450 1244 1511 huius'
1262 1451 1396 1511 fortunae
1423 1450 1510 1510 Ιιιιιιιι

224 1554 407 1631 grammatici
433 1551 520 1614 liuius
542 1553 668 1613 oratoris
695 1551 782 1613 huius
807 1568 896 1629 genu.
941 1553 1054 1628 dativus
1074 1551 1231 1630 singularis
1257 1551 1290 1612 sn
1311 1553 1406 1614 modis
1426 1563 1509 1632 quet·

223 1665 301 1726 tuor,
324 1673 359 1718 ae
375 1656 385 1716 i
404 1674 422 1715 o
440 1675 469 1725 u,
490 1654 559 1718 huic
578 1655 693 1716 Aeneae
713 1655 782 1716 huic
802 1654 948 1715 sacerdoti
970 1654 1038 1715 huic
1061 1655 1148 1715 docto
1166 1654 1236 1715 ltuic
1257 1670 1345 1730 genu.
1388 1672 1509 1716 accusa·

141 1749 147 1760 '
223 1760 300 1818 tivns
319 1757 476 1834 singularis
494 1757 526 1817 dt
549 1756 644 1818 modis
666 1764 813 1837 quattuor,
838 1774 937 1817 mnu
957 1777 981 1824 s,
1005 1757 1084 1818 hunc
1104 1756 1286 1817 sacerdotem
1310 1756 1367 1818 hoc
1389 1775 1509 1819 carmen

223 1861 281 1922 hoc
301 1878 395 1922 corun
416 1857 475 1922 boc
494 1867 606 1938 pectus.
651 1860 798 1920 vocativus
819 1857 976 1936 singularis
998 1867 1040 1920 tot
1062 1859 1157 1919 modis
1178 1859 1218 1926 tit,
1240 1866 1312 1937 quot
1327 1865 1356 1919 et
1376 1861 1509 1921 nomina-

186 1985 209 2026 ιι
223 1963 306 2024 tirus.
350 1961 493 2023 ablativus
514 1961 671 2040 singularis
691 1962 723 2021 lit
741 1961 836 2027 modis
858 1979 972 2027 uorem,
995 1979 1021 2030 a,
1043 1981 1061 2022 e
1081 1969 1216 2044 utraque,
1238 1962 1247 2020 i
1269 1979 1369 2022 oum
1391 1979 1405 2020 s
1427 1968 1447 2029 t,
1472 1955 1509 2022 ιιιΙ

223 2065 280 2126 hoc
299 2072 384 2144 poeta
409 2064 447 2125 ab
470 2064 529 2125 hoc
549 2064 702 2150 sacerdote
728 2062 765 2124 ab
789 2062 843 2123 hac
865 2063 962 2141 specie
990 2062 1027 2123 ab
1046 2062 1104 2146 hoc
1125 2063 1205 2123 suavi
1227 2062 1264 2124 ab
1286 2063 1342 2123 lton
1361 2063 1450 2124 docto
1471 2062 1507 2125 ab

222 2167 279 2228 hoc
300 2184 379 2245 genu
398 2165 436 2228 ab
459 2166 516 2228 hoc
537 2184 664 2245 nequam
685 2164 722 2225 ab
744 2164 801 2225 hoc
823 2183 915 2244 nugas
935 2167 973 2225 oo
995 2167 1050 2226 icoc
1069 2169 1121 2240 git.
1138 2162 1151 2248 Ιι
1172 2166 1367 2227 nominativus
1389 2165 1510 2244 pluralis

222 2271 254 2331 tn
275 2270 369 2334 modis
390 2270 530 2348 quinque,
551 2286 565 2328 a
590 2287 624 2329 ae
647 2269 657 2328 i
677 2286 705 2327 ιιι
728 2285 751 2335 s,
774 2267 847 2329 baec
869 2285 961 2344 regna
983 2267 1037 2328 liae
1059 2267 1158 2329 illusae
1179 2268 1209 2327 hi
1231 2268 1309 2328 (loeti
1331 2267 1362 2328 ιιι
1381 2286 1508 2347 nequam

221 2372 251 2432 hi
267 2372 443 2432 secerdotes.
489 2371 641 2448 genetivus
659 2368 781 2448 pluralis
801 2370 833 2428 sit
852 2370 946 2430 modis
967 2369 1075 2439 tribus,
1096 2388 1158 2430 ms
1180 2372 1202 2438 i,
1227 2369 1334 2431 horum
1356 2378 1507 2432 oratorum

183 2495 209 2537 ao
223 2474 329 2535 horum
352 2482 444 2551 ungas
466 2466 680 2533 horumniliili.
712 2473 824 2532 (latirus
846 2480 876 2532 et
896 2471 1039 2532 ablativus
1060 2471 1180 2550 pluralis
1201 2473 1276 2532 ιιιιιιῑ
1293 2472 1386 2533 modis
1403 2471 1506 2540 trihus,

222 2577 230 2637 i
253 2594 281 2637 m
303 2596 332 2643 s,
355 2576 401 2637 liis
422 2583 451 2635 et
471 2574 507 2635 ιιι
530 2574 577 2634 uis
598 2573 679 2660 uilrili
701 2592 827 2654 nequam
850 2592 952 2653 nugae.
997 2577 1179 2635 accusativus
1208 2572 1327 2652 pluralis
1354 2575 1388 2636 ut
1414 2575 1507 2635 modis

214 2685 368 2757 quattuor,
389 2697 405 2738 a
428 2694 443 2736 s
465 2695 493 2736 m
516 2678 536 2744 i,
559 2676 631 2737 haec
652 2683 768 2755 sceptra
792 2676 846 2737 hos
866 2694 957 2754 nugas
980 2675 1034 2737 lios
1056 2694 1182 2755 nequam
1204 2676 1258 2736 hos
1281 2675 1376 2736 nihili.
1421 2695 1506 2737 voca·

221 2781 297 2841 tirus
318 2779 440 2857 pluralis
461 2780 493 2838 nt
515 2779 609 2839 modis
631 2786 703 2857 quot
723 2780 919 2840 nominativus
942 2779 1073 2840 eiusdem
1096 2780 1235 2847 numeri,¹
1248 2779 1277 2839 id
1300 2786 1345 2841 est
1366 2779 1505 2858 quinque.

221 2899 294 2943 aae
317 2884 325 2942 i
349 2900 419 2949 ms,
440 2900 458 2941 o
481 2890 597 2959 sceptra
621 2899 639 2940 o
659 2880 793 2942 fortunae
817 2901 835 2940 o
859 2880 941 2940 nihili
963 2900 980 2939 o
1004 2899 1130 2959 nequam
1154 2901 1171 2940 o
1195 2898 1295 2958 nugas.
1330 2880 1387 2941 hoc
1409 2890 1507 2942 tamen

183 2992 365 3051 enatemus,
385 2983 463 3062 quod
486 2985 514 3043 iu
536 2982 641 3062 quibus
661 2982 777 3045 casibus
797 2982 951 3043 cuiuslibet
969 2985 1086 3043 uumori
1108 2983 1233 3063 aliquem
1255 2985 1506 3061 praetermisimus

221 3086 350 3153 modum,
375 3087 412 3147 de
434 3086 479 3147 his
503 3094 546 3146 est
566 3087 752 3166 monoptotis,
777 3078 902 3165 nequam
925 3085 1006 3146 uilrili
1028 3083 1130 3163 ungas.

712 3269 747 3311 DE
769 3268 872 3310 Fttuttts
888 3268 1014 3309 CASVVM.
1121 3294 1128 3303 ,

303 3395 427 3456 Formae
447 3412 567 3455 casuum
589 3400 656 3453 sunt
677 3411 739 3454 sex.
774 3395 867 3472 prima
888 3394 982 3453 torma
1005 3394 1106 3454 vinaria
1128 3401 1325 3470 nuncupatur,
1349 3412 1425 3471 quae
1443 3391 1504 3455 sola

220 3499 339 3559 nomina
363 3499 438 3575 regit
454 3499 629 3575 inutraque
645 3515 768 3567 numero
787 3514 847 3557 uuo
867 3495 954 3555 ruodo
969 3514 1071 3556 omncs
1085 3513 1169 3556 casus
1184 3497 1354 3565 terminans,
1377 3514 1504 3575 nequam

181 3618 312 3679 nonuges
331 3599 424 3660 nihili.
468 3597 597 3659 secunda
628 3599 721 3658 iorrna
744 3598 856 3659 binaria
882 3599 988 3658 dicitur
1012 3600 1125 3676 etipsa
1148 3596 1209 3658 sola
1237 3600 1354 3657 uoruina
1377 3600 1453 3676 regit
1474 3600 1505 3658 in

219 3719 343 3762 numero
365 3708 476 3761 tautum
495 3701 583 3761 modo
606 3699 745 3777 singulari
768 3701 884 3761 (luobus
906 3701 1022 3761 casibus
1044 3702 1169 3768 variatis,
1190 3700 1246 3760 lroc
1269 3718 1382 3761 cornu:
1411 3701 1505 3761 nurui-

220 3803 333 3862 uaticus
355 3804 536 3863 accusativus
556 3802 703 3861 vocativus
723 3803 939 3880 corripiuntur,
968 3805 1119 3879 genetivus
1140 3802 1252 3863 dativus
1272 3800 1415 3863 ablativus
1436 3820 1505 3881 pro-

211 3903 375 3969 ducuntur,
403 3905 489 3964 tertia
511 3904 639 3963 ternaria
664 3902 785 3972 dicitur;
809 3903 881 3964 haec
904 3906 1020 3964 nomina
1043 3904 1162 3982 quidem
1184 3905 1212 3963 iu
1231 3911 1356 3984 utroque
1379 3923 1504 3967 numero

219 4005 309 4081 regit,
338 4003 528 4065 bochellum
556 4004 643 4063 liuius
666 4003 733 4064 belli
762 4005 830 4064 lruic
852 4004 943 4074 bello,
971 4004 1043 4065 haec
1064 4004 1138 4066 bella
1163 4006 1270 4067 horum
1291 4004 1437 4068 bellorum
1460 4006 1503 4079 luis

180 4125 205 4165 ιι
220 4106 319 4176 bellis,
343 4107 518 4185 pronomina
543 4124 610 4166 vero
633 4107 662 4166 iu
685 4125 808 4167 numero
832 4115 942 4167 tautum
966 4108 1053 4167 modo
1076 4107 1195 4184 plorimi,
1222 4109 1296 4169 haec
1320 4109 1374 4168 ista
1397 4109 1503 4169 horum

218 4211 342 4271 istorum
363 4209 410 4269 his
431 4209 504 4271 istis.
549 4214 671 4288 quarta,
690 4227 778 4289 quam
798 4211 1014 4286 quaternariam
1034 4228 1254 4284 nuncupamus,
1285 4218 1314 4272 et
1335 4213 1453 4272 nomina
1477 4218 1501 4271 ct

217 4313 392 4390 pronomina
416 4313 492 4400 regit
514 4313 542 4372 in
566 4302 692 4390 utroque
714 4329 854 4379 uuuiero;
884 4312 1001 4372 nomina
1023 4313 1079 4380 sic,
1102 4312 1159 4372 hoe
1181 4331 1298 4373 carmen
1323 4313 1411 4373 liuius
1440 4331 1500 4374 cer·

217 4414 305 4475 minis
326 4412 396 4474 huic
418 4415 541 4475 carmini
562 4413 599 4474 ιιι
616 4413 673 4475 lroc
689 4414 826 4483 carmine,
848 4422 876 4474 ot
900 4413 1059 4492 pluraliter,
1082 4414 1111 4474 ni
1127 4415 1205 4476 docti
1228 4415 1334 4478 horum
1349 4416 1499 4478 doctorum

218 4515 263 4578 nis
284 4516 378 4576 doctis
398 4516 452 4577 hos
474 4517 593 4585 doctos;
627 4508 801 4596 pronomina
824 4518 881 4587 sic,
903 4516 973 4578 illud
993 4517 1068 4577 illius
1087 4517 1126 4577 illi
1150 4516 1186 4578 ab
1209 4516 1273 4588 illo,
1297 4517 1452 4597 pluraliter
1473 4518 1499 4579 lii

287 4647 377 4696 dante
397 4660 424 4695 es
442 4645 609 4751 sac‘r‘wffi·
622 4645 656 4697 60
674 4654 732 4695 aute
750 4660 763 4695 s
780 4644 806 4694 B
875 4644 1016 4711 lisingulis
1031 4646 1057 4695 B
1126 4644 1143 4696 8
1161 4646 1244 4696 Daune
1263 4661 1309 4695 om.
1324 4646 1356 4707 B,
1375 4647 1438 4698 odd.
1457 4646 1497 4695 So

576 4724 611 4751 to

161 4825 162 4830 ¹
217 4766 347 4837 mrdosp.
363 4766 398 4817 60
466 4766 574 4816 liberm
592 4767 701 4832 genuB
752 4782 831 4817 norun
846 4766 975 4816 Sacerdos
990 4783 1016 4829 p.
1039 4767 1071 4816 lii)
1089 4783 1151 4817 uerx
1172 4768 1194 4816 B
1216 4777 1340 4825 uertens·
1403 4739 1435 4820 10
1454 4770 1496 4818 l'or·

218 4853 273 4886 ritae
290 4852 358 4885 rorr.
378 4837 493 4886 lentunen
512 4837 536 4886 B
608 4839 638 4888 to
656 4836 676 4903 t]
697 4854 711 4886 c
730 4837 755 4885 B
825 4838 855 4889 ll
875 4839 906 4887 ab
925 4837 972 4887 noo
990 4839 1025 4903 git
1046 4854 1091 4888 orn.
1112 4839 1145 4898 B,
1164 4839 1226 4891 odil.
1247 4839 1380 4889 I’utsrdins
