3346 5506
226 404 286 467 198
816 395 931 459 PROBl

1305 528 1328 569 p.
1342 514 1389 557 444.
1400 515 1426 556 db
1442 514 1471 556 V.

225 591 375 653 Tbcofilus
398 608 456 651 non
476 590 598 659 izolrlus,
618 588 798 667 bomlagium
821 604 880 646 non
903 585 1113 665 monolagium,
1135 587 1304 668 byzacenus
1326 603 1386 647 non
1408 586 1523 648 1111111-

226 712 295 762 nus,
325 709 463 771 capsesys
492 708 550 751 non
581 691 726 769 capsesis,
761 688 876 750 catulus
904 704 963 748 non
992 687 1129 758 catellus,
1160 686 1277 750 doleum
1310 706 1371 750 non
1398 686 1522 757 dolium,

225 793 318 854 calida
338 812 397 855 non
422 792 519 864 calda,
549 791 652 870 frigida
674 810 734 852 non
764 790 873 861 bleda,
899 791 982 853 vinea
1003 807 1064 852 non
1085 791 1178 862 ninia,
1209 791 1301 851 tristis
1326 808 1387 852 non
1407 791 1524 862 tristus,

225 903 320 957 tersus
342 913 401 955 non
421 902 530 964 tortus,
560 893 716 963 umbilicus
736 910 795 953 non
817 891 980 964 imbilicus,
1005 900 1104 953 turma
1125 909 1185 953 non
1208 897 1317 964 torma,
1337 890 1440 956 celebs
1461 910 1524 955 uon

198 997 333 1078 sceleps,
358 998 466 1058 ostium
485 1014 544 1057 non
569 1004 694 1066 osteum,
715 994 808 1056 ssavus
831 1011 890 1055 non
912 993 995 1064 daus,
1019 1012 1107 1056 cavea
1128 1011 1188 1055 non
1207 996 1297 1066 caria,
1319 1002 1443 1058 senatus
1461 1012 1523 1058 uon

167 1124 171 1131 ·
224 1101 352 1170 sinatus,
376 1099 490 1160 brattea
513 1116 573 1159 non
596 1096 719 1169 brattia,
742 1094 865 1158 cochlea
886 1113 946 1156 non
969 1095 1077 1168 coelia,
1100 1095 1235 1158 cocleare
1256 1113 1315 1158 uon
1337 1096 1523 1170 coclinrinm,

225 1201 388 1279 palearium
408 1217 468 1260 non
488 1199 653 1278 paliarium,
674 1198 864 1279 primipilaris
883 1215 942 1259 non
965 1196 1188 1278 primipilarius,
1209 1196 1307 1261 alveus
1330 1216 1390 1261 uon
1407 1197 1523 1272 albens,

225 1302 333 1380 globus
357 1320 416 1362 non
440 1301 570 1381 glomus,
594 1301 696 1363 lancea
719 1318 777 1362 non
801 1300 910 1372 lancia,
935 1298 1030 1363 favilla
1052 1317 1112 1360 non
1135 1297 1229 1371 lailla,
1251 1298 1334 1362 orbis
1356 1317 1417 1361 nou
1439 1300 1522 1375 orbs,

226 1405 375 1466 formosus
398 1421 457 1465 non
480 1403 664 1491 sormunsus,
693 1420 763 1465 ansa
785 1419 845 1463 non
868 1419 934 1471 asa,
962 1399 1110 1480 flagellum
1133 1418 1192 1463 non
1215 1400 1386 1480 impellam,
1409 1402 1526 1468 calatus

188 1528 213 1570 m
226 1524 286 1566 non
309 1504 432 1586 gelatus,
455 1506 562 1584 digitus
580 1523 640 1566 non
663 1505 778 1576 dicitas,
801 1503 880 1565 solea
901 1520 960 1563 non
978 1502 1060 1574 solia,
1082 1503 1199 1566 calceus
1218 1521 1280 1566 non
1300 1502 1421 1577 calcias,
1439 1506 1524 1569 iecur

225 1624 285 1668 non
307 1608 406 1679 iocur,
435 1608 514 1669 auris
536 1624 594 1667 non
624 1605 730 1675 oriola,
761 1624 878 1667 camera
901 1623 961 1668 non
989 1623 1152 1676 cammara,
1180 1622 1286 1686 pegma
1315 1623 1374 1668 non
1401 1626 1522 1689 pentus

225 1708 325 1770 cluaca
353 1726 413 1769 non
436 1708 570 1778 clauaca,
600 1753 733 1770 ......
763 1708 824 1769 ales
847 1725 906 1768 nou
930 1706 998 1776 alis,
1025 1708 1116 1770 iacies
1137 1725 1199 1769 nou
1227 1708 1302 1778 lacs,
1333 1717 1437 1773 cautes
1461 1728 1523 1772 non

226 1811 334 1880 cautis,
365 1808 468 1888 plebes
491 1828 550 1871 non
573 1808 681 1889 plebis,
712 1817 791 1872 vates
810 1827 870 1870 non
889 1810 977 1880 ratis,
1006 1809 1090 1871 tabes
1110 1828 1169 1871 non
1188 1809 1279 1880 tabis,
1305 1809 1441 1892 supellex
1462 1829 1523 1876 uon

225 1911 379 1991 superlex‚
409 1931 480 1993 apes
505 1930 565 1973 non
592 1913 670 1990 apis,
699 1911 794 1973 nubas
816 1929 875 1973 non
902 1911 1004 1982 nubis,
1033 1910 1152 1973 suboles
1179 1929 1240 1973 non
1262 1912 1390 1985 subolis,
1418 1913 1525 1994 vulpes

189 2032 285 2076 11111
309 2013 413 2093 vulpis
436 2013 592 2094 palumbes
614 2031 674 2074 non
696 2012 853 2093 palumbis,
877 2011 940 2075 lues
962 2031 1021 2075 non
1045 2011 1116 2083 luis,
1138 2012 1224 2075 deses
1242 2032 1300 2075 nou
1320 2015 1416 2085 desis,
1438 2034 1524 2079 reses

225 2133 284 2176 non
304 2117 394 2186 resis,
419 2135 523 2195 vepres
547 2133 605 2176 non
629 2117 741 2194 vepris,
773 2114 864 2176 tames
886 2132 946 2175 non
965 2115 1067 2191 lamis,
1091 2112 1189 2177 clades
1209 2133 1269 2176 nou
1289 2115 1396 2189 cladis,
1419 2117 1524 2199 Syrtes

225 2235 284 2278 non
300 2202 403 2298 Syrtis,
428 2218 516 2279 aedes
536 2235 594 2278 non
615 2217 703 2288 aedis,
726 2234 814 2279 senes
832 2234 891 2277 nnn
910 2218 998 2286 senis,
1022 2216 1122 2296 proles
1143 2235 1201 2278 non
1223 2216 1326 2297 prolis,
1348 2219 1523 2282 draconun

226 2320 344 2389 drocen,
367 2318 471 2381 oculus
493 2337 552 2379 non
573 2318 665 2388 oclus,
694 2337 770 2398 aqua
791 2337 850 2379 non
873 2336 976 2398 acqua,
999 2317 1089 2379 alium
1111 2336 1170 2379 non
1193 2310 1300 2391 aleam,
1317 2316 1440 2406 11111111]
1462 2338 1523 2383 uon

225 2419 335 2488 lileum,
358 2420 412 2499 glis
436 2439 495 2481 non
514 2419 580 2500 glir,
602 2420 713 2482 delirus
734 2438 792 2481 non
812 2420 939 2488 delerus‚
958 2422 1034 2482 tinea
1058 2438 1117 2481 uon
1136 2422 1216 2492 tinia,
1240 2430 1323 2484 exter
1342 2440 1402 2483 non
1423 2430 1523 2486 extra·

187 2543 214 2583 ro
228 2540 310 2591 ucus,
333 2520 435 2584 clamis
451 2540 518 2583 non
541 2522 667 2594 ciamus,
690 2523 734 2584 vir
755 2540 814 2582 non
837 2540 898 2601 upa,
920 2523 1003 2600 virgo
1024 2540 1083 2583 non
1104 2540 1210 2604 pyrgo,
1233 2524 1315 2603 virga
1336 2541 1397 2586 non
1420 2542 1522 2606 vyrga,

226 2624 341 2686 occasio
362 2641 423 2684 non
445 2626 599 2695 occansio,
623 2623 716 2704 caligo
738 2641 798 2686 non
818 2623 938 2703 calligo,
961 2624 1081 2687 terebra
1102 2642 1162 2685 non
1185 2623 1312 2697 telebra,
1336 2627 1525 2690 elleminatus

226 2744 285 2786 uon
307 2725 518 2797 imbmenatus,
550 2726 675 2788 botruus
696 2744 755 2787 non
781 2726 887 2798 butro,
919 2743 990 2806 grus
1018 2744 1077 2787 non
1105 2728 1201 2806 gruis,
1231 2745 1318 2790 anser
1338 2745 1400 2790 uon
1422 2747 1523 2801 ansar,

225 2825 325 2890 tabula
348 2847 408 2889 non
432 2828 524 2898 tabla,
553 2829 651 2908 puella
673 2847 734 2890 non
757 2827 870 2909 puella,
902 2827 1016 2891 balteus
1038 2846 1098 2889 non
1126 2828 1247 2902 baltius,
1277 2830 1325 2891 lux
1349 2848 1410 2892 non
1436 2831 1522 2903 lacla,

226 2932 395 3011 vicocapitis
418 2931 533 2993 Africae
562 2949 621 2991 non
640 2933 794 3010 vicocapnt
812 2931 943 3000 Africae,
972 2929 1130 2992 vicotabuli
1152 2931 1339 3010 proconsulis
1359 2950 1421 2994 non
1443 2935 1523 2996 sico·

150 3062 156 3073 ·
187 3051 212 3093 aa
226 3031 328 3094 tabulu
352 3033 554 3112 proconsulis,
582 3035 811 3094 vinccastrorum
841 3050 899 3093 non
926 3034 1121 3103 vicocastrac,
1151 3033 1331 3096 vicosoobtti
1358 3052 1419 3096 nou
1443 3038 1522 3098 vico·

225 3134 333 3203 nobili,
357 3142 433 3196 teter
455 3153 513 3195 non
537 3142 639 3206 tetrus,
663 3153 735 3215 aper
755 3153 813 3195 non
833 3152 932 3214 aprus,
955 3134 1106 3216 amygdala
1126 3153 1186 3196 non
1200 3135 1356 3207 amiddola,
1377 3137 1524 3200 lasseolus

225 3255 285 3296 non
307 3236 451 3310 iassiolus,
470 3235 617 3298 stabulum
638 3255 698 3298 non
721 3236 860 3306 stabiam,
882 3235 1041 3298 triclinium
1064 3255 1122 3297 non
1146 3236 1279 3308 triclinu,
1301 3237 1441 3301 dimidius
1463 3258 1522 3301 uon

225 3340 380 3410 elcmidins
402 3347 499 3402 turma
522 3358 582 3400 non
606 3347 716 3409 torma,
739 3358 778 3418 p.
794 3357 910 3400 ...nus
933 3357 991 3400 non
1010 3339 1157 3418 pisinnus,
1183 3341 1313 3401 ....rir
1337 3358 1397 3401 uon
1420 3359 1523 3404 mene·

225 3442 280 3510 ris,
312 3443 390 3503 aries
414 3460 471 3503 non
498 3443 593 3512 arier,
629 3460 771 3502 ....non
795 3443 925 3522 persica,
957 3458 1109 3502 ....non
1134 3442 1344 3511 disentericus,
1377 3461 1522 3505 ....non

186 3543 461 3614 analrabalsamum,
494 3562 641 3606 ....non
664 3561 795 3614 esa...,
827 3544 939 3605 daucus
960 3562 1020 3604 non
1041 3543 1183 3615 draucus,
1218 3551 1321 3605 auctor
1342 3562 1403 3605 non
1425 3553 1522 3615 autor,

225 3648 384 3708 auctoritas
411 3663 470 3706 non
493 3647 650 3714 autoritas,
685 3691 798 3707 ......
833 3645 954 3707 linteum
978 3664 1037 3707 non
1059 3645 1190 3715 lintium,
1225 3664 1376 3709 ....non
1399 3655 1522 3720 ametro,

225 3755 423 3809 terraemotus
446 3767 504 3808 non
528 3750 735 3818 terrimotiunr,
759 3793 875 3809 ......
899 3766 1042 3810 coruscus
1064 3766 1124 3810 non
1146 3750 1303 3819 scoriscus,
1326 3750 1438 3810 tonitru
1462 3768 1522 3812 nou

226 3856 360 3919 tonotru‚
384 3867 486 3928 passer
507 3869 567 3910 non
588 3868 706 3929 passer,
730 3868 817 3912 anser
836 3868 894 3911 non
915 3869 1016 3919 anser,
1043 3852 1157 3913 arundo
1179 3868 1239 3912 non
1258 3851 1411 3922 harundo,
1434 3851 1524 3915 obses

227 3968 285 4010 non
304 3997 389 4021 ....,
414 3951 575 4030 capitulum
598 3970 658 4013 non
678 3951 834 4032 capicium,
858 3970 984 4015 noverca
1008 3970 1067 4013 non
1087 3970 1224 4023 noverca,
1245 3971 1339 4015 nurus
1360 3972 1522 4024 nonnum,

294 4184 310 4231 2
329 4181 448 4231 ‘doleam
463 4197 512 4231 nou
530 4181 625 4232 dolium
646 4183 725 4233 tribus
741 4187 840 4247 paractis
856 4183 975 4234 1111111111
989 4186 1072 4247 priano
1087 4184 1261 4247 praepositis:
1274 4184 1408 4251 dependente
1424 4186 1525 4237 videtur

225 4249 322 4300 dolium
342 4266 391 4300 non
410 4252 530 4302 doleum’
548 4252 631 4302 editor
652 4253 870 4303 Vindoboaensis:
889 4254 925 4317 ef.
946 4254 1045 4306 0111νί1.
1063 4269 1091 4318 p.
1112 4255 1145 4305 ot
1229 4253 1349 4305 311Ιὶ111
1365 4269 1417 4305 111
1434 4254 1522 4320 11111]

225 4330 358 4383 utrumque
378 4322 471 4371 dicitur
488 4325 513 4372 in
529 4337 607 4386 rraarp.
629 4323 690 4375 add.
706 4323 731 4372 B
784 4322 868 4388 vinda]
887 4325 962 4373 uinea
979 4340 1049 4376 corr.
1067 4322 1176 4373 uininB
1230 4323 1370 4392 8globus]
1389 4325 1525 4391 glorrnsll

294 4388 364 4455 orbs]
385 4393 461 4442 ‘urbs
479 4393 563 4443 codes·
578 4397 697 4443 elemento
713 4396 794 4454 pruno
813 4393 902 4453 deleto,
921 4397 1003 4445 altero
1018 4396 1139 4457 propiori
1154 4390 1193 4460 τῷ
1210 4409 1228 4442 1
1246 4411 1319 4459 paam
1336 4391 1377 4461 τῷ
1389 4400 1421 4444 o’
1439 4396 1525 4449 editor

229 4459 446 4512 Vindobouensie:
470 4463 504 4524 cs.
525 4464 557 4511 de
573 4478 636 4513 1111.
655 4477 682 4524 p.
704 4461 809 4514 135111.
833 4464 911 4516 Viud.
1016 4464 1033 4513 tt
1057 4463 1212 4529 ‘frugellum
1230 4466 1316 4516 eodem
1336 4462 1376 4532 τῷ
1395 4480 1408 4513 1
1427 4475 1524 4531 puncto

224 4531 368 4593 sarpposa'to’
387 4532 470 4581 editor
491 4531 691 4582 Vindobonenaa's
782 4532 812 4584 13
837 4530 936 4598 plebes]
957 4533 1041 4598 plenis
1059 4534 1084 4583 B
1155 4532 1282 4601 supellex]
1301 4534 1409 4601 supelex
1427 4536 1455 4585 B

225 4600 256 4649 21
278 4598 449 4664 effeminatus]
470 4602 641 4651 inrilmenutus
657 4601 683 4650 B
766 4604 799 4654 23
818 4618 867 4652 uon
886 4603 955 4668 polla
971 4619 1040 4657 corr.
1060 4618 1110 4653 non
1129 4603 1216 4669 puella
1234 4605 1260 4654 B
1329 4604 1432 4656 211111
1452 4606 1522 4656 nico-

225 4670 476 4726 1111111111111,1111
497 4671 640 4720 uicotrobili
659 4671 684 4719 11
768 4673 988 4740 1611111111111
1007 4674 1134 4724 1111111111
1152 4675 1177 4724 Β
1248 4672 1362 4726 lassolus
1381 4688 1432 4724 non
1450 4690 1521 4726 corr.

227 4738 353 4790 iusseolus
374 4756 424 4789 uon
444 4742 469 4790 B
496 4740 608 4790 laseolus
628 4756 710 4791 nono
804 4744 838 4793 ‘28
856 4745 962 4808 pisanus
981 4759 1030 4794 non
1050 4745 1521 4810 11111111,11111111”ι1111111111

224 4811 329 4860 corrieeit
344 4812 426 4861 editor
447 4811 649 4862 Vindobonensie
738 4813 772 4862 211
790 4813 965 4876 dysentericus
984 4829 1034 4864 non
1053 4814 1236 4876 disentericus‚
1255 4813 1453 4881 opobalesmurn
1472 4830 1521 4865 non

225 4878 416 4930 sbubslsamunr
434 4882 542 4932 coniecit
559 4881 642 4932 editor
663 4881 862 4933 Vindoboneusr's
