3346 5506
237 377 293 442 l2b’
725 411 729 420 ·
819 379 932 441 Pnuut

283 508 304 548 ρ.
319 495 366 536 are.
376 494 401 536 rr
416 495 443 536 n.
1299 507 1321 548 ρ.
1335 494 1426 538 sse-ro
1441 491 1466 535 v.

317 567 481 638 Quaeritur,
505 586 562 646 qua
584 568 620 627 ele
642 585 727 627 causa
752 566 835 646 plebs
858 566 951 646 perh
975 574 1005 627 et
1020 583 1078 626 non
1101 583 1153 644 per
1174 584 1192 644 p
1210 566 1336 628 litteram
1359 564 1515 626 scribatur.

233 668 287 728 hac
314 669 350 729 de
373 677 476 738 cau'sa,
509 669 647 747 quoniam
676 687 880 749 quaecumque
907 665 1024 729 nomin'a
1046 669 1081 728 ‘in
1109 666 1240 745 quolibet
1262 686 1331 729 casu
1360 668 1390 728 in
1416 665 1517 727 ultima

231 767 276 830 rel
299 786 392 848 prope
414 768 545 831 ultimam
567 768 707 850 syllabam
729 769 748 831 h
771 769 897 832 litteram
917 770 1027 831 habent
1047 770 1252 838 constitutam,
1277 769 1350 830 haec
1371 768 1402 828 in
1424 769 1517 829 nomi·

231 873 329 931 nativo
355 889 425 932 casu
450 874 565 934 numeri
594 871 751 950 singularis
776 891 830 951 per
853 871 887 940 b,
917 889 975 932 nou
997 889 1093 950 perp
1115 869 1242 932 litteram
1267 868 1456 938 scribuntur;
1488 876 1519 932 et

203 999 218 1048 a
234 973 298 1033 ineo
321 972 413 1051 plebs,
436 990 494 1033 non
516 972 601 1052 pleps
620 974 719 1035 lacere
743 975 965 1052 pronuntiatur:
989 973 1059 1034 lacit
1076 974 1154 1034 enim
1175 971 1259 1050 plebs
1280 970 1384 1050 plebis.

254 1084 256 1089 '
317 1074 482 1147 Quaeritur,
506 1090 562 1155 qua
586 1075 622 1136 de
644 1093 731 1137 eausa
750 1074 850 1136 labsus
870 1073 961 1153 perh
984 1083 1012 1135 et
1026 1093 1085 1135 aun
1105 1092 1158 1152 per
1179 1093 1198 1153 p
1217 1072 1343 1135 litteram
1361 1072 1518 1135 scribatur.

232 1177 287 1237 bac
310 1177 346 1238 tle
369 1194 466 1245 causa,
490 1179 628 1255 quoniam
651 1195 854 1258 quaecumque
876 1175 1016 1237 vocabula
1045 1176 1081 1238 ah
1105 1175 1160 1237 illis
1182 1173 1289 1260 verssbis
1308 1177 1411 1238 venire
1433 1193 1518 1254 repe·

233 1281 364 1347 riuntur,
392 1297 467 1357 quae
495 1279 583 1339 modo
607 1280 761 1340 indicativo
791 1278 933 1356 temporis
959 1280 1123 1357 praesentis
1149 1296 1185 1338 ex
1213 1279 1307 1355 prima
1333 1295 1461 1355 persona
1488 1279 1518 1339 in

234 1380 331 1441 ultima
361 1378 402 1440 vet
430 1397 524 1459 prope
551 1380 682 1441 ultimam
707 1379 847 1461 syllabam
875 1379 894 1441 b
921 1379 1047 1440 litteram
1074 1379 1183 1440 habent
1211 1381 1416 1450 coustitutum,
1445 1379 1519 1441 haec

197 1503 220 1544 ro
233 1500 288 1561 per
309 1481 342 1550 b,
368 1501 427 1542 non
452 1500 505 1560 per
532 1500 551 1560 p
573 1482 698 1544 litteram
726 1481 905 1543 scribuntur.
951 1499 1029 1542 nunc
1056 1479 1250 1559 cumylabsus
1272 1481 1395 1544 alahor
1418 1483 1518 1543 renim

233 1581 427 1662 intellegatur,
449 1590 478 1643 et
499 1584 565 1645 ideo
586 1583 689 1664 perh,
713 1602 771 1644 aon
793 1603 847 1663 per
869 1601 888 1662 p
911 1584 1038 1646 litteram
1056 1582 1145 1644 scribi
1166 1585 1381 1665 pronuntietur.
1556 1663 1558 1670 Ι

316 1685 488 1758 Quaeritur,
520 1704 578 1765 qua
608 1687 645 1747 ue
666 1702 752 1747 causa
781 1684 934 1747 Sallustius
964 1686 1026 1746 hic
1047 1684 1278 1764 proconsule
1309 1687 1516 1763 pronuntiarit

232 1806 299 1848 cum
322 1787 441 1848 uomina
468 1788 585 1866 generis
608 1787 759 1849 masculini
784 1787 999 1865 prohibeantur
1021 1788 1198 1848 nominativo
1218 1805 1288 1848 casu
1314 1789 1431 1849 numeri
1457 1790 1517 1849 sin·

231 1888 340 1967 gularis
360 1909 376 1950 e
397 1888 493 1951 littera
515 1891 675 1951 terminari.
719 1909 811 1971 quare
833 1889 890 1950 hoc
909 1872 1072 1958 ruonemus,
1094 1889 1173 1968 quod
1196 1888 1270 1950 haec
1291 1890 1321 1949 in
1342 1890 1424 1951 souis
1445 1906 1516 1950 oon·
1555 1946 1558 1959 ,

194 2012 218 2053 rs
232 1998 365 2070 petentur
388 1999 514 2052 tractare
536 1972 731 2075 debeamusl

315 2093 482 2163 Quaeritur,
505 2113 562 2172 qua
584 2093 620 2154 de
638 2113 725 2155 causa
744 2102 877 2155 mortuus
898 2093 1076 2154 nominativo
1093 2099 1122 2152 et
1135 2094 1299 2154 accusativo
1315 2110 1385 2154 casu
1398 2092 1515 2154 numeri

153 2218 155 2223 ¹
230 2195 386 2273 singularis
407 2204 475 2255 aute
494 2194 626 2268 ultimam
648 2203 859 2258 consonantem
887 2214 941 2274 per
963 2196 1058 2257 duou
1082 2194 1237 2256 scribatur.
1281 2195 1336 2256 hac
1357 2193 1394 2256 de
1417 2212 1515 2263 causa,

229 2299 368 2376 quoniam
386 2316 597 2380 ¹quaecumque
622 2300 740 2359 uomina
769 2303 902 2376 genetivo
929 2316 997 2358 casu
1026 2299 1141 2358 numeri
1169 2295 1326 2375 singularis
1357 2297 1386 2356 ui
1411 2293 1516 2357 litteris

229 2399 362 2461 discretis
383 2388 578 2469 deliniuntur,
600 2398 674 2461 hacc
695 2400 872 2460 nominativo
894 2407 923 2461 et
945 2401 1109 2461 accusativo
1129 2417 1199 2461 casu
1221 2399 1338 2460 numeri
1359 2396 1516 2476 singularis

148 2535 152 2541 =
191 2512 285 2581 m‘per
307 2501 379 2562 duas
401 2521 421 2562 u
445 2500 556 2562 litteras
582 2509 649 2562 ante
676 2500 808 2562 ultimam
831 2499 1041 2562 consonantem
1069 2501 1248 2562 scribuntur.
1292 2517 1371 2560 nunc
1393 2518 1462 2561 cum
1487 2507 1516 2561 et

229 2602 285 2663 hoc
306 2621 412 2690 nomen
435 2604 522 2664 buius
544 2605 653 2664 mortui
676 2603 774 2666 lacere
792 2602 993 2682 intellegatur,
1022 2612 1050 2664 et
1074 2604 1140 2664 ideo
1162 2603 1211 2665 hic
1230 2601 1418 2663 mortuus'et
1435 2601 1515 2663 hunc

229 2713 377 2776 mortuum
401 2705 498 2767 lacere
521 2706 736 2783 pronuntiatur.
877 2712 879 2716 '

312 2808 484 2880 Quaeritur,
515 2825 572 2886 qua
597 2806 633 2866 de
655 2825 742 2866 causa
766 2807 813 2867 hic
835 2804 951 2867 sobrius
980 2815 1009 2866 et
1030 2824 1088 2866 nou
1111 2806 1159 2867 hie
1179 2804 1267 2867 sober
1290 2805 1414 2868 dicatur.
1458 2804 1513 2868 hac

229 2910 265 2971 ue
288 2928 394 2979 causa,
423 2910 561 2988 quoniam
590 2926 794 2989 quaecumque
823 2909 941 2970 uomina
968 2910 1084 2986 generis
1111 2905 1264 2968 masculini
1295 2906 1422 2969 ablativo
1445 2925 1513 2968 casu

190 3013 345 3073 renumeri
365 3010 520 3088 singularis
541 3012 568 3070 io
591 3008 694 3070 litteris
720 3010 853 3071 diseretis
880 3012 1074 3079 deliniuntur,
1104 3011 1176 3071 lraec
1199 3028 1359 3089 numquam
1380 3011 1514 3070 nomina·

229 3115 286 3174 tiro
314 3132 382 3175 casu
408 3113 524 3173 numeri
551 3111 706 3188 singularis
732 3132 764 3173 er
787 3113 892 3174 litteris
923 3110 1149 3173 concluduntur.
1194 3129 1273 3173 nunc
1305 3129 1372 3172 cum
1399 3119 1430 3173 et
1457 3110 1513 3171 hoo

228 3233 336 3276 nomen
361 3214 397 3276 ah
418 3213 476 3275 hoo
491 3213 591 3275 sobrio
614 3215 711 3275 lacere
733 3216 906 3295 reperiatur,
924 3222 953 3276 et
974 3214 1039 3275 ideo
1061 3213 1109 3274 lrio
1126 3214 1251 3284 sobrius,
1275 3233 1334 3275 non
1354 3214 1402 3274 hic
1425 3213 1514 3275 soher

228 3318 324 3379 lacere
344 3318 561 3397 pronuntiatur.

311 3419 477 3492 Quaeritur,
499 3438 556 3500 qua
579 3419 616 3480 ue
638 3438 725 3481 causa
744 3437 834 3499 coqus
857 3436 910 3497 per
931 3437 949 3497 q
971 3427 1001 3480 et
1023 3437 1081 3479 uon
1100 3436 1153 3497 per
1172 3437 1188 3478 c
1206 3418 1333 3480 litteram
1355 3416 1511 3480 scribatur.

189 3538 215 3579 so
228 3520 283 3582 bac
302 3520 338 3582 de
358 3540 455 3590 causa,
477 3522 616 3602 quoniam
639 3540 842 3602 quaecumque
865 3524 982 3582 uomina
1004 3523 1033 3581 in
1049 3519 1181 3601 quolibet
1201 3539 1270 3582 casu
1292 3521 1322 3580 iu
1344 3519 1446 3583 ultima
1469 3519 1512 3592 rel

227 3630 294 3683 ante
326 3622 458 3683 ultimam
490 3622 631 3702 syllabam
659 3643 678 3702 q
704 3622 830 3683 litteram
858 3623 969 3685 habeut
994 3625 1198 3691 constitutam,
1229 3623 1300 3683 haec
1328 3641 1383 3701 per
1410 3641 1513 3684 omnes

227 3741 312 3784 casus
334 3724 457 3786 earrdem
479 3743 498 3803 q
520 3723 646 3785 litteram
669 3727 699 3785 iu
726 3723 824 3785 ultima
845 3724 889 3786 vel
919 3733 986 3785 aute
1009 3724 1138 3786 ultimam
1160 3724 1300 3804 syllabam
1325 3742 1447 3786 rrecesse
1468 3732 1512 3787 est

227 3833 258 3884 ut
277 3826 450 3887 custodiant.
493 3844 572 3885 nrruc
595 3844 661 3885 cum
685 3825 762 3884 dicat
784 3825 940 3885 Terentius
961 3828 989 3885 iu
1013 3827 1155 3890 Eunucho
1177 3823 1302 3905 ‘c'oqui
1326 3826 1510 3889 lartorcs'

226 3935 255 3986 et
284 3935 398 3995 cetera,
435 3929 534 4005 utique
569 3929 625 3986 iam
661 3945 766 4005 coquin
804 3946 857 4005 per
886 3947 921 4006 q,
957 3947 1014 3987 nun
1049 3947 1102 4006 per
1127 3946 1144 3987 c
1171 3928 1296 3988 litteram
1334 3927 1425 3990 scribi
1462 3929 1511 3989 dc·

187 4044 213 4085 so
227 4026 404 4112 monstrati

310 4128 476 4200 Quaeritur,
497 4148 552 4208 qua
576 4128 612 4189 de
635 4147 721 4190 causa
749 4129 833 4190 miles
853 4149 907 4208 por
927 4152 941 4191 s
964 4138 993 4192 et
1014 4150 1072 4191 uon
1096 4151 1149 4211 per
1167 4151 1185 4192 x
1206 4131 1332 4193 litteram
1354 4131 1510 4193 scribatur.

225 4232 281 4294 huo
307 4233 344 4294 dc
371 4251 473 4300 causa,
498 4234 634 4310 quonium
664 4251 866 4312 quaecumque
895 4234 1012 4293 rruruiua
1042 4235 1159 4311 generis
1186 4235 1351 4295 communis
1374 4236 1510 4311 genetiuo

225 4352 294 4395 casu
313 4336 430 4395 numeri
455 4333 610 4412 singularis
633 4334 667 4395 tis
687 4333 796 4413 syllaba
819 4337 1028 4404 terminantur,
1053 4336 1128 4397 haec
1149 4354 1308 4415 numquam
1331 4337 1509 4398 nominativo

224 4441 293 4497 casu
324 4436 438 4497 numeri
468 4435 624 4515 singularis
652 4455 670 4495 rr
698 4434 793 4497 littera
822 4437 1010 4498 deliniuntur.
1055 4456 1135 4499 nunc
1160 4457 1226 4499 cum
1256 4446 1285 4500 et
1312 4438 1370 4499 hoc
1402 4455 1509 4500 nomen

293 4642 309 4694 3
327 4641 367 4690 uel
387 4656 466 4706 prope
484 4641 596 4691 ultimam
616 4642 638 4693 li
658 4640 698 4691 uel
714 4641 875 4706 proultimum
892 4643 917 4692 B
1028 4643 1045 4693 Q
1064 4643 1104 4692 uel
1121 4659 1200 4709 prope
1218 4642 1332 4693 ultimum
1349 4644 1373 4696 n
1392 4644 1434 4695 uel
1452 4659 1508 4711 pro·

224 4711 337 4765 ultimum
357 4712 381 4761 B
452 4711 484 4761 12
503 4712 670 4776 pronuntiarit
688 4728 704 4760 r
721 4713 894 4777 pronuntiauit
912 4715 935 4765 11
954 4714 1124 4778 pronuntieris
1141 4713 1167 4762 B
1231 4713 1263 4763 15
1281 4723 1390 4765 tractare
1407 4715 1510 4766 dehsui·

223 4798 280 4834 mus
298 4782 320 4834 R
338 4790 444 4833 tractore
462 4781 611 4831 debebimus
629 4798 645 4830 r
662 4783 824 4832 tmctsuimus
842 4782 868 4831 B
935 4784 967 4834 21
988 4791 1011 4831 et
1026 4783 1084 4831 idco
1101 4784 1125 4833 B
1144 4782 1201 4833 ideo
1221 4783 1242 4832 ll
1311 4784 1346 4836 29
1363 4800 1444 4850 coqos
1463 4783 1510 4835 ΗΒ

224 4868 350 4916 coquusr
418 4851 451 4902 33
471 4849 645 4917 inhumata]
667 4853 685 4900 ll
706 4854 783 4915 ²‚au
857 4852 890 4903 3⁴
910 4867 999 4917 euqum
1023 4852 1169 4916 Ilroquum
1189 4853 1227 4901 nr
