3314 5506
669 369 878 430 PRAEFATIO
1330 384 1417 431 xxix

125 565 269 616 taturum
292 575 365 617 esse
386 554 556 639 promittit.
584 552 744 638 quaedam
773 554 859 616 enim
888 552 931 617 ad
957 573 1028 615 eam
1051 562 1176 638 partem
1199 565 1355 638 quaeest
1378 553 1418 618 de

125 657 236 719 metris
257 655 311 719 vel
334 655 376 718 de
398 656 508 719 metris
522 665 564 719 et
586 656 765 731 structuria
789 652 930 739 plurima
951 653 992 718 ad
1015 676 1085 719 earn
1101 677 1184 740 quac
1200 667 1249 721 est
1268 657 1308 720 de
1330 656 1418 720 sonis

126 759 346 820 remittuntur.
374 758 408 820 in
436 767 502 821 tam
531 755 641 820 multis
670 758 770 841 igitur
797 754 925 819 infimae
952 757 1069 821 aetatis
1098 754 1227 822 indiciis
1250 759 1308 821 vix
1335 779 1417 843 opus

126 868 176 922 est
197 880 236 922 eo
259 870 461 944 argumento,
483 881 547 945 quo
570 860 611 922 A.
634 857 741 922 Maius
763 879 841 921 usus
864 869 924 939 est,
951 866 988 920 ut
1008 857 1126 922 librum
1149 869 1263 946 quarto
1287 861 1417 924 saeculo

125 983 190 1025 non
211 963 424 1025 vetustiorem
446 982 518 1024 esse
541 960 702 1046 probaret,
725 958 810 1046 quod
825 958 1102 1023 Diocletianarum
1123 962 1243 1025 mentio
1265 960 1355 1024 facta
1369 970 1419 1023 est

128 1071 198 1142 119,
222 1071 274 1131 26.
296 1085 410 1127 verum
432 1073 540 1127 tamen
562 1071 599 1125 nt
619 1071 707 1126 recte
729 1060 770 1124 de
796 1059 857 1125 hoc
885 1059 968 1124 libro
996 1059 1172 1142 iudicetur,
1200 1060 1281 1127 illud
1309 1073 1416 1127 tenen·

125 1165 204 1228 dum
226 1175 285 1245 est,
307 1187 373 1229 non
395 1166 437 1229 ad
459 1163 637 1250 perfectam
660 1165 738 1226 artis
763 1163 930 1226 scientiam
957 1184 1030 1226 eum
1058 1165 1215 1248 scriptum
1242 1185 1330 1244 esse,
1360 1162 1418 1228 sed

127 1267 287 1332 tironibus
310 1266 517 1330 instituendis
540 1267 745 1330 destinatum.
763 1264 939 1351 quodcum
954 1265 1059 1329 omnis
1074 1265 1148 1329 libri
1170 1267 1253 1330 ratio
1275 1277 1308 1330 et
1328 1265 1418 1330 indo·

127 1371 184 1448 les,
202 1369 242 1433 de
254 1392 319 1455 qua
331 1369 425 1433 modo
438 1369 517 1449 dixi,
535 1369 660 1454 probat,
677 1378 745 1431 tum
752 1367 924 1453 Pompeius
937 1368 1168 1451 grammaticus
1185 1391 1216 1453 p.
1228 1375 1288 1437 156
1309 1367 1417 1432 verbis

128 1493 228 1558 supra
242 1495 275 1556 p.
289 1470 378 1534 XIX
393 1473 506 1556 positis
522 1470 682 1534 adfirmat.
698 1469 762 1534 fuit
776 1479 884 1534 autem
898 1469 951 1534 hic
966 1491 1035 1534 mos
1057 1471 1350 1554 grammaticorum,
1372 1478 1418 1548 ut,

128 1597 202 1638 cum
225 1574 321 1637 aliter
341 1573 478 1637 rudibus
500 1571 692 1652 litterarum,
715 1570 810 1636 aliter
832 1571 1029 1637 doctioribus
1052 1571 1258 1636 scribendum
1280 1593 1351 1635 csse
1372 1572 1419 1635 in·

128 1675 335 1760 tellegerent,
367 1687 424 1741 aut
455 1675 519 1760 ipsi
541 1675 659 1739 artium
691 1675 864 1759 scriptores
897 1673 1023 1738 duobus
1051 1672 1143 1737 libris
1171 1673 1300 1738 diverso
1323 1670 1419 1736 modo

128 1778 305 1863 conpositis
338 1779 485 1863 utrisque
517 1777 736 1855 consulerent,
770 1787 828 1841 aut
857 1777 962 1840 minor
990 1775 1274 1841 celeberrimamm
1302 1777 1420 1840 artium

129 1878 228 1943 editio
252 1880 341 1963 (narn
359 1881 405 1945 ita
427 1878 526 1964 vulgo
549 1878 714 1963 dicebant)
737 1887 906 1962 pararetur
927 1878 970 1943 ab
992 1876 1075 1942 aliis.
1099 1879 1191 1943 cuius
1213 1878 1260 1942 rei
1275 1879 1419 1943 luculen-

128 1983 289 2045 tissimum
312 1980 496 2067 exemplum
519 1980 675 2067 praebent
702 1990 788 2043 artes
811 1979 933 2044 Donati
959 1982 993 2044 in
1021 1981 1081 2045 hoc
1110 1981 1273 2044 volumine
1301 1981 1418 2045 editae.

128 2083 209 2147 illud
231 2085 333 2168 igitur
355 2094 391 2147 ut
413 2084 453 2147 dc
476 2085 631 2147 institutis
654 2082 753 2146 Probi
776 2104 904 2169 quoque
926 2082 1048 2147 sactum
1071 2105 1142 2148 esse
1164 2094 1324 2169 putemus,
1347 2105 1420 2146 sua·

130 2185 209 2250 dent
229 2186 287 2250 illa
309 2186 499 2272 saepissime
522 2185 564 2249 ab
586 2185 647 2249 hoc
668 2186 880 2269 grammatico
902 2187 1048 2271 repetita
1072 2186 1190 2273 quibus
1212 2185 1315 2248 multa
1336 2206 1420 2271 quae

130 2290 240 2352 omisit
261 2287 326 2352 alio
349 2287 418 2352 loco
441 2310 475 2351 se
497 2296 711 2352 tractaturum
733 2307 804 2350 esse
825 2285 1004 2371 pollicetur.
1028 2288 1147 2374 quibus
1169 2289 1338 2374 promissis
1359 2287 1420 2353 hoc

131 2391 274 2454 indicare
296 2388 443 2469 videtur,
473 2411 507 2452 se
533 2389 609 2453 huic
637 2389 766 2472 vulgari
794 2399 825 2452 et
853 2390 961 2474 pueris
990 2390 1169 2455 destinatae
1192 2392 1270 2454 artis
1294 2391 1421 2476 exposi-

131 2494 211 2556 tioni
233 2491 334 2556 elium
357 2503 390 2557 et
411 2492 587 2556 doctiorem
609 2489 738 2569 librum,
761 2491 816 2575 qui
838 2492 871 2554 in
894 2491 1006 2555 eodem
1021 2502 1210 2576 argumento
1225 2503 1420 2573 versaretur,

131 2596 223 2680 (quasi
247 2594 289 2658 ad
312 2593 541 2679 perficiendam
570 2592 783 2683 eruditionem
810 2590 958 2656 subicere
985 2593 1137 2658 voluisse.
1165 2594 1253 2659 idem
1280 2596 1420 2659 sensisse

131 2697 261 2761 videtur
281 2697 310 2760 is
333 2697 444 2781 quiin
467 2695 615 2759 Parisino
637 2693 737 2775 libro,
761 2716 868 2774 suain,
892 2696 1014 2779 opinor,
1037 2697 1257 2761 coniecturam
1279 2706 1419 2777 secutus,

132 2821 194 2862 non
216 2800 321 2862 veteri
344 2799 526 2862 testimonio
554 2818 642 2877 nsua,
674 2805 776 2860 artem
804 2797 960 2860 minorem
989 2796 1074 2863 hunc
1102 2799 1221 2863 librum
1243 2799 1418 2885 inscripsit.

132 2901 270 2986 denique
298 2896 447 2986 quamiis
475 2921 581 2985 pauca
607 2900 641 2962 in
670 2898 727 2963 tali
755 2897 885 2983 quidem
908 2899 991 2964 libro
1014 2900 1056 2963 ad
1077 2909 1220 2965 veterem
1241 2901 1422 2966 doctrinam

133 3003 246 3067 referri
268 3005 409 3088 possint,
443 3013 565 3082 tamen,
593 3001 627 3064 ni
650 2999 760 3080 fallor,
788 3001 875 3065 etin
898 3001 1045 3066 doctrina
1066 3004 1292 3087 grammatica,
1324 3025 1422 3090 quam

132 3104 182 3168 hic
204 3106 343 3189 scriptor
358 3106 512 3191 sequitur,
536 3105 622 3168 etin
645 3124 708 3166 non
731 3102 829 3166 nullis
851 3103 1095 3189 quaestionibus
1117 3129 1190 3169 cum
1214 3107 1253 3170 iis
1276 3128 1359 3192 quae
1382 3105 1422 3170 de

133 3229 192 3269 usu
215 3216 380 3270 extremae
403 3207 517 3270 aetatis
539 3206 688 3291 exposita
711 3213 786 3269 sunt
811 3207 991 3271 coniunctis
1019 3209 1159 3292 vestigia
1186 3209 1346 3293 quaedam
1367 3229 1422 3271 an·

134 3309 281 3394 tiquioris
304 3309 462 3387 auctoris,
485 3329 581 3392 quem
603 3318 733 3372 secutus
749 3318 807 3388 est,
831 3308 998 3393 adparent.
1021 3308 1117 3372 redeo
1141 3309 1183 3373 ad
1203 3309 1260 3374 illa
1273 3311 1422 3375 instituta

134 3411 265 3490 artium,
300 3430 383 3495 quae
409 3408 486 3472 olim
514 3432 587 3473 cum
615 3408 782 3474 catholicis
811 3410 983 3474 coniuncta
1008 3410 1151 3477 fuerunt.
1179 3411 1219 3476 de
1247 3434 1310 3498 quo
1338 3411 1421 3477 libro

134 3512 285 3597 quoniam
299 3520 429 3596 praeter
443 3533 557 3595 pauca,
581 3513 712 3597 quaein
734 3510 901 3575 catholicis
924 3511 1026 3576 relata
1047 3523 1131 3594 sunt,
1154 3514 1234 3578 nihil
1249 3515 1422 3579 memoriae

134 3613 296 3698 proditum
318 3624 382 3693 est,
411 3612 493 3677 nihil
514 3615 593 3678 certi
616 3623 758 3694 constat,
786 3614 847 3676 nisi
871 3615 943 3698 quis
966 3636 1007 3677 ex
1030 3614 1156 3679 duobus
1179 3615 1270 3680 libris
1293 3614 1422 3681 Claudii

135 3715 317 3779 Sacerdotis
344 3716 547 3800 grammatici
570 3715 692 3800 aliquid
713 3714 905 3780 concludere
932 3715 1019 3797 velit,
1048 3726 1093 3798 ut,
1117 3740 1212 3804 quem
1235 3718 1277 3782 ad
1292 3718 1422 3783 modum

135 3816 214 3882 alter
236 3817 320 3882 liber
340 3817 509 3882 catholicis
531 3816 630 3880 Probi
653 3816 766 3881 similis
790 3826 852 3897 est,
874 3818 922 3882 ita
944 3819 1083 3904 priorem
1105 3821 1262 3885 institutis
1285 3820 1422 3885 similem

135 3919 234 3984 luisse
263 3919 361 3984 dicat.
390 3942 585 4007 quamquam
612 3917 673 3983 hoc
700 3923 828 4006 quoque
855 3919 951 3984 valde
979 3923 1136 3986 incertum
1164 3933 1223 3986 cst.
1257 3920 1315 3986 sed
1342 3921 1423 3985 illud

134 4021 193 4087 hoc
228 4020 299 4087 loco
336 4044 400 4087 non
433 4031 482 4086 est
516 4022 744 4101 omittendum,
782 4025 1027 4104 grammaticos,
1069 4025 1124 4110 qui
1159 4046 1258 4110 supra
1288 4023 1422 4088 indicati

135 4134 222 4197 sunt,
256 4123 374 4205 multa,
413 4146 497 4211 quae
530 4126 562 4188 in
596 4124 635 4188 iis
669 4124 760 4189 libris
793 4128 849 4210 qni
882 4146 967 4190 nunc
994 4124 1093 4189 Probi
1120 4127 1248 4189 nomine
1274 4125 1423 4211 inscripti

136 4225 284 4291 ferrmtur
304 4248 369 4290 non
392 4226 514 4312 scripta
536 4236 612 4290 sunt
633 4225 685 4290 vel
707 4248 771 4290 non
794 4227 873 4290 satis
895 4235 983 4291 certo
1007 4226 1048 4290 ad
1070 4248 1124 4290 eos
1147 4227 1261 4291 referri
1275 4236 1422 4312 possunt,

135 4327 209 4392 huic
230 4330 442 4413 grammatico
466 4328 628 4393 tribuisse.
657 4327 736 4392 haec
758 4329 857 4412 igitur
878 4330 1001 4409 omnia,
1030 4352 1113 4417 quae
1140 4330 1270 4416 quidem
1298 4328 1339 4392 ad
1368 4350 1423 4392 eos

135 4428 233 4494 libros
256 4431 312 4515 qui
334 4452 420 4494 nunc
442 4440 617 4516 supersunt
643 4451 708 4492 non
737 4430 914 4514 pertinent,
944 4454 985 4494 ex
1013 4433 1194 4519 antiquiore
1221 4443 1253 4496 et
1279 4429 1424 4495 doctiore

135 4530 217 4595 libro
240 4531 350 4612 Probi,
372 4533 427 4618 qui
449 4541 578 4618 praeter
599 4531 684 4595 hunc
705 4541 866 4596 recentem
888 4536 974 4598 etin
994 4555 1088 4597 nsum
1111 4535 1250 4597 tironum
1265 4533 1423 4617 scriptum

137 4631 212 4696 olim
234 4633 383 4712 extabat,
406 4636 508 4719 petita
530 4643 619 4713 sunt,
642 4634 711 4696 sive
732 4634 760 4697 is
789 4633 831 4697 ab
852 4635 1008 4699 institutis
1029 4634 1109 4714 illis,
1143 4656 1227 4720 quae
1249 4634 1324 4698 olim
1347 4646 1424 4700 ante

137 4736 297 4800 catholica
318 4737 439 4820 scripta
460 4745 560 4815 erant,
588 4756 654 4799 non
676 4735 823 4799 diversus
847 4734 923 4816 snit,
947 4737 1016 4800 sive
1039 4736 1118 4801 haec
1140 4757 1268 4822 qnoque
1297 4758 1338 4800 ex
1365 4736 1422 4800 illo

137 4847 293 4924 excerpta
313 4847 414 4901 erant.
