3346 5506
591 355 640 419 brt
661 356 801 420 uuruts
822 357 977 422 uenatu
1147 400 1158 419 .
1368 367 1427 430 471

194 461 210 504 r.
223 462 270 505 aar.
284 462 311 506 os
323 462 372 506 eoo.
388 461 435 506 ror.

148 542 197 605 hac
222 544 310 605 mebi
337 545 551 624 compositione
573 544 667 607 tribus
689 552 803 607 tantum
826 545 975 617 cantibus,
1005 557 1038 609 ut
1059 549 1191 611 subiecta
1213 547 1428 622 monstrabunt,

148 644 186 707 Tu
211 663 250 706 nc
277 646 438 726 quacueris
465 648 542 708 seire
573 647 655 708 neias
684 665 771 728 quem
799 649 872 709 mibi
900 668 987 729 quem
1016 649 1082 722 tibi,
1113 651 1227 714 Nullam
1251 653 1325 714 Vare
1347 670 1430 714 sacra

147 747 200 809 rito
220 747 304 827 prius
324 750 436 811 severis
460 748 614 818 arborem,
638 748 806 811 Oerudelis
828 751 924 813 adbuc
945 760 976 812 ct
989 752 1112 813 Veneris
1127 754 1300 816 muneribus
1313 762 1429 834 potens.

224 847 383 912 Vndscima
410 850 466 913 odc
494 850 607 912 dicolos
635 860 680 912 est
707 851 854 915 distroios.
899 871 968 915 nam
996 857 1077 935 prior
1100 875 1201 918 versus
1223 858 1332 918 cretico
1354 856 1429 936 pede

145 959 171 1013 et
196 960 383 1015 monometro
412 952 539 1015 iambico
567 954 756 1024 terminatur,
785 955 932 1017 secundus
960 975 1029 1019 rero
1053 959 1186 1019 trimeter
1209 966 1254 1020 est
1274 957 1455 1030 iambicus,s

146 1053 192 1115 sed
218 1050 351 1116 claudus.
395 1053 539 1116 iambicus
567 1063 664 1116 autern
693 1074 795 1118 versus
817 1076 877 1118 non
898 1057 1028 1119 iambum
1051 1058 1145 1121 scium
1168 1060 1219 1121 sed
1242 1068 1272 1122 et
1294 1060 1430 1121 heroicos

145 1157 245 1236 recipit
271 1155 378 1238 pedes,
407 1155 480 1218 locis
507 1155 621 1218 scilicet
647 1157 800 1238 inparibus
829 1157 875 1240 [et
901 1159 1053 1222 dibraoehi
1081 1161 1271 1244 coniuncto];
1301 1180 1429 1242 ususque

145 1259 290 1320 invonitur
311 1258 367 1320 bac
390 1260 476 1321 metri
498 1260 711 1339 compositione
738 1277 797 1321 uno
822 1269 932 1323 tanturn
956 1271 1059 1332 cantu,
1088 1265 1171 1326 euius
1193 1265 1306 1345 primus
1329 1281 1430 1325 versus

146 1361 286 1441 ascriptus
308 1368 366 1431 est,
389 1361 453 1423 Non
477 1360 550 1422 ebur
573 1379 668 1442 neque
690 1380 822 1424 aureum.

222 1460 404 1525 Duodecima
432 1463 488 1525 ode
517 1462 688 1526 monocolos
717 1471 769 1525 cst.
814 1471 909 1527 metro
937 1467 1015 1527 enim
1043 1467 1122 1548 quod
1150 1470 1249 1530 ionico
1276 1488 1292 1530 a
1315 1468 1429 1530 minore
1442 1481 1467 1522 ιο

144 1564 173 1626 bt
194 1565 377 1638 continetur,
406 1565 483 1646 quod
506 1567 625 1646 quidem
649 1584 707 1626 non
731 1585 854 1627 numero
876 1566 1003 1647 pedum,
1030 1568 1081 1629 sed
1105 1588 1209 1631 sensus
1230 1570 1288 1631 bne
1310 1569 1429 1633 conciu-

145 1666 235 1738 ditur,
259 1673 347 1748 atque
369 1667 435 1728 ideo
458 1688 474 1729 a
496 1666 595 1729 multis
617 1669 726 1747 synatia
749 1670 846 1749 potius
861 1671 1045 1740 nominatur;
1068 1689 1196 1752 ususque
1212 1679 1256 1734 est
1269 1672 1326 1733 bac
1342 1675 1429 1735 mebi

144 1770 356 1850 compositione
383 1787 443 1830 uno
472 1778 586 1832 tantum
614 1778 719 1840 cantu,
749 1772 832 1832 euius
858 1774 1034 1852 principium
1065 1771 1232 1845 subnotavi,
1256 1775 1428 1836 Miserarum

144 1878 301 1951 estusque
322 1873 417 1932 amori
439 1870 510 1932 dare
532 1869 643 1934 ludum.

221 1971 319 2034 Tertia
348 1972 461 2034 decima
490 1972 545 2034 ode
574 1973 683 2036 dicolos
710 1982 756 2036 est
777 1973 925 2037 distrosos.
970 1994 1037 2037 nam
1060 1976 1142 2056 prior
1165 1995 1266 2037 versus
1289 1977 1424 2039 heroicus
1438 1990 1462 2031 1⁵

143 2082 196 2147 cst,
223 2092 351 2155 sequens
379 2093 448 2136 vero
477 2075 726 2155 penthemimeres
753 2077 816 2139 eins
843 2077 982 2146 officiium
1015 2096 1144 2157 ususque
1178 2087 1222 2139 est
1253 2078 1309 2139 bae
1337 2082 1425 2141 metri

143 2179 351 2259 compositione
372 2196 432 2239 uno
454 2185 567 2239 tantum
590 2188 692 2249 cantu,
715 2179 798 2240 erius
813 2197 914 2240 versus
932 2181 1075 2258 ascriptus
1091 2187 1148 2250 est,
1173 2180 1321 2260 biiiugere
1343 2182 1425 2243 nives

144 2279 267 2343 redeunt
286 2280 345 2341 iam
368 2280 502 2358 gramina
525 2282 644 2360 eampis.

222 2382 332 2455 Quarta
354 2382 468 2443 decima
492 2382 547 2443 ode
569 2380 681 2444 dicolos
703 2391 748 2444 est
769 2381 917 2444 distrosos.
963 2384 1044 2463 prior
1067 2385 1145 2445 enim
1168 2402 1270 2445 versus
1291 2384 1430 2446 trimeter

142 2491 183 2545 cst
207 2482 366 2556 iambicus,
394 2484 541 2546 secundus
571 2503 640 2546 vero
668 2484 793 2546 dimeter
821 2485 986 2554 invenitur;
1020 2503 1149 2566 ususque
1178 2494 1222 2547 est
1250 2486 1305 2547 bae
1337 2489 1463 2548 metrico

142 2587 349 2667 compositione
378 2586 480 2648 decem
510 2594 622 2649 tantum
650 2586 798 2658 cantibus,
828 2604 953 2668 quornm
982 2588 1142 2667 primordia
1170 2587 1338 2657 subnotari,
1368 2588 1425 2650 ibis

142 2686 276 2768 Libyrnis
296 2688 375 2749 inter
398 2686 454 2748 alta
478 2689 609 2761 navium,
637 2689 746 2750 Reatns
767 2687 816 2751 ilie
838 2690 889 2769 qui
910 2687 1015 2768 procul
1038 2691 1176 2769 negotiis,
1200 2691 1334 2751 Parentis
1354 2690 1424 2752 olim

139 2790 227 2872 cquis
252 2790 343 2869 impia
369 2808 475 2860 manu,
504 2791 593 2870 Lupis
622 2799 652 2852 et
680 2792 763 2870 agnis
790 2799 897 2872 quanta
925 2791 1029 2852 sortito
1058 2793 1175 2871 optigit,
1203 2792 1240 2852 tt
1261 2811 1279 2852 o
1301 2790 1423 2852 deorum

140 2891 274 2973 qucquid
304 2892 336 2952 in
363 2891 444 2954 eaelo
472 2894 562 2972 regit,
592 2893 668 2965 Ouid
697 2894 870 2955 inmerentis
897 2892 1028 2973 hospites
1056 2911 1142 2954 vexas
1170 2894 1265 2963 canis,
1300 2892 1424 2973 Quoquo

141 2993 255 3057 scelesti
276 2995 363 3055 ruitis
385 3002 435 3056 aut
456 3012 510 3055 eur
531 2995 674 3066 dexteris,
697 2995 813 3074 Rogare
836 2995 924 3076 longo
945 2994 1077 3076 putidam
1093 3003 1121 3055 te
1144 2992 1276 3064 saeculo,
1300 2993 1424 3066 Quando
1438 3012 1462 3052 rs

140 3098 296 3179 sepositum
318 3095 482 3159 caccubum
498 3097 534 3159 ad
551 3099 641 3158 testas
663 3095 769 3175 dapes,
794 3097 868 3160 Maia
891 3095 985 3158 soluta
1008 3098 1088 3158 naris
1112 3099 1171 3157 crit
1192 3093 1270 3157 alite.

219 3198 327 3272 Quinta
355 3198 467 3261 decima
496 3198 552 3261 ode
581 3197 692 3260 dicolos
714 3206 760 3260 est
780 3198 928 3260 distrosos.
972 3215 1040 3259 nam
1063 3200 1145 3276 prior
1168 3215 1269 3259 versus
1292 3199 1425 3259 trimeter

139 3298 281 3365 iambicus
301 3309 359 3375 est,
387 3301 534 3364 secundus
556 3319 625 3361 vero
648 3308 763 3362 constat
785 3318 820 3360 er
848 3301 1082 3379 penthemimere
1104 3300 1224 3361 beroien
1247 3308 1277 3362 ct
1298 3300 1424 3361 dimetro

138 3403 276 3475 iambico;
304 3421 433 3484 ususque
462 3410 506 3464 est
533 3403 589 3464 bae
616 3405 704 3463 metri
734 3404 947 3482 compositione
975 3421 1035 3464 uno
1068 3410 1180 3464 tanturn
1209 3411 1312 3473 cantu,
1342 3403 1425 3463 euius

138 3523 237 3569 rcrsrrs
260 3505 406 3586 ascriptus
427 3512 487 3576 est,
509 3505 591 3567 Peeti
614 3503 688 3565 nihil
709 3523 757 3566 me
778 3505 855 3566 sicut
876 3512 961 3566 antea
984 3506 1070 3565 iuvat.
1437 3520 1462 3561 ro

220 3608 310 3671 Sexte
338 3607 452 3670 decima
481 3607 537 3670 ode
567 3606 681 3669 dicolos
703 3615 749 3668 cst
770 3606 917 3668 distroios.
962 3607 1044 3686 prior
1067 3607 1143 3666 enim
1167 3624 1267 3667 versus
1288 3605 1426 3666 heroicus

138 3709 300 3782 inveniunt,
333 3710 480 3773 secundus
513 3728 582 3771 vcro
616 3715 731 3770 constat
758 3726 793 3768 er
822 3708 947 3769 dimetro
976 3707 1102 3769 iambico
1132 3717 1161 3768 et
1193 3707 1425 3787 penthemimere

139 3810 272 3883 heroico:
301 3829 431 3892 ususque
459 3818 504 3874 cst
531 3813 587 3873 bac
618 3812 706 3872 metri
733 3811 943 3889 compositione
970 3829 1030 3871 nno
1065 3817 1176 3871 mutum
1211 3817 1313 3878 cantu,
1343 3809 1426 3870 euius

140 3915 314 3996 principium
337 3913 506 3984 subnotari,
532 3912 536 3995 Ι
556 3913 682 3974 Horrida
705 3920 864 3994 tempestas
886 3911 998 3974 eaelum
1022 3913 1168 3974 contraxit
1189 3918 1219 3972 et
1240 3909 1360 3972 imbres.

219 4017 351 4099 Septima
373 4015 487 4077 decima
509 4015 564 4077 ode
587 4014 700 4076 dicolos
722 4025 767 4076 est
788 4012 935 4076 distrosos.
967 4033 1034 4075 nam
1057 4014 1139 4093 prior
1162 4030 1263 4075 versus
1284 4013 1423 4075 heroicus
1436 4032 1462 4074 as

140 4125 192 4191 cst,
221 4117 369 4181 secundus
397 4137 466 4179 vero
494 4117 640 4180 iambicus
672 4116 797 4179 dimeter
829 4116 992 4187 invenitur;
1026 4135 1154 4195 ususque
1183 4125 1227 4178 cst
1254 4115 1310 4177 bae
1338 4116 1426 4177 metri

203 4440 220 4495 3
244 4441 344 4494 seherio
361 4441 476 4493 arborem
495 4441 602 4493 cludetis
674 4443 689 4490 7
709 4450 733 4492 et
751 4440 880 4492 dihraccbi
905 4439 1055 4503 coniuncto,
1074 4454 1138 4505 qnae
1158 4437 1190 4488 ab
1207 4438 1253 4489 boc
1270 4441 1325 4489 ioco
1342 4439 1427 4489 atiena

138 4519 205 4575 tract,
219 4513 257 4563 ad
272 4512 437 4577 definitiom
460 4514 568 4564 decem
590 4511 656 4564 odae
674 4515 800 4575 pertinere
825 4511 947 4572 videntur,
966 4518 993 4559 ct
1013 4510 1048 4561 ibi
1065 4517 1154 4573 praet
1175 4508 1301 4576 pyrrichio
1313 4507 1375 4569 tte,
1392 4507 1425 4558 35

136 4586 252 4649 mm
264 4584 346 4647 suerit
363 4593 387 4634 ct
405 4583 526 4648 dihracby
544 4584 678 4634 coniuncto
748 4581 923 4645 9asscriptus
995 4578 1026 4630 16
1048 4578 1251 4647 penthimimeres
1322 4578 1354 4630 17
1374 4591 1424 4627 uno

135 4660 218 4707 itmcu
235 4663 311 4705 cantu
381 4655 519 4720 asscriptus
591 4653 622 4704 18
640 4652 747 4703 sedeunt
815 4648 849 4699 20
868 4650 974 4701 dimetro
994 4651 1122 4701 inuenitur
1192 4648 1225 4701 23
1250 4648 1349 4699 sortitio

135 4724 169 4777 24
183 4720 261 4791 regit]
282 4724 350 4791 spuit
420 4739 519 4789 quoquo
535 4723 654 4773 caelestis
670 4723 729 4773 uitis
798 4721 830 4772 25
855 4719 981 4771 dexsteris
1052 4721 1085 4772 28
1104 4728 1142 4770 est
1156 4726 1216 4782 port
1233 4718 1358 4769 iambicus
1376 4731 1422 4772 orn.

202 4794 429 4861 penthimimenerc
484 4794 518 4846 30
536 4794 676 4860 asscriptus
734 4792 816 4841 iubeat
886 4790 922 4842 32
939 4788 1132 4855 pentbimimerc
1150 4789 1254 4842 hercles
1321 4786 1356 4842 33
1373 4800 1425 4841 uuo

136 4872 219 4917 mcc
233 4873 310 4915 centu
