3314 5506
224 387 285 450 tau
786 382 939 466 [SllllGll]

1295 504 1318 545 p.
1331 492 1449 536 ass-ast.

224 567 358 638 lativum;
381 570 437 630 hoc
459 572 488 631 in
512 570 590 632 nulla
612 578 695 652 parte
722 571 864 632 orationis
890 573 1031 633 invenies.
1075 572 1151 633 istac
1172 578 1241 635 sunt
1262 589 1335 650 ergo
1356 573 1565 652 perlectae

223 671 417 734 definitiones.
462 673 586 734 ‘nomen
609 681 653 735 est
674 690 743 753 pars
763 674 904 735 orationis
925 692 991 735 oum
1014 679 1111 737 casu'.
1154 673 1222 735 ideo
1244 673 1404 736 dixitcum
1425 692 1562 763 casu,

224 775 291 852 quia
314 773 427 836 nullum
449 792 557 836 nomen
580 777 708 837 estsine
730 781 821 837 casu’
866 775 935 854 quid
962 784 1008 839 est
1034 777 1099 836 sine
1120 775 1208 837 casui
1237 777 1302 837 nne
1323 777 1404 837 omui
1424 794 1555 857 orsu,

224 883 355 943 ceterum
377 877 441 938 sine
463 876 560 957 aliquo
583 896 651 939 casu
673 885 770 957 potest
790 879 928 949 inveniri,
957 877 1002 939 sel
1023 879 1111 939 unius
1133 895 1234 948 casm,
1257 885 1290 940 ut
1311 884 1417 959 sponte
1435 883 1553 956 tab.)

198 984 308 1051 austu,
337 976 381 1039 vel
410 977 549 1050 duorum,
578 989 610 1041 ut
635 980 762 1058 Iupiter,
792 979 836 1040 rel
862 981 965 1048 trium,
994 987 1026 1040 ut
1054 996 1197 1059 nequam,
1228 978 1271 1041 vel
1293 986 1443 1060 wutron,
1496 1006 1545 1059 ug

224 1079 310 1143 huius
337 1079 436 1142 lateris
463 1081 532 1142 huic
559 1081 644 1143 lateri
671 1081 750 1144 huuc
778 1080 900 1143 laterem
928 1079 965 1142 ala
992 1081 1049 1141 hoc
1078 1079 1181 1143 latere.
1224 1083 1290 1143 sine
1304 1090 1387 1145 'casu
1407 1088 1533 1156 autem

223 1183 342 1262 penitus
368 1200 428 1244 non
455 1190 551 1263 potest
577 1184 711 1251 inveniri.
755 1203 822 1246 nam
845 1203 913 1245 mox
940 1191 974 1245 ut
1001 1184 1130 1244 nascitur
1152 1201 1277 1254 nomen,
1300 1182 1389 1247 habet
1408 1185 1524 1264 ipsum

224 1283 427 1364 appellationis
459 1303 529 1347 suae
562 1304 670 1347 casum.
714 1286 781 1349 ideo
814 1286 915 1348 delinit
942 1292 1068 1347 ‘nomeu
1095 1293 1140 1348 est
1167 1303 1237 1366 pars
1268 1286 1410 1348 orationis
1434 1305 1517 1351 cum

224 1393 320 1457 casu',
343 1388 425 1467 quia,
445 1383 451 1471 Ι
469 1387 538 1449 licet
552 1405 611 1448 non
626 1387 732 1450 haheat
754 1407 858 1450 omnes
878 1406 976 1455 casus,
999 1395 1098 1449 tamen
1119 1405 1181 1448 non
1201 1395 1302 1467 potest
1323 1405 1383 1449 uon
1395 1386 1515 1451 muare

187 1499 212 1542 tv
225 1486 270 1549 rel
296 1506 398 1551 unum.
442 1490 531 1552 adicit
556 1489 663 1552 deinde
692 1496 819 1570 ‘corpus
847 1498 897 1551 aut
923 1495 1015 1551 rem'.
1060 1488 1224 1569 corporalia
1251 1496 1282 1550 et
1312 1489 1510 1570 towrpormn

227 1589 329 1653 vllcunt
349 1593 541 1670 grammatici.
584 1591 706 1663 videris,
728 1590 799 1672 quid
821 1591 921 1653 dicant
941 1590 1109 1670 philosophi
1131 1588 1178 1653 vel
1199 1597 1345 1653 oratores.
1385 1592 1508 1653 iuten'm

223 1695 406 1772 grammatici
434 1693 586 1776 corporale
614 1694 716 1755 dicunt
742 1693 820 1774 quod
848 1694 963 1755 ridetur
991 1702 1020 1753 et
1048 1694 1190 1770 tangitur,
1220 1692 1404 1774 incorporale
1421 1683 1511 1773 guod

223 1813 279 1856 nec
301 1796 416 1858 ridetur
444 1816 500 1858 noc
527 1797 665 1874 tangitur.
709 1797 853 1873 significat
880 1805 976 1857 autem
1005 1804 1055 1856 aut
1081 1796 1202 1875 proprie
1224 1804 1275 1856 aut
1297 1797 1511 1858 monemur:

224 1900 359 1977 proprie,
382 1901 407 1960 si
429 1898 509 1960 dieas
524 1898 649 1967 Hector;
673 1900 882 1967 communiter,
905 1901 930 1958 si
953 1897 1032 1958 dicas
1055 1898 1154 1958 laomo.
1184 1898 1338 1977 proprium
1361 1904 1404 1958 est
1419 1883 1513 1976 pand

187 2012 210 2053 ¹⁵
224 2003 309 2062 unius
333 2009 390 2070 est,
415 2019 571 2071 commune
593 2000 671 2080 quod
694 1999 853 2061 multorum
876 2009 931 2060 est.
975 1998 1044 2078 quin
1067 1999 1216 2078 sequitur?
1238 2002 1264 2060 si
1286 2001 1427 2080 proprium
1444 1995 1514 2057 Εἰ

223 2107 360 2164 etunius
387 2110 445 2172 est,
477 2105 640 2164 numerum¹
661 2101 803 2182 pluralem
833 2119 891 2161 nun
914 2103 1028 2180 recipit
1073 2119 1139 2162 nam
1162 2099 1240 2181 quod
1262 2103 1350 2163 unius
1369 2108 1420 2172 cst,
1438 2111 1516 2159 nu·

223 2222 336 2265 merum
364 2203 507 2284 pluralem
537 2223 596 2266 non
624 2206 737 2283 recipit.
782 2202 907 2265 dicimus
933 2211 1032 2264 tamen
1061 2202 1307 2281 Clytaemnestras
1333 2201 1437 2264 lisdem
1457 2197 1516 2258 el

223 2304 372 2366 ‘Decios
404 2307 540 2368 llarios
574 2324 801 2386 magnosque
834 2303 1039 2366 Camillos’.
1083 2305 1134 2366 sed
1162 2305 1220 2366 hoc
1249 2313 1321 2367 tunc
1352 2301 1515 2381 oonmgit.

222 2406 338 2486 quando
367 2406 450 2469 rnulti
477 2415 546 2469 sunt
572 2410 622 2489 qui
649 2411 713 2488 ipso
747 2409 866 2469 nomine
899 2415 1048 2468 vocentur.
1092 2407 1147 2468 luit
1178 2406 1289 2468 Marius
1310 2406 1516 2468 antinous,

184 2520 209 2560 ²⁰
223 2507 278 2569 luit
303 2507 352 2569 ille
379 2511 430 2589 qui
456 2510 614 2571 Praeneste
643 2513 755 2571 occisus
783 2492 840 2576 est.
869 2510 927 2569 luit·
945 2509 1053 2588 septies
1075 2506 1187 2569 consul.
1231 2508 1302 2589 quid
1324 2507 1436 2569 dicimru
1452 2499 1518 2564 «le

220 2609 472 2690 Clytaemnestris,
496 2611 532 2671 de
554 2611 681 2672 Medeis?
704 2611 789 2673 aliam
813 2612 930 2690 scripsit
950 2609 1082 2671 llodeam
1105 2609 1280 2690 Sophocles,
1303 2611 1373 2671 item
1393 2611 1420 2669 iu
1437 2602 1518 2668 uio

224 2711 333 2774 luroris
360 2722 426 2774 actu
454 2712 540 2774 aliam
562 2713 732 2793 Euripides,
761 2713 846 2775 aliam
870 2712 977 2773 diversi
999 2712 1169 2791 scriptores.
1214 2728 1287 2791 ergo
1308 2729 1368 2773 non
1388 2710 1421 2771 ua
1437 2700 1521 2769 illis

220 2814 331 2876 lledeis
358 2816 514 2885 sentimus,
544 2834 619 2895 quae
647 2815 819 2876 occiderunt
845 2813 921 2875 filios
948 2832 1034 2883 suus,
1063 2814 1147 2893 quasi
1168 2812 1278 2876 multae
1300 2815 1371 2884 sim,
1391 2809 1438 2875 sed
1455 2801 1521 2867 de

221 2914 279 2977 illis
306 2935 381 2996 qaue
408 2919 535 2997 scriptae
562 2925 631 2978 sunt
657 2936 711 2998 per
739 2919 834 2978 varios
861 2923 1006 2977 auctores.
1050 2916 1157 2976 iterum
1193 2914 1272 2996 quod
1302 2914 1384 2977 multi
1406 2901 1522 2976 ilarii·

182 3032 208 3072 ²⁵
221 3017 304 3080 multi
327 3018 440 3082 Camilli
467 3019 598 3090 luerunt,
621 3021 726 3098 recipit
755 3037 909 3079 numerum
936 3015 1089 3114 plurapm.
1134 3016 1340 3097 appellativum
1362 3025 1404 3078 est
1421 2993 1525 3096 quod

220 3120 380 3183 multorum
407 3130 466 3182 est:
496 3121 599 3189 laonio,
629 3128 658 3181 et
685 3139 740 3200 ego
769 3121 858 3182 homo
881 3130 909 3181 et
931 3128 962 3181 tu
984 3120 1072 3179 homo
1096 3126 1125 3179 et
1145 3117 1196 3180 ille
1217 3119 1307 3180 homo
1330 3126 1359 3180 et
1380 3117 1425 3179 alii
1443 3115 1526 3176 ho·

220 3225 324 3285 mines.
370 3225 393 3284 si
417 3241 488 3302 ergo
511 3221 715 3302 appellativum
739 3232 783 3283 est
805 3221 883 3303 quoti
899 3220 1057 3282 multorum
1081 3229 1140 3292 est,
1162 3239 1254 3302 quare
1276 3221 1381 3300 recipit
1400 3224 1529 3280 numss‘

221 3342 287 3385 rum
309 3324 508 3403 singularem?
530 3344 617 3405 quem
641 3324 819 3386 admodum
841 3325 995 3404 proprium
1019 3341 1078 3383 arun
1101 3324 1208 3402 recipit
1227 3340 1384 3383 numemm
1403 3319 1533 3402 plura‘

219 3424 292 3494 lem,
322 3429 364 3487 sic
392 3439 422 3487 et
450 3425 653 3507 appellativum
678 3445 736 3487 uon
760 3426 847 3488 debet
875 3429 1008 3505 recipere
1031 3422 1225 3502 singularem:
1250 3424 1301 3486 sed
1324 3423 1371 3484 hie
1392 3415 1537 3485 laeiltof

181 3540 206 3582 ³⁰
220 3529 294 3589 ratio
316 3536 369 3598 est,
398 3547 484 3608 quam
514 3531 543 3589 in
567 3530 698 3608 proprio.
743 3547 810 3590 narn
834 3528 884 3589 ubi
906 3547 982 3588 uuus
1004 3537 1064 3598 est,
1088 3525 1170 3587 multi
1193 3543 1252 3587 non
1276 3534 1360 3595 suut:
1382 3524 1430 3587 uhi
1449 3526 1540 3584 ³1¹*

219 3641 278 3692 tem
306 3628 391 3691 multi
418 3640 497 3700 suut,
528 3633 613 3692 etiam
642 3649 719 3692 unus
749 3638 801 3692 est.
847 3627 1018 3709 appellativa
1046 3647 1122 3709 quae
1149 3635 1231 3699 sunt,
1267 3628 1341 3689 liunt
1368 3618 1545 3708 propri³³

219 3749 294 3812 quae
323 3741 419 3794 autem
450 3735 568 3813 propria
590 3741 672 3802 sunt,
702 3731 766 3792 lieri
789 3731 962 3812 appellativa
985 3749 1045 3791 nnn
1067 3740 1199 3811 possunt.
1244 3731 1338 3792 victor
1359 3729 1469 3791 dicitur·
1518 3721 1551 3765 ³

219 3835 353 3902 victoria,
381 3835 386 3911 Ι
412 3833 479 3894 lelix
502 3854 518 3894 a
541 3833 692 3894 felicitate:
722 3851 793 3912 ergo
821 3833 875 3894 sub
904 3833 959 3894 hac
987 3833 1199 3911 significatione
1221 3830 1427 3911 appellativum
1447 3820 1555 3893 est·

220 3935 271 3996 sod
293 3942 323 3994 et
349 3942 433 4012 pater
460 3934 520 3995 lilio
547 3954 600 3996 suo
629 3934 685 3995 hoc
711 3953 819 3996 nornen
847 3936 970 4015 inponit,
1000 3943 1030 3995 et
1056 3942 1177 3996 vocatur
1206 3933 1312 4014 aliquis
1334 3935 1432 3997 Victor
1451 3916 1560 3994 3¹¹⁸

181 4045 206 4087 ³⁵
220 4034 314 4105 Felix,
338 4044 367 4095 et
389 4037 421 4095 lit
443 4055 478 4097 ex
500 4035 672 4117 appellativo
697 4055 804 4098 nomen
828 4039 990 4116 proprium.
1035 4036 1090 4097 ista
1113 4043 1157 4096 est
1179 4035 1312 4097 delinitio
1333 4037 1488 4098 nominis·

303 4137 420 4197 Numini
447 4140 582 4200 accidunt
615 4137 739 4218 qualitas
773 4141 942 4219 conparatio
979 4155 1072 4215 genus
1109 4155 1251 4198 numerus
1282 4139 1378 4216 figura
1410 4130 1560 4199 easssff‘

218 4236 342 4318 qualitas
364 4242 516 4300 nominum
544 4240 683 4301 dividitur
710 4259 765 4320 per
788 4241 859 4302 eluas
882 4249 989 4321 partes.
1034 4250 1084 4301 aut
1106 4242 1183 4300 euim
1206 4243 1363 4320 proprium
1386 4250 1430 4301 est
1451 4237 1559 4294 00‘

287 4393 304 4441 4
323 4392 378 4441 siue
395 4391 480 4455 aliquo
494 4409 554 4444 casu
573 4409 622 4443 non
643 4402 727 4459 potest
746 4394 853 4443 inueniri
868 4393 908 4443 uel
923 4409 990 4444 unus
1005 4409 1080 4445 casus
1098 4396 1124 4444 F
1138 4394 1194 4443 siue
1212 4393 1299 4458 aliquo
1318 4407 1443 4444 castanon
1473 4382 1554 4480 1³⁰7*

218 4470 266 4511 test
282 4461 391 4511 inueniri
411 4464 470 4525 quia
487 4478 534 4513 non
552 4466 584 4513 sit
602 4465 642 4512 uel
661 4465 735 4513 unius
749 4480 824 4514 casus
841 4466 862 4515 S
951 4464 1123 4530 languilon
1142 4463 1185 4513 FS
1198 4462 1385 4530 significantl
1505 4443 1524 4492 ¹

217 4532 382 4582 clitemestras
402 4533 503 4581 medens
524 4533 570 4583 LS
586 4534 713 4597 clytemes.
731 4535 874 4584 tromedens
890 4534 915 4582 F
985 4534 1015 4584 18
1033 4530 1135 4599 Decios]
1159 4535 1239 4598 Verg.
1258 4548 1348 4598 georg.
1364 4533 1386 4582 ll
1404 4530 1466 4584 169

219 4600 253 4652 19
270 4601 365 4651 marius
387 4603 517 4667 gratianus
538 4604 560 4651 L
580 4606 673 4653 marius
691 4605 798 4666 (marius
815 4603 847 4662 S)
863 4604 1028 4654 mastidianus
1044 4603 1090 4655 FS
1192 4603 1224 4653 21
1244 4605 1276 4652 ale
1295 4603 1473 4676 clitemestrig
1497 4578 1542 4630 δ(

218 4672 300 4722 medis
318 4673 394 4722 alium
410 4672 512 4721 scribsit
528 4672 611 4722 modio
626 4674 736 4724 soloeles
755 4675 814 4723 item
833 4674 913 4738 (corr.
934 4674 1013 4735 idem)
1033 4672 1057 4722 L
1075 4675 1107 4723 de
1125 4673 1255 4737 clytemes.
1275 4673 1406 4726 nomeriis.
1425 4660 1536 4722 ⁸1¹⁸¹n
1595 4698 1597 4705 ·

217 4741 292 4792 alium
310 4743 415 4809 scripsit
426 4742 542 4791 medeam
559 4743 677 4794 sollooles
695 4745 762 4794 idem
776 4745 801 4794 F
816 4745 847 4794 de
864 4745 1004 4794 clemestris
1021 4754 1046 4794 et
1063 4744 1095 4793 de
1117 4743 1214 4793 medela
1230 4743 1308 4793 aliam
1328 4743 1426 4809 scripsit
1455 4736 1528 4781 [ΠΨ

218 4812 293 4862 deam
308 4813 418 4863 soloeles
430 4810 534 4862 idemS
602 4814 946 4880 22enripidisFerupides
966 4815 987 4862 l.
1004 4812 1173 4879 eoripedesS
1242 4806 1466 4863 autocitrsnFS
1512 4858 1518 4869 ,

218 4880 252 4934 34
269 4883 368 4948 inponit
382 4884 426 4934 FS
442 4884 545 4949 inponet
564 4882 588 4930 L
658 4884 751 4947 aliquis
769 4884 881 4948 Soliqui
901 4883 935 4945 L,
954 4885 1038 4934 unnF
1108 4882 1141 4933 37
1159 4882 1361 4948 perduasbio
1378 4882 1444 4932 duas
1461 4862 1514 4919 F3
