3314 5506
190 378 262 425 xxx
728 367 938 429 PRAEFATIO

272 548 361 633 Ergo
384 558 421 613 ut
441 550 554 634 paucis
577 550 837 636 conprehendam
859 572 942 637 quae
965 551 1146 637 disputavi,
1170 553 1217 615 sic
1240 560 1364 617 statuo:
1395 574 1479 637 quae

188 651 315 716 Probus
337 651 377 714 de
399 650 609 737 conpluribus
631 653 711 716 artis
734 654 964 737 grammaticae
985 653 1133 738 partibus
1157 654 1278 736 scripta
1292 653 1478 739 reliquerat,

188 776 262 816 cum
284 775 442 816 summam
464 753 689 818 auctoritatem
717 754 804 839 apud
831 755 1059 839 grammaticos
1087 763 1183 819 nacta
1211 765 1333 835 essent,
1364 764 1480 839 postea

187 856 223 919 in
249 863 350 919 artem
377 855 509 920 redacta
536 865 622 919 sunt.
661 876 759 942 quam
790 867 892 920 artem
925 856 1052 921 duobus
1084 855 1177 921 libris
1210 857 1257 921 sic
1288 856 1479 942 dispositam

187 956 289 1020 fuisse
311 959 470 1043 suspicari
492 979 673 1043 possumus,
697 964 734 1020 ut
754 958 861 1042 priore
884 957 982 1038 libro,
1006 960 1061 1044 qui
1083 968 1237 1023 consueto
1259 968 1328 1022 turn
1350 957 1479 1023 nomine

187 1058 336 1124 instituta
358 1062 477 1125 artium
497 1059 672 1144 inscriptus
700 1080 771 1122 esse
793 1058 937 1139 videtur,
961 1059 1000 1122 de
1023 1059 1139 1124 litteris
1169 1070 1202 1124 et
1224 1059 1359 1146 syllabis
1383 1060 1478 1125 etde

188 1169 261 1225 octo
283 1161 432 1247 partibus
455 1161 611 1226 orationis
633 1170 859 1247 exponeretur,
882 1159 983 1225 altero
1005 1161 1046 1225 de
1068 1159 1236 1226 catholicis
1258 1161 1424 1225 nominum
1447 1173 1480 1226 et

187 1261 371 1327 verborum.
394 1284 436 1327 ex
457 1261 509 1327 his
530 1285 614 1327 unus
636 1261 817 1327 catholicon
840 1261 923 1326 liber
945 1265 991 1326 sic
1013 1262 1097 1344 fere,
1126 1273 1163 1328 ut
1193 1273 1271 1328 tunc
1290 1264 1478 1348 conpositus

188 1372 255 1445 est,
278 1365 415 1446 restitit3
442 1366 591 1430 instituta
613 1365 730 1429 artium
759 1372 866 1428 autem
888 1365 1067 1429 recentiore
1093 1373 1199 1429 aetate
1219 1366 1253 1428 in
1276 1387 1393 1429 novam
1415 1364 1479 1428 for·

187 1487 283 1546 ruam,
305 1487 389 1551 quae
412 1477 444 1531 et
466 1467 508 1531 ad
522 1467 710 1553 posterioris
725 1466 880 1551 temporis
903 1465 1076 1530 utihtatem
1098 1476 1131 1530 et
1152 1466 1193 1530 ad
1209 1466 1333 1551 primae
1347 1465 1478 1551 linguae

187 1570 424 1633 institutionem
452 1569 696 1658 accommodata
722 1579 824 1648 esset,
857 1567 989 1632 redacta
1016 1578 1101 1632 sunt.
1130 1589 1194 1654 quo
1216 1568 1338 1633 facturn
1362 1577 1411 1632 est
1432 1578 1478 1648 ut,

186 1693 260 1735 cum
288 1671 469 1756 antiquiore
497 1670 580 1734 libro
608 1669 755 1756 neglecto
782 1671 835 1734 hic
863 1672 1037 1750 recentior,
1070 1692 1165 1756 quem
1198 1692 1283 1734 nunc
1311 1670 1478 1752 habemus,

187 1772 275 1837 solus
297 1780 498 1852 servaretur,
527 1771 630 1837 multa
656 1773 843 1837 vetustioris
871 1771 1037 1836 doctrinae
1058 1773 1199 1857 vestigia
1220 1772 1479 1858 relinquerentur

186 1874 221 1938 in
242 1873 420 1955 catholicis,
443 1896 548 1960 pauca
568 1875 603 1939 in
624 1875 792 1939 institutis.

270 1976 323 2040 De
359 1975 491 2063 reliquis
524 1975 616 2040 libris
650 1977 783 2042 brevius
817 1975 933 2040 dicam.
970 1975 1232 2061 appendicem
1268 1975 1318 2039 ad
1355 1976 1478 2041 Probi

186 2086 311 2141 artem
333 2079 526 2142 minorem
547 2078 686 2142 editores
709 2077 978 2142 vindobonenses
1000 2078 1154 2141 dixerunt
1182 2099 1222 2141 ea
1248 2099 1331 2163 quae
1359 2078 1393 2140 in
1414 2079 1476 2142 Bo·

185 2179 291 2243 biensi
313 2179 424 2244 codice
452 2187 526 2266 post
553 2181 704 2245 instituta
729 2179 828 2244 Probi
857 2180 927 2244 sive
959 2190 1059 2243 artem
1089 2180 1260 2259 minorem,
1290 2189 1326 2244 ut
1353 2178 1401 2243 illi
1429 2182 1476 2243 in-

187 2282 397 2366 scripserant,
427 2283 549 2367 scripta
577 2292 662 2347 sunt.
694 2281 774 2346 haec
802 2302 998 2368 quamquam
1019 2293 1153 2366 propter
1175 2281 1291 2363 locum,
1319 2304 1415 2367 quern
1442 2283 1476 2345 in

185 2382 296 2448 codice
312 2383 468 2464 obtinent7
483 2383 591 2449 Probo
613 2383 745 2448 minime
767 2383 964 2449 vindicanda
985 2405 1057 2447 esse
1072 2384 1217 2469 adparet,
1240 2393 1349 2448 tamen
1364 2384 1476 2470 aliqua

153 2512 158 2520 ·
184 2506 270 2570 pars,
293 2507 377 2571 quae
399 2494 449 2550 est
464 2485 504 2550 de
527 2486 726 2567 differentiis,
749 2487 783 2549 in
804 2486 915 2551 codice
932 2484 1217 2569 Montepessulano
1233 2485 1332 2551 Probi
1346 2488 1476 2550 nominc

185 2587 343 2672 inscripta
365 2596 423 2650 est.
447 2610 551 2674 neque
574 2610 644 2653 eam
667 2597 793 2653 tantum
808 2599 932 2673 partem
948 2590 1080 2674 quaein
1094 2587 1377 2672 Montepessulano
1393 2587 1477 2653 libro

186 2696 249 2769 eet,
279 2689 336 2753 sed
364 2689 489 2775 reliqua
516 2691 615 2755 etiam
642 2712 726 2776 quae
753 2690 793 2754 de
822 2690 933 2754 eodem
956 2699 1145 2774 argumento
1167 2698 1347 2776 sequuntur
1367 2690 1475 2755 Probo

186 2790 262 2855 olim
290 2791 414 2855 tributa
441 2814 512 2855 esse
540 2792 708 2871 videntur,
743 2793 769 2855 si
797 2790 893 2856 modo
921 2800 1009 2856 recte
1036 2790 1100 2855 huc
1128 2790 1223 2855 retuli
1251 2812 1290 2855 ea
1317 2814 1400 2878 quae
1433 2814 1485 2858 ex·

184 2893 414 2958 commentario
442 2892 482 2956 de
510 2893 619 2973 verbo,
647 2893 758 2979 quiin
780 2894 927 2957 Parisino
956 2891 1068 2957 codice
1091 2901 1170 2962 7491
1192 2893 1327 2958 'saeculo
1350 2894 1475 2959 decimo

185 2997 325 3081 scriptus
344 3002 403 3075 est,
418 2994 460 3058 ad
475 3018 507 3080 p.
523 3003 595 3076 201,
613 3005 651 3063 15
667 2996 839 3082 adscripsi:
856 2995 899 3060 cf.
912 3017 943 3080 p.
955 2993 1089 3059 XXIII.
1106 3016 1205 3080 quare
1221 2995 1328 3081 siquid
1343 2999 1475 3061 omnino

184 3098 307 3162 nomini
329 3095 428 3161 Probi
450 3097 658 3162 tribuendum
681 3106 745 3178 est,
776 3099 810 3161 in
838 3097 899 3160 hoc
926 3118 1054 3182 quoque
1084 3096 1335 3161 differentiarum
1364 3097 1474 3162 libello

185 3199 409 3286 quaedamex
431 3197 524 3262 libris
546 3199 661 3279 Probi,
689 3200 807 3285 quibus
836 3198 1030 3285 posteriores
1053 3200 1281 3283 grammaticos
1304 3221 1380 3263 usos
1403 3222 1475 3264 esse

184 3311 320 3383 constat,
344 3308 498 3386 excerpta
513 3322 584 3364 esse
599 3301 796 3386 putaverim,
819 3324 902 3386 qnae
917 3312 1031 3386 postea
1052 3323 1125 3364 curn
1147 3302 1219 3364 aliis
1241 3303 1474 3366 observationi·

183 3404 245 3468 bus
269 3426 311 3468 ex
332 3402 565 3469 consuetudine
587 3412 752 3468 extremae
774 3405 889 3467 aetatis
904 3403 1058 3489 profectis
1073 3403 1177 3466 mixta
1191 3412 1276 3467 sunt.
1299 3403 1384 3467 idem
1404 3404 1474 3468 fere

184 3505 303 3571 accidit
324 3507 357 3570 in
380 3507 587 3592 excerptis
611 3506 657 3570 de
679 3506 851 3587 nominc,
874 3507 908 3570 in
930 3506 1048 3591 quibus
1070 3504 1226 3590 conplura
1247 3506 1367 3585 insunt,
1390 3528 1474 3591 quae

185 3630 243 3673 cur
265 3631 285 3671 a
306 3608 441 3692 Berytio
462 3610 673 3691 grammatico
689 3608 912 3674 abiudicemus
927 3606 1018 3671 nulla
1032 3629 1163 3692 prorsus
1178 3629 1277 3671 causa
1292 3617 1352 3670 est.
1375 3609 1473 3671 immo

183 3731 266 3794 quae
288 3709 328 3772 de
350 3707 449 3773 dubio
471 3731 590 3793 genere
611 3708 843 3773 vocabulorum
871 3710 993 3795 scripta
1020 3718 1096 3771 sunt
1122 3731 1195 3774 cum
1218 3708 1259 3773 ab
1283 3710 1416 3794 antiquo
1440 3721 1474 3774 et

184 3810 278 3874 docto
301 3818 433 3873 auctore
454 3809 541 3874 haud
563 3811 661 3874 dubie
683 3811 830 3894 profecta
852 3820 936 3890 sunt,
960 3820 1026 3872 tum
1049 3809 1129 3873 nulli
1151 3810 1351 3896 probabilius
1374 3811 1474 3875 tribui

184 3921 329 3996 possunt,
352 3933 450 3996 quam
471 3909 547 3974 huic
569 3911 632 3995 ipsi
650 3911 765 3975 Probo.
788 3935 873 3975 nunc
897 3911 1003 3975 dehis
1019 3912 1177 3992 omnibuS,
1201 3935 1283 3999 quae
1299 3913 1473 3977 adnomen

184 4012 463 4078 etauctoritatem
486 4012 585 4076 Probi
606 4014 773 4093 revocavi,
801 4012 883 4077 illud
909 4012 1104 4077 monendum
1127 4023 1192 4094 est,
1222 4014 1307 4100 quod
1329 4016 1408 4079 satis
1431 4036 1473 4079 ex

182 4115 223 4179 iis
246 4136 330 4202 quae
352 4136 451 4200 supra
473 4115 638 4200 disputata
660 4124 736 4177 sunt
757 4113 914 4200 adparere
936 4125 1031 4201 puto,
1055 4117 1164 4179 omnia
1185 4117 1232 4180 ita
1252 4128 1378 4182 mutata
1399 4127 1432 4181 et
1453 4140 1474 4181 a

183 4217 320 4302 pristina
347 4216 453 4281 forma
480 4225 578 4302 atque
607 4216 756 4282 doctrina
783 4215 825 4280 ad
853 4219 1040 4281 recentioris
1075 4219 1191 4282 aetatis
1224 4240 1318 4282 usum
1346 4219 1474 4284 deflexa

184 4341 274 4399 esse,
304 4327 355 4399 ut,
386 4319 487 4404 siquis
509 4328 682 4405 propterea
702 4319 859 4382 iuniorem
882 4318 1023 4383 Probum
1047 4320 1149 4402 dicat,
1180 4320 1310 4385 delendi
1332 4323 1473 4407 quodam

182 4421 278 4484 modo
300 4420 418 4506 possit,
446 4442 509 4505 quo
538 4422 657 4486 certius
679 4422 865 4504 incorrupta
887 4423 1005 4485 vetoris
1028 4425 1230 4507 grammatici
1253 4424 1407 4486 memoria
1428 4423 1471 4487 ab

181 4523 222 4588 iis
260 4543 344 4609 qnae
375 4524 571 4586 recentiores
604 4524 758 4588 adhibitis
791 4525 861 4586 eius
893 4521 986 4586 libris
1015 4535 1048 4588 et
1074 4527 1203 4589 nomine
1230 4536 1472 4609 conposuerunt

183 4625 394 4691 discernatur.
417 4624 474 4688 sed
496 4625 556 4688 hoc
578 4628 680 4689 tenori
703 4624 785 4704 volo,
808 4646 913 4710 neque
935 4624 977 4688 ab
999 4648 1063 4690 uno
1079 4626 1208 4691 homine
1229 4649 1334 4713 neque
1356 4626 1470 4690 eodem

182 4738 325 4812 tempore
348 4748 386 4791 ea
408 4748 490 4812 quae
512 4748 597 4790 nunc
619 4726 680 4791 hoc
701 4728 829 4791 nomine
851 4727 1007 4811 inscripta
1029 4736 1105 4792 sunt
1118 4731 1286 4813 conposita
1308 4751 1387 4809 esse,
1411 4728 1471 4793 sed

182 4849 350 4897 commune
377 4827 519 4892 auctoris
546 4850 663 4891 nomen
690 4828 766 4891 inde
786 4831 970 4914 accepisse,
999 4830 1085 4915 quod
1112 4830 1155 4894 ad
1183 4853 1283 4896 unum
1303 4831 1470 4896 doctrinae
