3346 5506
237 380 300 442 aar
814 381 956 464 [enom]

290 510 311 549 ρ.
327 496 426 537 raro-rs
440 495 465 536 r.
1335 513 1359 553 ρ.
1373 500 1406 542 ιι.
1416 500 1442 543 rs
1455 500 1480 543 1„

199 580 217 624 'a
237 584 364 645 persona
386 566 478 627 larturi
501 568 642 645 temporis
664 567 694 625 in
715 567 810 645 prima
832 570 1037 647 coniugatione
1063 575 1212 646 postrema
1232 569 1343 651 syllaba
1369 569 1453 633 brevi
1479 590 1528 634 ex·

238 668 373 748 plicatur,
397 652 577 748 paenultima
592 676 690 730 autom
713 669 860 730 interdum
875 669 1021 748 positione
1039 669 1137 747 longa,
1160 677 1194 730 ut
1207 671 1319 731 utinam
1336 671 1528 752 contempler,

237 769 393 849 aliquando
423 769 520 839 brari,
548 778 581 831 ιιι
609 772 719 831 udnam
750 789 847 839 amer,
871 771 1019 832 interdum
1041 769 1144 851 longa,
1169 779 1202 831 ιιι
1230 773 1341 835 utinam
1368 773 1528 837 exclames.

236 873 366 934 secunda
387 871 431 932 rel
456 873 539 933 tertia
558 890 686 952 persona
705 871 863 949 singularis
891 873 921 931 iu
944 871 1083 935 omuibus
1104 873 1363 953 coniugationibus
1384 874 1530 954 paenulti-

210 992 314 1038 snratu
330 970 344 1056 b
358 972 497 1053 syllabam
523 992 641 1054 semper
665 974 784 1053 longam
809 975 972 1053 rccipiunt,
999 976 1061 1036 sire
1086 993 1103 1036 a
1124 976 1185 1037 sire
1208 994 1225 1037 e
1245 975 1363 1038 vocales
1391 975 1529 1039 babeant.

235 1078 330 1156 prima
359 1077 526 1154 coniugatio
554 1095 571 1136 e
597 1076 723 1137 litteram
752 1076 926 1155 productam
954 1075 1091 1146 babebit,
1120 1085 1153 1139 ut
1181 1077 1292 1138 utinam
1320 1076 1531 1157 contempleris

236 1177 470 1255 contemplatum
493 1186 611 1239 ceterae
633 1195 702 1239 rero
722 1176 880 1239 alitteram
903 1179 1076 1255 productam
1095 1176 1214 1249 habent,
1233 1187 1266 1240 ut
1282 1180 1395 1241 utinam
1410 1198 1529 1241 mouea-

235 1281 293 1349 ris,
321 1280 434 1340 utinam
460 1279 603 1350 audiaris,
632 1281 742 1341 utinam
770 1278 887 1357 legaris.
934 1278 970 1339 de
995 1289 1143 1357 postrema
1176 1287 1275 1341 autern
1302 1281 1438 1343 omniurn
1470 1298 1529 1343 non

236 1380 423 1451 dubitavcris,
446 1382 518 1460 quin
540 1381 638 1442 brevis
660 1383 696 1441 sit
716 1381 828 1442 eadem.
860 1381 974 1441 litterae
997 1380 1112 1443 vocales
1134 1389 1231 1443 oete
1253 1383 1311 1468 rim
1332 1400 1419 1444 suam
1441 1383 1529 1444 etiarn

198 1505 221 1544 ιι
236 1501 360 1543 numero
375 1481 484 1562 plurali
504 1481 681 1553 custodiunt,
705 1490 736 1543 ιιι
753 1484 865 1544 utinam
888 1481 1122 1561 contemplemur
1140 1481 1391 1562 contemplemini,
1417 1485 1529 1546 utinam

234 1586 394 1647 doceamur
415 1584 595 1653 doceamini,
620 1586 730 1646 utinam
751 1584 905 1645 audiamur
927 1584 1101 1654 audiamini,
1130 1587 1241 1646 utinam
1264 1584 1432 1647 scribamus·
1455 1586 1529 1647 scri·

234 1687 355 1748 bamini.
399 1686 547 1747 secundae
568 1704 714 1765 personae
735 1685 916 1764 paenultima
937 1685 1034 1747 brevis
1052 1693 1097 1747 est
1119 1694 1148 1747 et
1169 1684 1271 1747 ultima
1290 1685 1389 1771 longa.

317 1788 508 1851 Adiunctivus
537 1788 642 1849 modus
675 1795 811 1867 tempore
840 1791 989 1866 praesenti
1021 1789 1141 1868 optativi
1168 1788 1249 1849 modi
1273 1788 1374 1849 luturo
1400 1788 1529 1868 tempori

234 1892 373 1970 conpetit.
418 1891 610 1970 praeteritum
636 1890 842 1968 imperfectum
866 1897 983 1968 tempus
1004 1891 1153 1971 praesenti
1179 1891 1307 1969 tempori
1333 1890 1414 1951 modi
1440 1907 1528 1968 supo-

196 1994 322 2053 rarioris
345 1993 489 2070 congruit.
533 1993 727 2071 praeteritum
748 2000 845 2053 autem
864 1993 1029 2071 perlectum
1051 1999 1081 2053 et
1098 1990 1421 2072 plusquamperfectum
1440 2008 1528 2070 supe·

233 2097 345 2155 riorum
373 2093 528 2155 modorum
551 2092 736 2171 temporibus
763 2096 794 2154 in
815 2112 868 2155 sua
888 2094 988 2173 specie
1010 2095 1208 2155 consendunt.
1254 2093 1388 2154 loturum
1411 2100 1529 2172 tempus

233 2197 362 2275 primum
385 2194 507 2256 huiusce
528 2194 607 2255 modi
630 2212 685 2272 pro
708 2195 769 2256 suis
792 2193 1048 2274 coniugationibus
1074 2196 1202 2274 tempori
1222 2194 1324 2257 loturo
1347 2193 1430 2256 modi
1458 2213 1527 2275 pro·

153 2317 161 2329 ·
232 2298 385 2357 nuntiatisi
404 2292 409 2379 Ι
429 2297 580 2373 congruit,
610 2304 643 2356 ut
669 2314 736 2358 cum
764 2295 1000 2376 contemplabor,
1030 2315 1097 2358 cum
1126 2294 1287 2366 monebor,
1315 2314 1385 2358 oum
1412 2296 1526 2363 audiar,

232 2416 298 2459 cnm
319 2397 410 2477 legar.
456 2395 534 2458 aliud
557 2405 653 2459 autem
676 2396 808 2460 loturum
836 2397 881 2462 rel
903 2397 1027 2461 ulterius
1055 2399 1223 2478 praeteritis
1251 2397 1437 2479 temporibus
1457 2415 1526 2479 per·

192 2501 316 2564 mlectis
335 2501 489 2561 consentit.

316 2601 478 2664 lnlinitivus
500 2601 615 2671 modus,
638 2620 725 2680 quem
749 2611 779 2663 et
800 2610 978 2681 perpetuum
1000 2602 1120 2679 quidam
1143 2609 1259 2671 vocant,
1283 2608 1418 2680 tempore
1438 2619 1524 2681 prae·

231 2707 306 2766 senti
328 2703 585 2781 coniugationibus
611 2703 720 2774 tribus,
751 2722 824 2783 quas
845 2704 1005 2782 productas
1032 2722 1150 2782 semper
1170 2721 1235 2764 csse
1262 2703 1406 2774 diximus,
1436 2720 1524 2781 poen·

231 2807 331 2868 ultima
353 2812 561 2886 postremaque
583 2805 679 2882 longis
700 2804 818 2885 syllabis
838 2805 1011 2884 explicatur,
1033 2812 1064 2865 ut
1083 2805 1203 2865 clamari
1225 2804 1328 2867 doceri
1345 2806 1473 2873 moneri,
1493 2814 1526 2867 ιιι

230 2913 294 2969 ‘ne
317 2927 457 2988 quaere
479 2908 625 2969 doceri’
663 2917 692 2968 ct
724 2909 925 2969 ‘mutarive
953 2914 1060 2985 putas
1081 2905 1241 2967 bellum’
1273 2916 1303 2969 ct
1333 2907 1440 2969 ‘binc
1463 2924 1524 2969 ex·

190 3033 215 3071 ·ιι
231 3011 380 3071 ιιιιιιίι·ἰ’.
426 3012 511 3070 tertia
539 3017 636 3070 autern
664 3010 869 3086 coniugatione
891 3016 1029 3087 correpta
1057 3017 1190 3088 temporo
1211 3010 1281 3069 item
1308 3010 1472 3088 praesenti,
1500 3009 1525 3067 si

228 3112 406 3192 paenultima
435 3111 545 3190 syllaba
579 3110 688 3188 ubique
714 3112 859 3188 producta
882 3111 970 3171 luerit
1003 3119 1033 3172 et
1058 3112 1088 3171 iu
1112 3112 1207 3190 capite
1227 3109 1310 3171 verbi
1337 3111 1442 3182 luerit,
1477 3111 1524 3171 lric

229 3232 348 3293 rpuoquc
371 3213 559 3292 producenda
583 3220 636 3281 est,
661 3219 691 3272 ut

381 3317 601 3394 progeniem
624 3315 805 3375 sedenim
829 3314 1032 3375 Troianos
1056 3318 1241 3389 sanquine
1264 3316 1363 3376 duci.

229 3426 257 3478 at
278 3419 304 3477 si
326 3416 437 3496 ubique
458 3418 632 3494 corripitur,
655 3415 858 3494 corripienda,
879 3424 911 3476 ιιι
932 3418 963 3476 in
987 3416 1106 3476 Lucano
1127 3416 1306 3478 ‘llonrano
1325 3425 1524 3496 spectante

189 3540 214 3579 ao
228 3521 338 3598 rapi'.
385 3519 533 3579 interdum
551 3526 648 3579 autem
673 3526 705 3579 et
721 3519 866 3596 positione
888 3517 973 3596 longa
997 3526 1050 3588 est,
1075 3525 1106 3577 ut

380 3628 536 3680 tantane
558 3628 627 3681 tarn
650 3621 805 3697 patiens
826 3619 929 3680 nullo
950 3620 1158 3681 certamine
1181 3618 1276 3680 tolli.

227 3729 375 3799 postrema
398 3718 494 3782 auto'm
516 3721 626 3801 syllaba
648 3724 677 3781 in
699 3720 837 3782 omuibus
858 3724 921 3782 siue
940 3721 1131 3799 ambiguitate
1153 3719 1314 3801 longeest.
1358 3723 1522 3799 praeterito

227 3830 360 3901 tempore
383 3825 477 3901 prima
501 3831 530 3883 et
553 3824 637 3882 tertia
657 3823 823 3901 coniugatio
851 3824 994 3901 producta
1023 3821 1233 3903 paenultimam
1255 3822 1375 3903 longam
1399 3831 1429 3885 et
1457 3824 1522 3885 ulti·

227 3944 303 3985 lnam
329 3924 448 3985 brevem
471 3942 588 4003 semper
603 3922 793 4008 ”rccipiunt
823 3932 855 3984 ut
877 3923 1069 3985 reclamatum
1093 3943 1171 3995 csse,
1203 3925 1335 3988 anditum
1358 3946 1440 3988 esse:
1475 3946 1522 3987 se-

188 4027 321 4087 soconda
344 4028 512 4102 cortiugatio
541 4026 750 4104 pacrrultimaru
775 4024 914 4105 syllabam
937 4028 1084 4088 interdurn
1105 4027 1227 4089 brevem
1256 4029 1375 4106 recipit,
1404 4036 1437 4089 ut
1458 4047 1520 4089 mo-

228 4129 321 4188 nitum
351 4146 429 4195 esse,
464 4128 611 4189 interdurn
639 4129 783 4207 positione
809 4127 944 4206 longam,
979 4136 1011 4189 ut
1040 4129 1159 4191 doctum
1188 4147 1267 4191 csse:
1308 4130 1395 4191 tertia
1422 4138 1519 4191 autem

228 4230 394 4304 corriugatio
418 4238 553 4307 corrupta
581 4246 700 4309 semper
722 4231 865 4308 positione
891 4229 1009 4308 longam
1032 4233 1135 4301 olllrit,
1166 4241 1197 4293 ut
1221 4231 1341 4292 ductum
1365 4251 1447 4302 esse,
1477 4233 1518 4293 di-

226 4338 344 4407 reptum
366 4349 439 4391 esse.
484 4334 616 4392 lutruurn
638 4331 801 4392 secuudum
823 4334 968 4394 rationein
990 4335 1231 4412 coniugatiorrum
1261 4334 1291 4393 in
1311 4335 1406 4412 prima
1428 4335 1518 4412 parti·

294 4578 310 4627 3
330 4593 399 4625 amer
415 4578 539 4627 interdum
560 4593 648 4629 rrurura
669 4581 745 4645 longa
762 4595 779 4638 ς
876 4581 893 4631 9
912 4597 926 4629 a
941 4590 992 4631 cta
1012 4580 1035 4632 ll
1141 4581 1173 4634 18
1191 4592 1217 4632 ιιι
1236 4581 1429 4649 contemplabor
1448 4596 1515 4633 coru·

225 4647 386 4695 rrrunelrorll
474 4648 508 4697 20
526 4653 684 4699 rorrsrutiunt
704 4651 728 4700 B
815 4652 847 4700 id
867 4648 907 4714 uc]
933 4654 1011 4718 i'arp.
1031 4652 1097 4702 Aen,
1118 4654 1149 4703 t'l
1166 4653 1216 4704 ott
1288 4663 1316 4702 ut
1334 4654 1517 4704 motoriucB:

228 4717 305 4780 Verp.
328 4717 393 4766 Arri.
413 4716 435 4765 X
453 4718 504 4769 ott
575 4719 644 4785 lriuc]
667 4720 821 4785 VerpAen.
844 4721 888 4769 llll
906 4722 958 4772 lod
1036 4725 1071 4773 ’28
1091 4719 1248 4788 progeniem]
1274 4725 1436 4789 stapelen.
1456 4726 1465 4773 l
1486 4722 1516 4771 lli

227 4856 239 4904 1
293 4789 390 4904 troppau
409 4802 424 4835 u
442 4804 473 4906 1³3}
477 4788 539 4905 lpplsi
559 4790 652 4852 ultique
672 4791 697 4839 B
801 4790 835 4841 ‘iil
851 4792 876 4839 in
896 4788 1010 4855 ercaoo]
1031 4792 1150 4845 Plias-sol.
1169 4792 1248 4843 1484
1353 4793 1385 4846 al
1404 4788 1514 4856 tantone]

239 4856 305 4920 ¹'erp
351 4874 390 4905 cn.
412 4858 432 4905 ι’
469 4889 476 4905 ι
