3314 5506
185 396 235 445 ιιι
512 361 515 367 ’
720 383 929 446 ratumne

184 592 267 657 quae
289 571 323 634 in
345 569 489 655 margine
511 570 631 636 codicis
654 569 818 656 adscripta
835 570 888 635 vel
903 569 1051 635 versibus
1071 570 1264 657 interposita
1285 581 1377 636 crant
1398 571 1469 636 dili·

183 682 297 759 genter
317 671 489 754 indicavit,
513 681 545 737 et
564 693 672 757 pauca
692 672 866 758 quaedam,
896 693 978 759 quae
1007 673 1146 758 primum
1167 674 1200 736 in
1223 672 1468 739 transcribendo

102 819 105 824 Δ
184 777 349 856 omiserat,
382 773 494 840 codice
526 775 643 840 iterum
675 775 802 839 conlato
839 774 974 839 addidit.
1019 774 1061 839 ad
1093 773 1351 839 Lindemannurn
1383 776 1469 840 undo

183 877 321 942 schedae
336 876 465 941 adlatae
480 877 553 958 sint,
570 877 648 941 mihi
663 899 728 942 uon
742 884 879 956 constat,
893 876 951 942 sed
966 875 1146 942 Niebuhr-io
1159 876 1380 942 intercedente
1396 899 1469 941 eum

184 979 349 1065 accepisse
380 979 537 1064 suspicor.
581 979 741 1044 Vaticano
772 979 899 1060 codice,
932 980 960 1043 si
996 977 1078 1043 fides
1114 977 1265 1044 habenda
1301 990 1350 1045 est
1370 978 1469 1060 Maio,

183 1082 325 1145 omnium
359 1081 583 1166 antiquissimo
611 1081 777 1167 aliquanto
810 1083 968 1146 recentior
999 1089 1048 1145 est
1075 1079 1336 1146 Vindobonensis
1364 1090 1402 1149 17
1433 1083 1469 1145 in

182 1183 331 1268 catalogo
352 1181 541 1247 Endlicheri
563 1205 594 1268 p.
618 1190 681 1252 214
697 1205 766 1269 sqq.
790 1184 876 1247 etin
899 1182 1100 1268 praefatione
1122 1181 1342 1247 analectorum
1364 1203 1469 1268 gram-

182 1287 376 1370 maticorum
402 1281 701 1350 Vindobonensium
728 1306 760 1371 p.
783 1284 850 1350 VII
878 1307 947 1371 sqq.
975 1285 1167 1370 descriptae.
1212 1306 1254 1348 ex
1288 1283 1350 1349 hoc
1384 1287 1470 1349 enim

170 1388 294 1472 ,codice
321 1384 475 1451 adhibitis
505 1396 673 1472 praeterea
700 1386 827 1452 duobus
856 1386 1013 1451 Parisinis
1041 1386 1124 1452 liber
1154 1388 1258 1472 magis
1280 1386 1469 1451 emendatus

184 1501 216 1555 et
237 1489 336 1555 Probi
357 1489 486 1553 nomine
507 1490 682 1573 inscriptus
703 1490 817 1575 paucis
838 1489 932 1553 annis
961 1498 1035 1574 post
1055 1489 1135 1554 Maii
1157 1488 1331 1554 editionem
1352 1489 1470 1552 iterum

183 1591 291 1657 editus
318 1599 368 1655 est
394 1593 427 1655 in
455 1589 611 1656 analectis
637 1592 857 1676 grammaticis
879 1590 1092 1656 Vindobonae
1120 1612 1150 1656 a.
1176 1598 1268 1661 1837.
1304 1589 1469 1655 Vindobo-

183 1695 291 1759 nensis
311 1694 413 1779 igitur
434 1693 553 1773 codex,
577 1692 654 1757 olim
676 1693 862 1772 Bobiensis,
885 1693 1024 1778 scriptus
1047 1714 1117 1758 esse
1139 1693 1258 1758 dicitur
1279 1701 1394 1758 octavo
1416 1692 1470 1756 vel

183 1817 267 1861 nono
295 1794 434 1860 saeculo.
479 1797 512 1859 in
540 1817 578 1860 eo
605 1796 702 1860 Probi
731 1795 829 1876 liber,
856 1794 884 1858 is
912 1793 953 1857 de
981 1816 1044 1879 quo
1072 1816 1158 1859 nunc
1185 1794 1337 1874 dicimus,
1364 1795 1469 1880 primo

72 1928 77 1942 ·
183 1900 393 1985 quaternione
415 1897 675 1961 membranarum
697 1899 815 1962 amisso
838 1896 958 1981 legitur
979 1896 1003 1961 f.
1028 1907 1066 1966 17
1088 1904 1183 1962 rimas
1203 1902 1336 1978 syllabas
1358 1903 1471 1976 accipit

184 2000 231 2087 (p.
254 2011 304 2081 71,
328 1999 382 2084 28)
419 2035 460 2047 -
485 1998 516 2063 l.
540 2007 580 2069 49
614 2006 652 2064 de
684 2005 775 2065 nnio
806 2010 952 2079 quantam
984 2005 1066 2062 ratio
1091 2004 1236 2079 poscebat
1270 2005 1471 2063 irnetunimns

184 2106 325 2168 oralia
343 2106 477 2166 FELIX
501 2106 682 2166 LAPPADI
711 2103 905 2166 MERCURI
933 2104 1136 2165 SCRIPTOR
1158 2105 1244 2166 CUM
1263 2103 1473 2164 PATRONIS

183 2208 323 2270 GAIJDE
342 2205 389 2290 (p.
414 2205 499 2288 192).
524 2226 566 2270 ex
588 2203 744 2269 Parisinis
765 2213 874 2268 autem
896 2202 1060 2268 codicibus
1084 2203 1166 2268 alter
1188 2209 1272 2273 7494
1293 2224 1377 2268 nono
1400 2224 1468 2266 sae·

181 2306 254 2372 culo
277 2307 416 2393 scriptus
439 2316 503 2388 est,
526 2307 560 2371 in
582 2328 646 2392 quo
669 2306 769 2371 Probi
796 2304 878 2370 liber
905 2315 978 2391 post
1000 2312 1103 2369 artem
1125 2306 1369 2390 grammaticam
1390 2303 1468 2369 Dio-

181 2409 284 2473 medis
312 2407 432 2493 legitur
459 2408 483 2471 f.
509 2415 693 2478 raa-218
720 2411 883 2473 INCIPIT
910 2410 1151 2478 Teneritas
1181 2409 1310 2472 PROB]
1339 2410 1469 2471 GRAM-

185 2515 341 2575 MATICI.
378 2510 418 2574 de
444 2509 505 2575 hoc
528 2510 660 2576 uberius
683 2509 805 2574 dictum
828 2521 878 2574 cst
899 2510 932 2573 in
955 2509 1157 2594 praefatione
1179 2511 1274 2596 primi
1296 2508 1470 2575 voluminis

181 2636 213 2698 p.
237 2610 359 2677 XXIX
381 2635 450 2698 sqq.
473 2611 555 2676 alter
578 2619 660 2682 7519
682 2610 872 2677 chartaceus
895 2613 1007 2696 quinto
1030 2611 1154 2677 decimo
1177 2610 1306 2676 saeculo
1329 2612 1468 2696 scriptus

182 2712 285 2778 solnm
319 2713 418 2778 Probi
454 2713 573 2779 librum
605 2715 762 2794 continet,
801 2718 895 2778 Probi
927 2719 1125 2777 Grammatici
1156 2719 1194 2777 de
1225 2725 1292 2779 ocio
1324 2720 1472 2778 orationis

181 2820 319 2880 membris
346 2836 399 2879 urs
427 2819 532 2881 Minor
560 2817 610 2881 Ae
636 2822 724 2881 Voce.
769 2821 836 2880 Vox
862 2822 925 2880 siue
951 2837 1042 2881 sonus
1073 2854 1108 2863 —
1142 2821 1180 2879 de
1209 2822 1302 2881 uerbo
1324 2829 1470 2895 qnoniam

182 2924 264 2982 ratio
288 2922 433 2997 poscebat
460 2926 666 2984 trucianimns.
693 2925 773 2996 finis.
815 2919 984 3003 utriusque
1011 2927 1119 2982 autem
1149 2917 1271 2982 codicis
1298 2917 1469 3002 scriptura,

182 3042 279 3107 quam
307 3019 405 3085 editio
428 3019 688 3085 vindobonensis
716 3019 878 3101 exhibuit,
907 3043 981 3084 cum
1003 3019 1163 3085 Vaticano
1191 3019 1302 3085 codice
1328 3020 1375 3084 ita
1396 3042 1470 3084 con·

183 3123 304 3202 sentit,
324 3130 362 3185 ut
388 3122 447 3186 vix
475 3121 616 3187 dubitari
644 3123 747 3209 possit
773 3124 852 3208 quin
882 3143 923 3186 ex
945 3121 1005 3187 hoc
1026 3123 1097 3208 ipso
1120 3115 1208 3187 ducti
1231 3121 1296 3186 sint
1317 3122 1468 3186 Parisini.

182 3223 268 3310 quod
297 3245 493 3310 quamquam
520 3226 586 3289 scio
614 3226 676 3289 nisi
703 3227 790 3288 omni
816 3222 972 3289 librorum
995 3225 1157 3309 scriptura
1177 3226 1262 3288 inter
1284 3244 1319 3287 se
1341 3224 1471 3288 conlata

182 3337 270 3392 certo
303 3326 516 3392 demonstrari
548 3349 613 3393 non
646 3348 755 3414 posse,
789 3337 897 3392 tamen
929 3348 1035 3412 pauca
1068 3326 1233 3412 exempla,
1267 3346 1351 3411 quae
1384 3324 1471 3389 infra

182 3429 312 3515 scripsi,
341 3428 383 3493 ad
410 3451 478 3493 rem
506 3431 708 3516 probandam
736 3428 853 3493 idonea
883 3451 954 3493 csse
976 3428 1120 3509 confido,
1143 3429 1176 3493 in
1199 3428 1318 3514 quibus
1341 3427 1470 3492 Vatica-

182 3553 260 3595 num
275 3531 313 3611 R,
337 3530 520 3597 Parisinum
542 3542 685 3597 veterem
700 3532 742 3612 P,
765 3539 926 3602 recentem
948 3533 979 3596 A
1001 3530 1118 3596 litteris
1141 3530 1339 3614 significavi:
1364 3540 1435 3609 141,
1451 3536 1470 3596 2

182 3637 288 3696 debari
320 3653 384 3697 esse
413 3633 548 3719 potiere]
584 3639 727 3698 debenesc
754 3641 908 3713 potiorem
936 3633 966 3696 R
994 3638 1032 3696 de
1061 3637 1192 3696 benere
1218 3640 1368 3712 potiorem
1395 3630 1471 3712 PA3

184 3743 244 3804 144
251 3781 260 3814 ,
284 3743 324 3804 39
351 3746 380 3799 ei
401 3739 589 3801 subinnciam
613 3741 733 3816 pondus
753 3756 841 3815 posse
860 3742 928 3799 soni
947 3729 1105 3819 sasiinere]
1135 3746 1165 3798 ct
1185 3740 1370 3800 arbitrariam
1393 3755 1472 3813 pon·

183 3841 240 3900 das
267 3843 451 3916 possessioni
480 3845 626 3902 sustinere
655 3836 712 3901 ΒΡ
739 3843 886 3901 subiicere
912 3848 941 3900 ei
967 3841 1130 3901 subiectam
1157 3848 1187 3900 ei
1216 3842 1304 3916 ponis
1331 3843 1473 3916 passonis

182 3944 330 4002 sustinere
352 3939 400 4019 Α,
431 3945 506 4019 149,
529 3947 570 4008 24
599 3945 642 4002 ed
668 3959 770 4002 casnm
796 3937 896 4025 snam]
920 3945 964 4002 ed
983 3959 1068 4002 saum
1090 3959 1173 4003 nsum
1196 3938 1301 4019 RPA;
1331 3947 1407 4019 158,
1433 3947 1472 4007 16

183 4038 339 4125 deficiunt]
369 4045 515 4116 definiant
542 4041 572 4103 R
599 4046 783 4116 definiuntur
809 4039 878 4104 ΡΑ.
909 4049 987 4120 144,
1011 4049 1029 4108 4
1057 4047 1222 4120 quinetiam
1249 4046 1416 4119 composita
1438 4041 1472 4103 in

183 4153 330 4208 extrema
356 4144 477 4229 pagina
503 4143 623 4207 codicis
646 4141 675 4205 R
704 4140 855 4206 librarius
884 4142 1005 4222 omisit,
1034 4142 1120 4207 undo
1146 4139 1233 4206 idem
1262 4140 1408 4206 defectus
1430 4143 1472 4206 ad

183 4244 242 4308 ΡΑ
263 4253 462 4330 propagatus
486 4252 545 4308 est.
589 4253 687 4330 atque
708 4245 742 4308 in
764 4242 815 4307 his
837 4243 968 4330 quidem
996 4243 1145 4308 omnibus
1174 4242 1345 4308 Bobiensis
1368 4244 1473 4308 codex

182 4368 295 4411 veram
317 4347 509 4431 scripturam
532 4347 685 4411 servavit.
715 4348 749 4412 in
772 4346 843 4411 aliis
865 4344 946 4410 locis
968 4345 1143 4431 quaedam,
1167 4367 1250 4430 quae
1272 4347 1305 4410 in
1327 4347 1473 4428 margine

183 4449 304 4514 codicis
332 4449 362 4512 R
390 4447 554 4533 adscripta
577 4459 667 4528 sunt,
695 4448 835 4513 Parisini
863 4449 896 4511 in
924 4447 1168 4513 continuitatem
1190 4446 1364 4512 verborum
1387 4469 1473 4511 rece·

183 4560 315 4638 petunt:
345 4557 421 4630 118,
444 4558 484 4620 38
513 4571 593 4630 qaae
617 4558 753 4630 pierosin
780 4548 952 4634 patientur]
983 4571 1062 4628 qaue
1085 4555 1216 4630 pierosis
1231 4557 1396 4629 patiantur
1418 4549 1473 4612 ad·

184 4653 306 4737 scripta
332 4653 365 4716 in
393 4652 539 4737 margine
565 4653 830 4738 interpretatione
852 4656 1072 4731 plenitudinem
1094 4651 1124 4714 R
1150 4671 1229 4730 qnae
1251 4657 1472 4731 plenitudinem

180 4763 345 4836 potiantur
372 4755 403 4818 A
434 4776 513 4834 qaue
540 4760 668 4833 leprosis
695 4761 860 4836 patiantur
881 4753 918 4815 Ρ.
949 4761 1004 4832 74,
1028 4760 1067 4820 22
1090 4759 1224 4832 pluralis
1245 4764 1275 4816 ei
1294 4762 1472 4818 commrinis:

183 4856 359 4944 annularis]
387 4862 517 4937 pluralis
538 4869 566 4920 ei
587 4863 753 4922 commanis
780 4860 818 4919 de
839 4861 971 4918 inumeris
998 4859 1092 4918 tribus
1114 4862 1288 4920 neccessario
1310 4863 1391 4920 ratio
1412 4864 1472 4921 sin·
