3346 5506
527 379 733 444 nunaunt.
755 380 794 443 ΙΝ
816 380 1136 445 unutrvutlu.11
1274 403 1278 411 ·
1408 390 1470 452 545

1165 488 1181 532 r.
1195 489 1241 532 aaa.
1254 490 1280 533 ss
1291 489 1341 533 eoa.
1357 488 1412 531 nav.

268 567 311 630 lle
344 568 509 629 accusativo
541 566 659 647 plurali.
694 567 747 629 has
768 570 874 649 puppis
902 568 955 630 bas
981 567 1083 632 classis
1110 569 1166 632 hos
1193 567 1276 647 agilis
1305 571 1469 632 accusativo

188 668 292 751 plurali
319 669 512 751 pronuntiare
539 668 680 731 debemus
709 668 774 750 [ubi
801 669 943 732 ablativus
970 673 1031 733 exit
1056 673 1085 733 in
1107 674 1132 743 i,
1162 677 1194 733 ut
1215 670 1252 732 ab
1275 673 1330 733 bac
1352 672 1469 753 puppi],

187 773 324 852 quoniam
351 772 470 832 nomina
492 789 566 850 quae
588 773 598 831 i
619 770 716 834 littera
738 776 936 834 terminantur
958 772 1083 834 ablativo
1104 771 1247 853 singulari
1269 777 1398 854 acceptis
1419 792 1469 835 um

188 871 290 936 litteris
312 871 425 934 iaciunt
446 874 606 950 genitivum
628 872 786 954 pluralem,
816 873 920 936 eadem
942 877 1108 938 accusativo
1129 873 1235 955 plurali
1256 878 1288 938 in
1309 879 1335 936 is
1357 875 1471 937 litteras

187 984 308 1047 exuant,
345 981 378 1036 ut
405 974 442 1036 ab
469 973 524 1037 hac
551 977 643 1056 puppi
662 976 774 1038 ‘barum
802 980 944 1056 puppium
973 977 1027 1039 bas
1052 978 1159 1058 puppis
1187 984 1217 1037 et
1243 977 1279 1038 ab
1307 978 1363 1039 bac
1395 979 1496 1040 turris

187 1077 290 1139 barum
312 1077 440 1138 turrium
462 1077 517 1138 bas
538 1079 637 1153 turris.
681 1077 856 1159 plerumque
878 1086 991 1141 veteres
1012 1080 1119 1141 borum
1142 1080 1292 1140 nominum
1317 1087 1346 1139 et
1368 1079 1470 1143 ablati·

186 1197 251 1241 vnm
280 1177 462 1258 singularem
492 1197 509 1238 e
536 1178 632 1241 littera
659 1180 906 1252 terminaverunt,
938 1189 973 1242 ut
998 1179 1072 1242 urbe
1099 1198 1184 1252 sene,
1218 1188 1248 1242 et
1274 1184 1469 1243 accusativum

186 1279 330 1361 pluralem
359 1298 414 1361 per
441 1298 473 1342 cs
498 1280 610 1343 litteras
642 1285 884 1355 enuntiaverunt,
923 1290 955 1345 ut
982 1282 1128 1363 Vergilius
1162 1288 1326 1345 ‘centum
1359 1283 1470 1345 urbes

187 1381 359 1446 babitant
380 1388 554 1461 magnas'.
900 1437 903 1441 .
1524 1446 1527 1452 ,

268 1485 349 1547 llaec
369 1483 471 1564 regula
492 1484 592 1554 docet,
619 1484 651 1546 in
673 1505 760 1566 quam
782 1485 922 1566 syllabam
951 1487 1030 1548 exire
1053 1486 1179 1548 debeant
1200 1486 1313 1548 dativus
1334 1494 1365 1547 et
1385 1485 1466 1548 abla·
1481 1504 1505 1547 vo

186 1589 260 1649 tirus
283 1589 398 1650 numeri
421 1585 557 1664 pluralis,
587 1604 624 1647 nc
651 1606 706 1669 per
732 1589 878 1668 ignaviam
905 1588 1037 1650 dicamus
1065 1589 1194 1650 bominis
1220 1606 1276 1668 pro
1302 1587 1471 1650 bominibus

188 1697 236 1751 ant
256 1707 313 1770 pvn
333 1687 391 1750 lllis
413 1685 533 1760 lilibus..
551 1691 681 1768 quamvis
703 1689 780 1770 apud
804 1697 916 1753 veteres
937 1691 991 1752 luit
1013 1691 1061 1751 hic
1085 1709 1167 1761 usus,
1191 1698 1223 1752 ut
1245 1688 1369 1751 ablativo
1391 1692 1470 1752 dace-

186 1797 253 1852 rent
278 1789 393 1859 lllibns;
421 1808 508 1871 quam
537 1790 763 1853 declinationem
791 1791 910 1855 Plautus
937 1791 1044 1854 crebro
1072 1793 1164 1854 utitur
1191 1800 1309 1854 secutus
1341 1800 1469 1854 veterem

188 1891 437 1956 consuetudinem.
468 1889 610 1954 ablativus
632 1910 649 1954 a
671 1893 754 1955 velo
777 1898 951 1956 terminatus
979 1897 1010 1956 in
1032 1895 1058 1956 is
1079 1895 1168 1955 mittit
1190 1893 1318 1956 dativum
1341 1903 1371 1957 et
1392 1894 1469 1957 abla-

187 1995 290 2066 tivum,
320 2004 354 2057 nt
375 1993 412 2055 ab
435 1994 491 2056 boc
514 2011 635 2057 scamno
663 1994 709 2057 bis
731 2004 760 2058 ct
781 1995 820 2057 ab
841 1996 887 2058 bis
908 1997 1045 2058 scamnis.
1089 1995 1231 2057 ablativus
1252 2015 1269 2056 e
1290 1997 1301 2056 i
1322 2014 1343 2057 u
1364 1995 1470 2059 litteris
1483 2012 1508 2054 rs

189 2099 362 2160 terminatus
384 2096 415 2155 in
438 2094 493 2158 bns
515 2097 604 2159 mittit
626 2096 754 2159 dativum
777 2107 807 2160 et
827 2095 986 2160 ablativum
1009 2097 1162 2179 pluralem.
1199 2104 1302 2159 contra
1324 2099 1401 2159 banc
1423 2117 1469 2160 re-

189 2198 286 2278 gulam
310 2199 431 2259 veniunt
453 2197 506 2260 dea
529 2198 587 2261 tilia
609 2199 687 2261 mula
710 2217 785 2280 equa
806 2218 893 2262 cerva
916 2198 1051 2282 [domus]
1067 2208 1098 2262 ct
1112 2207 1209 2261 cetera
1224 2197 1331 2261 similia
1352 2204 1470 2276 generis

189 2318 274 2364 causa
296 2302 353 2372 sic,
377 2299 488 2363 deabus
509 2300 644 2362 mulabus
665 2301 781 2364 filiabus
803 2300 848 2383 [et
871 2301 907 2364 ab
928 2302 986 2363 bac
1007 2301 1095 2364 domo
1117 2299 1266 2383 domibus]
1289 2310 1320 2364 et
1340 2310 1449 2364 cetera.

383 2400 401 2440 ἡ
603 2404 618 2440 t
819 2405 837 2442 t
1037 2405 1054 2442 1
1255 2403 1273 2440 0

568 2585 583 2674 q
607 2589 843 2653 nxrmurrvo
864 2589 1105 2654 rannonmrs.

270 2724 312 2789 lle
334 2727 510 2806 pronomine
531 2726 562 2787 in
584 2727 688 2806 primis
709 2726 821 2789 annus
843 2726 1045 2791 disseruimus.
1074 2725 1132 2788 hoc
1154 2745 1222 2813 vero
1243 2726 1320 2788 libro
1342 2727 1379 2789 de
1400 2745 1469 2808 pro·
1483 2744 1509 2785 ao

190 2828 337 2890 nominum
364 2826 503 2909 qualitate
531 2828 738 2909 disputandum
768 2838 821 2892 est.
865 2847 1030 2910 pronomen
1053 2838 1187 2908 estpars
1215 2830 1372 2900 orationis,
1395 2848 1470 2911 quae

189 2932 281 3010 posita
311 2949 366 3010 pro
394 2929 525 3011 quolibet
553 2932 673 2993 nomine
699 2933 797 2993 minus
823 2933 943 3013 quidem
971 2931 1071 3012 plene,
1095 2938 1193 3012 tamen
1215 2930 1294 2994 idem
1316 2933 1468 3011 significat.

190 3028 265 3114 [cni]
293 3033 461 3111 pronomini
490 3031 628 3094 accidunt
655 3033 778 3114 qualitas
796 3051 898 3113 ‘genus
925 3033 1019 3113 ligura
1046 3049 1187 3094 numerus
1221 3051 1306 3095 casus
1333 3050 1470 3113 persona.

189 3132 310 3216 qualitas
331 3122 538 3212 probominum
561 3143 612 3197 aut
631 3135 712 3197 linita
735 3145 781 3198 est
801 3144 850 3197 aut
870 3135 993 3198 infinita.
1037 3136 1118 3197 linita
1140 3142 1185 3196 est
1205 3154 1281 3216 quae
1303 3144 1385 3198 notat
1406 3138 1494 3198 cer-'

189 3244 249 3299 tum
271 3253 427 3298 numerum
449 3246 617 3319 certamque
638 3255 810 3318 personam,
834 3243 867 3299 ut
889 3255 944 3318 ego
965 3245 996 3298 tu
1018 3235 1082 3307 ille;
1104 3237 1218 3299 infinita
1240 3255 1315 3319 quae
1338 3256 1396 3298 non
1418 3237 1469 3300 de·
1482 3263 1508 3304 as

188 3339 297 3419 signat,
326 3339 372 3400 cui
400 3337 621 3402 adcommodata
642 3341 695 3412 sit,
724 3347 757 3401 nt
778 3347 904 3419 quantus
936 3337 1039 3422 qualis.
1083 3338 1185 3401 volunt
1211 3358 1277 3401 esse
1304 3355 1470 3410 commune,

190 3458 255 3502 cum
281 3439 404 3502 dicimus
432 3442 482 3522 qui
510 3443 553 3503 vir
580 3451 609 3505 et
639 3443 690 3524 qui
717 3443 785 3503 viri:
813 3449 843 3503 at
871 3440 1051 3520 singularem
1073 3440 1162 3504 babet
1184 3450 1213 3504 et
1234 3439 1391 3522 pluralem,
1414 3442 1471 3504 boc

191 3548 235 3607 est
254 3560 419 3605 commune.
447 3550 515 3605 sunt
533 3546 709 3625 pronomina
732 3547 916 3607 extrinsecus
936 3547 1115 3621 amalario,
1138 3547 1314 3607 intrimecus
1335 3542 1469 3623 pluralia,

192 3645 269 3707 utsi
292 3645 372 3707 dicas
393 3650 514 3708 ‘noster
535 3652 670 3717 servns’;
699 3655 769 3709 sunt
796 3648 981 3710 extrinsecus
1006 3645 1147 3728 pluralia,
1170 3647 1348 3708 intrinsecus
1370 3647 1470 3726 singu·

190 3745 275 3817 laria,
297 3753 330 3808 ut
351 3751 433 3808 ‘mea
456 3757 525 3810 sunt
545 3751 638 3812 ista’a
669 3749 742 3811 baec
763 3757 861 3812 autem
883 3747 929 3810 vel
950 3749 1128 3811 intrinsecus
1149 3747 1308 3828 singularia
1329 3748 1405 3811 dunt
1424 3747 1469 3810 vel
1483 3771 1508 3813 ao

260 3899 274 3952 i
293 3898 369 3954 alesin
386 3901 410 3952 L
480 3904 496 3954 4
515 3904 604 3955 eodem
623 3904 648 3955 L
716 3904 734 3956 6
751 3904 861 3955 abletino
878 3904 946 3973 sing.
965 3904 989 3953 L
1059 3903 1153 3955 iurbe
1172 3918 1249 3972 scenq
1266 3913 1291 3952 et
1309 3917 1361 3956 acc.
1380 3901 1432 3969 piu.
1447 3905 1470 3953 L

257 3968 275 4019 8
291 3969 432 4040 Vergilius]
451 3973 517 4028 Aea.
537 3975 571 4024 lll
590 3973 652 4026 tuo:
671 3976 706 4039 cs.
726 3972 789 4029 neu.
810 3972 869 4025 Xlll
888 3977 917 4026 21
938 3974 999 4041 (²0)
1085 3973 1118 4026 10
1136 3975 1161 4024 in
1179 3988 1229 4038 qua
1245 3971 1344 4038 syllaba
1362 3973 1386 4023 L

194 4038 224 4091 li
240 4038 350 4091 dicerent
366 4057 411 4095 onv.
433 4043 455 4092 L
528 4042 560 4096 13
579 4045 663 4110 platus
684 4046 706 4095 L
778 4045 809 4096 18
826 4053 851 4095 et
864 4054 955 4099 cetera.
974 4046 1044 4113 greci
1068 4045 1170 4112 regulas
1188 4044 1259 4107 -Ιῖ
1277 4042 1328 4096 64*
1346 4045 1369 4093 si
1386 4050 1469 4094 autem

192 4107 282 4160 babent
295 4121 473 4164 consonantem
487 4115 657 4180 cornpiuntnr
670 4124 698 4165 ut
713 4129 773 4181 spes
791 4130 831 4165 rea
847 4114 911 4166 tides
932 4115 963 4170 L.
983 4118 1169 4166 commentarius
1183 4116 1215 4164 de
1231 4113 1331 4164 ensibus
1344 4117 1471 4180 ammaum,

191 4181 233 4245 qui
247 4187 286 4231 eat
300 4181 325 4231 ia
337 4184 429 4234 maore
442 4193 499 4237 crte
512 4201 541 4251 p.
556 4184 692 4238 496-601
707 4185 747 4237 ed.
758 4185 847 4244 Lanu..
859 4184 905 4235 lano
922 4186 977 4237 loco
995 4187 1020 4236 in
1032 4187 1117 4236 codice
1134 4186 1255 4248 repetitas
1271 4192 1316 4237 est.
1335 4192 1472 4250 sequantur

191 4247 279 4301 dende
292 4255 396 4318 repellas
403 4255 557 4320 epllndnrann
566 4257 687 4319 flactiano,
699 4270 764 4322 qaue
775 4263 834 4306 suat
844 4257 870 4307 in
878 4255 980 4307 ensibus
992 4259 1119 4317 nominaran,
1130 4254 1241 4306 tubicem
1252 4253 1322 4305 brevi
1330 4255 1472 4318 definitam

191 4318 325 4403 mioniae
342 4331 367 4374 et
378 4327 521 4392 metopius,
537 4327 641 4377 nomina
658 4341 753 4391 quasa
770 4326 854 4377 littera
865 4327 1035 4377 terminantur
1051 4329 1077 4376 in
1097 4326 1253 4376 nominatiuo
1268 4339 1328 4374 casu
1347 4324 1471 4406 singqlari

191 4392 332 4514 tulit
346 4394 601 4519 tltttttlttt
617 4394 1472 4531 atlttt‘mtltt'tttt.‘'illitt:¹.⁰¹,ttt,÷titillat:

191 4530 280 4583 ιηίιιιιι
300 4534 334 4584 ad
355 4535 509 4601 loquendum
527 4537 606 4587 -in
625 4552 654 4588 or
669 4538 805 4590 terminate
824 4538 850 4586 iu
864 4536 991 4588 'leminino
1008 4551 1101 4604 genere
1121 4537 1223 4586 nomina
1242 4535 1314 4585 finita
1329 4542 1382 4584 traa
1401 4535 1472 4583 inue-

193 4599 246 4652 nIea
262 4601 319 4670 plus
336 4619 395 4658 nnn.
414 4608 489 4659 arbor
503 4623 575 4659 soror
588 4623 660 4662 uxor.
678 4623 720 4659 vrvc
739 4621 898 4659 sanctuario
917 4621 1072 4660 nnoronuus
1086 4606 1091 4671 Ι
1104 4607 1126 4670 s.
1140 4605 1174 4657 65
1243 4605 1275 4656 21
1289 4618 1426 4670 pronomen
1438 4629 1471 4637 -

192 4668 226 4720 28
242 4687 373 4726 commune
391 4692 447 4729 eac.
464 4679 530 4731 Bab.
545 4680 593 4731 ool.
612 4680 664 4742 lp.
684 4679 744 4740 lobi,
760 4680 790 4743 l,
808 4677 907 4729 curu.
924 4695 952 4744 p.
976 4676 1024 4730 131
1110 4678 1145 4728 22
1165 4677 1249 4725 minus
1267 4674 1368 4738 quidem
1387 4686 1472 4722 tamen

192 4742 264 4806 plene
281 4743 307 4795 id
322 4746 446 4814 significat
464 4751 507 4816 qni
525 4749 608 4814 (corr.
628 4750 667 4799 cui
683 4749 705 4814 l)
717 4746 742 4796 L
811 4749 845 4800 26
861 4750 950 4800 uolunt
967 4763 1023 4799 esse
1040 4761 1185 4798 commones
1202 4747 1235 4799 L.
1255 4748 1349 4796 nanaerv'
1364 4744 1473 4806 &daddo

192 4817 280 4867 maa
296 4821 337 4867 eat
401 4818 436 4870 28
449 4821 598 4888 pronomina
615 4819 774 4871 extrinsecus
788 4817 869 4882 (corr.
889 4819 1051 4879 intrinsecus)
1065 4817 1176 4885 pluralia
1194 4825 1221 4866 ut
1239 4818 1262 4866 sl
1281 4816 1305 4866 L
1363 4813 1398 4866 36
1410 4813 1473 4863 baec

193 4893 275 4935 autem
294 4885 446 4940 intrimecus
464 4892 623 4944 extrinsecus
640 4889 681 4940 nel
700 4888 841 4957 singularia
858 4889 920 4941 liunt
937 4891 978 4941 uel
993 4889 1101 4957 pluralia
1120 4890 1144 4940 L
1186 4903 1188 4906 ·

241 4975 462 5027 ambustam.
478 4983 523 5028 un.
1232 4978 1271 5041 35
