3314 5506
449 383 457 405 ⁸
562 388 757 451 tttsrtrvrl
777 390 919 451 dlil'lllli
943 389 1107 453 tao-1³8
1437 394 1477 455 69

239 507 400 560 mimmii.
1123 509 1127 519 '
1262 522 1283 560 p.
1297 508 1386 549 abt-so
1401 508 1427 550 V.

192 579 336 656 putativus
366 577 411 638 uel
442 576 635 657 superlativas
664 593 806 637 necnon
834 585 864 639 et
884 578 964 657 ipsos
994 579 1132 658 positivus
1163 580 1273 656 gradus
1305 576 1349 640 vel
1385 597 1475 641 unum

192 698 296 741 nomen
318 677 498 747 anomalum,
522 685 661 757 sumntum
681 680 754 738 ratio
772 678 920 759 poscebat,
944 682 1140 741 tractavimus.

272 765 360 842 Nunc
380 782 520 861 quoniam
543 779 685 860 quemad
707 780 826 841 modum
849 800 885 842 er
908 799 1017 859 genere
1039 783 1186 842 communi
1205 780 1314 859 gradus
1336 781 1476 843 conlatio·

190 885 234 944 nis
251 884 324 943 liant
342 881 539 952 ostendimus,
557 890 587 944 et
604 882 672 943 ideo
693 884 750 942 iam
772 882 810 944 de
831 900 940 960 genere
962 885 1042 944 omni
1066 884 1267 961 incipiamus

272 986 316 1047 lie
337 1000 448 1062 genere
469 987 557 1045 omni.
599 985 697 1045 omnis
715 984 833 1061 generis
851 986 979 1055 nomina,
1001 987 1044 1045 sic
1067 986 1108 1045 uti
1130 1002 1218 1063 supra
1240 980 1474 1066 dollcuimus,·in
1500 1012 1513 1050 a

190 1090 312 1168 positivo
333 1086 428 1164 modu
456 1087 631 1148 nominativo
654 1104 723 1165 casn
751 1087 865 1167 numeri
892 1084 1047 1163 singidaris
1069 1085 1175 1147 decem
1203 1085 1249 1146 bis
1275 1087 1378 1146 sonnis
1405 1087 1475 1149 deb-

190 1191 309 1251 ninntur
337 1198 467 1255 natum,
500 1206 536 1249 ax
558 1206 594 1248 ex
620 1188 648 1248 ix
677 1205 715 1247 ox
742 1204 795 1247 ans
819 1204 873 1248 ens
901 1205 949 1249 ers
970 1205 1020 1248 ors
1045 1206 1081 1248 us
1102 1206 1159 1248 am.
1203 1205 1282 1249 nunc
1314 1188 1474 1250 earundem

190 1293 333 1372 rationem
353 1289 529 1360 subicimus,
562 1307 619 1369 qua
646 1291 834 1351 dinoscantur
857 1290 990 1359 nomina,
1024 1307 1111 1370 quem
1135 1288 1310 1350 admodum
1340 1310 1376 1351 ex
1405 1281 1475 1369 ipsis

192 1393 292 1453 turmis
313 1392 424 1470 gratim
446 1390 616 1452 conlationis
637 1391 734 1452 iacere
755 1392 875 1471 possint.

272 1493 315 1556 lle
334 1513 381 1555 ar.
425 1511 629 1574 quaecumque
649 1494 767 1554 nomina
790 1495 907 1571 generis
931 1492 1042 1554 seilicet
1064 1494 1160 1553 omnis
1188 1493 1217 1552 in
1237 1492 1360 1571 positivo
1380 1492 1474 1569 mado
1489 1518 1513 1558 aa

191 1598 367 1658 nominativo
390 1595 596 1683 casnnnumeri
620 1592 778 1673 singularis
801 1614 837 1655 ax
858 1594 963 1656 litteris
984 1594 1178 1664 deliniuntur,
1207 1596 1231 1654 si
1254 1593 1476 1676 comlparativos

191 1699 297 1777 gradus
315 1717 349 1760 ex
373 1717 405 1759 se
427 1698 525 1759 tacere
543 1704 675 1777 possunt,
697 1696 770 1757 baec
792 1698 821 1757 in
843 1696 938 1757 dativo
957 1713 1027 1757 casu
1049 1697 1165 1757 numeri
1187 1695 1344 1774 singularis
1360 1714 1395 1756 or
1416 1696 1475 1778 syl·

189 1797 284 1861 labam
315 1801 463 1879 accipiunt
494 1808 524 1865 ot
555 1800 785 1878 comparativum
813 1799 937 1877 gradum
965 1799 1081 1876 generis
1110 1799 1284 1859 communis
1299 1799 1473 1869 ostendunt;

191 1901 299 1963 scilicet
318 1903 467 1983 qnoniam,
488 1903 530 1961 sic
553 1903 595 1962 uti
616 1918 704 1980 saepe
726 1900 859 1970 diximus
883 1902 1061 1981 quicumque
1083 1900 1271 1978 eonaparasivi
1292 1900 1400 1978 gradus
1420 1919 1474 1961 no·

190 2004 325 2087 minativo
346 2021 416 2064 casn
439 2005 554 2064 numeri
575 2001 732 2080 singularis
753 2004 799 2063 ior
820 2002 923 2064 litteris
943 2003 1120 2063 definiuntur
1143 2009 1171 2061 et
1192 2019 1252 2062 non
1273 2001 1374 2063 exilia
1395 2003 1474 2081 posi·
1488 2027 1512 2067 ss

189 2105 266 2166 done
288 2103 418 2171 formae,
442 2120 499 2184 qua
521 2124 556 2166 ex
579 2121 688 2181 genere
709 2104 870 2165 masculino
890 2106 1068 2165 nominativo
1091 2121 1159 2164 casu
1182 2104 1298 2164 numeri
1319 2102 1474 2181 singularis

190 2224 220 2266 ex
242 2205 348 2267 litteris
374 2206 493 2267 nomina
516 2207 708 2274 definiuntur,
736 2208 836 2267 venire
863 2205 1087 2282 intelleguntur,
1116 2205 1145 2266 bi
1168 2206 1285 2282 generis
1308 2206 1474 2266 communis

190 2326 251 2369 esse
283 2301 488 2386 reperiuntur,
522 2319 554 2369 ut
572 2315 641 2387 puta
670 2308 718 2369 bic
743 2308 866 2369 ethaeo
892 2315 922 2369 et
942 2307 999 2368 boc
1020 2307 1113 2368 audax
1142 2307 1210 2367 buic
1232 2305 1336 2367 audaci
1361 2305 1409 2367 bic
1430 2306 1474 2368 rel

190 2409 259 2471 baec
280 2409 539 2471 audacioriaeere
554 2408 669 2471 debeat.
699 2428 777 2470 nunc
792 2410 870 2495 ‘baec
890 2409 993 2470 eadem
1014 2427 1105 2489 supra
1124 2410 1194 2471 dicti
1215 2409 1333 2488 generis
1345 2409 1472 2495 nomina,

189 2529 261 2591 quae
281 2509 409 2573 diximus
429 2513 461 2571 in
488 2528 575 2590 supra
601 2512 679 2572 dicto
706 2508 799 2590 grado
821 2511 998 2572 nominativo
1023 2529 1092 2572 casu
1115 2511 1232 2572 numeri
1254 2509 1410 2588 singularis
1436 2528 1473 2572 ax
1486 2534 1512 2575 ao

188 2611 289 2674 litteris
310 2613 442 2681 deliniri,
470 2613 499 2673 in
521 2613 617 2674 dativo
639 2632 710 2675 casu
734 2612 850 2675 numer'i
876 2612 1035 2690 singularis
1057 2631 1092 2673 us
1113 2612 1255 2692 syllabam
1277 2613 1424 2692 accipiunt
1445 2620 1475 2672 et

188 2733 243 2776 non
277 2723 393 2776 tantam
426 2717 656 2792 comparativum
689 2716 815 2792 gradum
850 2716 967 2794 generis
998 2717 1097 2775 neutri
1125 2714 1178 2776 sed
1208 2723 1238 2776 et
1267 2713 1473 2776 adverbiorum

187 2817 358 2885 ostendunt3
381 2815 494 2877 scilicet
511 2819 649 2896 quoniam
670 2819 848 2898 quicumque
868 2818 1058 2895 comparativi
1078 2816 1188 2896 gradus
1208 2817 1385 2878 nominativo
1403 2835 1473 2877 casu

186 2921 301 2980 numeri
321 2917 479 2995 angularis
498 2919 546 2979 ius
567 2916 671 2979 litteris
688 2918 876 2989 definiuntur,
899 2918 929 2978 hi
951 2936 1008 2978 non
1032 2925 1145 2980 motum
1165 2918 1283 2996 generis
1304 2920 1401 2979 nentri
1421 2918 1473 2980 sed

185 3028 212 3081 et
230 3018 443 3081 adverbiorum
465 3037 530 3080 esse
550 3021 753 3099 reperiuntur,
782 3028 905 3099 utputa
938 3020 985 3081 bic
1007 3028 1036 3082 et
1056 3020 1129 3082 baec
1151 3027 1181 3082 et
1202 3021 1259 3082 boc
1281 3020 1375 3082 audax
1402 3019 1510 3084 lauicos

183 3122 303 3191 audaci,
328 3121 469 3182 audacius
490 3123 608 3200 utrique
629 3123 816 3201 respondeat.
860 3122 913 3184 sed
936 3130 1006 3184 tnnc
1027 3123 1058 3183 bi
1081 3125 1198 3201 generis
1217 3123 1313 3183 neutri
1340 3140 1405 3183 esse
1425 3140 1473 3182 re·

182 3224 354 3301 peliuntur,
379 3223 512 3301 qnando,
533 3231 566 3285 ut
587 3241 676 3303 supra
697 3225 836 3294 diximus,
860 3224 1020 3303 generibus
1042 3225 1154 3286 neutris
1173 3225 1254 3301 iungi
1274 3225 1472 3293 inveniuntur,

182 3333 214 3385 nt
240 3332 314 3404 puta
342 3324 503 3386 ‘audacius
531 3327 737 3404 mancipium'.
781 3333 811 3387 at
837 3344 908 3388 vero
933 3327 1050 3407 quando
1079 3343 1137 3411 non
1166 3324 1324 3403 generibus
1352 3326 1472 3393 neonis,

180 3427 232 3489 ssd
256 3444 327 3488 eum
342 3418 397 3487 alia
419 3425 550 3506 qualibet
569 3435 654 3505 parte
674 3428 814 3489 orationis
833 3429 1002 3497 miscentur,
1025 3426 1231 3488 adverbiorum
1253 3445 1319 3489 esse
1340 3445 1472 3506 pronun·

180 3529 309 3597 tiantnr,
340 3534 373 3589 ut
395 3536 464 3606 puta
490 3529 648 3591 ‘audacius
671 3530 768 3591 dixit'.
789 3554 793 3563 ¹
812 3532 855 3592 sic
876 3538 906 3590 et
927 3529 976 3591 alii
993 3531 1189 3607 ¹comparativi
1209 3529 1331 3608 modus,
1354 3528 1511 3608 quandoso

181 3632 287 3709 geum
309 3636 416 3690 neutro
437 3629 480 3691 vel
502 3631 620 3711 quando
642 3632 781 3694 adverbio
802 3632 1014 3712 respondeant,
1036 3630 1255 3708 intelleguntur.
1299 3649 1379 3692 nnnc
1400 3631 1473 3694 baec

180 3732 287 3794 adem
305 3733 426 3792 nomina
450 3734 567 3810 generis
587 3732 699 3795 scilicet
721 3738 830 3804 omnis.
860 3752 936 3813 qnae
959 3734 1137 3797 diximus-iu
1159 3735 1284 3812 positivo
1305 3734 1399 3812 gradu
1420 3732 1496 3794 no·¹

180 3835 321 3896 minativo
342 3851 413 3894 casn
434 3836 550 3896 numeri
572 3834 729 3914 singularis
751 3855 787 3898 ar
807 3835 915 3909 litteris
937 3837 1068 3904 deliniri,
1100 3837 1123 3896 si
1145 3834 1337 3915 superlativas
1363 3836 1474 3914 gradus

180 3955 217 3998 ex
239 3953 273 3997 se
300 3935 402 3997 iacere
428 3943 564 4015 possunt,
597 3939 631 3998 in
649 3941 783 4017 genetivo
810 3957 880 4001 casu
905 3940 1022 4000 numeri
1048 3937 1204 4016 singularis
1230 3938 1322 3998 simus
1348 3937 1475 4018 syllabas

180 4037 331 4116 accipiunt
351 4045 382 4098 et
399 4036 609 4117 mperlativum
632 4040 755 4118 gradum
778 4043 897 4118 generis
918 4040 1072 4103 masculini
1093 4041 1259 4108 ostendunt,
1282 4047 1403 4120 utputa
1425 4041 1474 4102 bic
1486 4061 1512 4104 ss

180 4146 211 4201 st
227 4139 304 4201 baec
323 4145 355 4201 et
374 4139 433 4200 hoc
454 4140 548 4202 audax
566 4141 653 4203 buius
672 4142 791 4205 audacis
813 4143 860 4204 bic
881 4142 1093 4205 audacissimus
1121 4141 1218 4203 iacere
1244 4140 1358 4203 debeat.
1402 4143 1473 4205 item

180 4240 256 4303 baec
279 4242 384 4302 eadem
407 4242 586 4322 supradicti
608 4245 725 4322 generis
751 4245 868 4305 nomina
899 4247 928 4305 in
951 4263 1040 4324 supra
1062 4245 1140 4306 dicto
1162 4261 1232 4305 casu
1253 4240 1326 4304 sima
1348 4243 1474 4325 syllabas

179 4344 331 4422 accipiunt
351 4351 381 4403 et
405 4342 615 4423 superlativum
638 4346 762 4423 gradum
783 4347 901 4425 generis
923 4347 1054 4408 seminini
1075 4345 1248 4415 ostendunt,
1277 4353 1310 4407 ut
1332 4353 1402 4425 puta
1424 4345 1474 4407 bic

179 4451 210 4505 et
231 4444 306 4506 baec
326 4452 355 4507 et
376 4444 435 4506 boc
456 4446 551 4506 audax
569 4446 656 4508 buius
677 4432 804 4509 audacis
817 4447 891 4509 haec
913 4448 1101 4510 audacissima
1137 4449 1234 4510 iacere
1264 4446 1379 4510 debeat.
1419 4454 1448 4508 at
1462 4445 1471 4530 ΙΙ
1602 4531 1613 4541 ,

180 4565 251 4608 vero
279 4546 362 4635 baec·
376 4546 481 4608 eadem
505 4566 593 4627 snpra
623 4549 692 4611 dicti
719 4551 836 4628 generis
862 4551 980 4610 nomina
1004 4552 1036 4611 in
1057 4567 1146 4627 supra
1169 4549 1247 4611 dicto
1274 4567 1345 4611 casu
1365 4550 1471 4612 simum
1485 4570 1511 4610 ro

178 4647 307 4729 syllabas
336 4650 487 4728 accipiunt
514 4657 542 4710 et
566 4650 775 4729 superlativum
805 4652 929 4729 gradum
962 4654 1080 4731 generis
1107 4654 1205 4713 nentri
1235 4651 1409 4724 ostendunt,
1440 4659 1473 4714 ut

250 4794 428 4844 Bsnblclmus
446 4811 461 4843 r
479 4794 634 4848 sublclemns
653 4795 677 4846 R
757 4797 775 4849 il
792 4797 890 4862 possint
908 4797 932 4846 R
950 4807 1057 4863 possunt
1069 4814 1085 4845 r
1159 4797 1193 4849 26
1209 4797 1348 4863 respondet
1367 4800 1404 4850 aa

152 4870 158 4884 ·
178 4863 216 4915 29
234 4867 285 4914 slis
302 4862 416 4929 qnalibet
436 4881 452 4914 r
471 4864 620 4928 aliqualibet
639 4865 661 4914 R
729 4867 957 4933 pronuntianturo
980 4867 1195 4934 pronuntiatnrli
