3314 5506
659 380 870 441 PRAEFATIO
1383 397 1419 442 lx

132 568 175 634 ad
197 567 418 633 Caelestinum
446 568 493 630 ita
519 566 725 651 inscriptum,
755 566 872 631 ‘Probi
901 568 1105 651 grammatici
1133 567 1280 633 instituta
1302 568 1420 632 artium

132 672 175 735 ad
196 669 417 735 Caelestinum
425 675 444 749 ',
471 689 632 732 unacum
654 665 790 732 aliorum
812 670 1095 755 grammaticorum
1117 668 1209 733 libris
1232 669 1333 734 edidit
1353 668 1420 734 Me·

133 772 253 837 diolam
263 794 292 837 a.
306 769 523 850 1504‚deinde
534 780 567 834 et
577 771 726 834 instituta
740 771 868 850 artium,
886 792 968 856 quae
984 769 1122 852 dixerat,
1135 771 1238 855 magis
1251 771 1421 836 emendata

133 887 165 939 et
185 870 348 940 catholica
374 895 448 938 cum
477 873 558 936 libro
587 872 758 937 Frontonis
788 873 829 937 de
857 871 1047 937 differentiis
1070 882 1103 936 et
1124 872 1252 937 Phoeae
1272 872 1313 937 de
1335 875 1420 959 aspi·

132 978 257 1042 ratione
284 976 431 1041 Vicetiae
458 998 487 1040 a.
512 981 594 1045 1509
622 974 769 1057 edidit.*)
813 974 1021 1039 Parrhasium
1049 983 1157 1039 autem
1185 975 1329 1040 codicem
1357 976 1419 1040 Bo·

133 1080 292 1159 biensem,
315 1100 402 1143 nunc
416 1077 715 1158 vindobonensem,
738 1077 937 1164 expressisse
958 1099 1023 1142 non
1045 1076 1149 1142 solum
1163 1078 1196 1141 in
1219 1076 1420 1164 praefatione

215 1302 239 1368 ⁸)
267 1301 485 1354 Mediolanensis
509 1302 639 1354 editionis
661 1302 706 1352 hic
730 1307 773 1353 est
794 1301 905 1364 titulus,
930 1299 1006 1352 ‘Hoc
1029 1304 1058 1352 in
1081 1300 1220 1353 volumine
1244 1301 1421 1353 continentur

134 1396 259 1440 auctores
281 1390 359 1439 lnfra
382 1388 487 1452 scripti.
523 1388 607 1438 Probi
629 1389 759 1439 instituta
782 1387 881 1438 artium
907 1386 1022 1437 Maximi
1039 1387 1176 1438 Victorini
1201 1387 1235 1438 de
1262 1388 1419 1451 quantitate

132 1474 302 1539 syllabarum
320 1474 425 1523 Donati
443 1474 531 1538 prima
549 1488 594 1523 ars
612 1472 726 1524 Seruius
745 1472 779 1523 ad
797 1472 927 1523 Albinum
945 1472 978 1523 de
997 1475 1104 1523 naturis
1126 1473 1285 1523 ultimarum
1307 1471 1421 1538 Sergius

132 1563 160 1609 in
178 1564 265 1611 artem
283 1559 388 1609 Donati
405 1559 529 1624 primam.
553 1559 668 1609 Attilius
685 1558 902 1609 Fortunatiauus
920 1557 954 1608 de
971 1560 1067 1608 metris
1084 1559 1249 1609 Horatianis
1267 1557 1421 1607 Donatiani

132 1645 242 1710 generis
264 1643 389 1694 eiusdem
411 1644 595 1708 fragmentum
617 1643 686 1694 Item
710 1642 805 1694 Caesii
826 1642 909 1693 Bassi
931 1643 1117 1694 Terentianus
1140 1642 1239 1704 Beda',
1264 1648 1292 1693 et
1315 1644 1343 1692 in
1367 1642 1421 1692 line

131 1731 195 1780 libri
218 1730 396 1794 ‘Impressum
419 1728 571 1778 Mediolani
596 1743 645 1793 per
671 1728 802 1778 loannem
828 1727 963 1794 Angelum
990 1727 1187 1779 Scinzenueler
1213 1728 1263 1777 sub
1289 1728 1422 1794 impensis

131 1815 244 1865 loannis
262 1814 359 1865 lacobi
378 1818 406 1864 et
423 1814 551 1864 Fratrum
568 1812 602 1864 de
620 1813 755 1879 Lignano.
774 1813 852 1864 Anno
870 1813 982 1864 Domini
999 1811 1210 1864 mcccccmt
1230 1812 1291 1867 Die.
1309 1813 1345 1864 11.
1364 1816 1420 1865 De·

132 1901 272 1950 cembris'.
297 1899 449 1964 praemissa
472 1904 515 1948 eat
538 1898 658 1964 epistula
675 1898 818 1949 Parrhasii
841 1898 876 1948 ad
898 1899 935 1951 M.
954 1898 1102 1949 Antonium
1127 1898 1266 1949 Cusanum
1285 1899 1421 1950 Mediola-

131 2001 242 2036 nensem
261 1984 422 2050 patricium,
446 1984 475 2033 in
492 1998 548 2048 qua
565 1983 599 2034 de
617 1984 800 2050 scriptoribus
822 2000 839 2034 a
857 2000 887 2035 se
906 1983 988 2034 editis
1006 1984 1077 2034 haec
1095 1983 1207 2046 scribit,
1231 1985 1285 2035 ‘Ea
1308 1991 1422 2050 propter

132 2070 338 2121 accuratissimi
361 2069 535 2134 grammatici
556 2069 641 2119 Probi
664 2070 795 2120 instituta
818 2071 917 2120 artium
942 2069 1000 2133 (Sic
1024 2070 1096 2120 enim
1120 2068 1190 2121 libro
1208 2070 1319 2120 titulum
1342 2069 1420 2134 fecit)

133 2171 260 2221 quaeque
279 2155 417 2204 Maximus
435 2154 593 2204 Victorinus
612 2158 640 2205 et
658 2153 721 2204 alii:
745 2169 858 2219 quorum
881 2155 988 2208 subieci
1010 2155 1136 2205 nomina:
1165 2155 1241 2218 paris
1265 2155 1421 2219 argumenti

133 2242 331 2292 commentaria
353 2239 535 2302 scripserunt:
563 2238 597 2289 ad
619 2245 647 2290 te
669 2239 740 2289 misi.
777 2254 838 2290 cum
860 2238 954 2291 Caesii
975 2240 1058 2289 Bassi
1081 2238 1114 2289 de
1138 2238 1235 2289 Matris
1256 2239 1421 2290 Horatianis

132 2325 279 2392 opusculor
310 2324 462 2375 uetustatis
484 2323 587 2374 inimic
609 2322 745 2377 mutilato.
782 2324 854 2388 quod
883 2323 1012 2375 accidere
1039 2338 1154 2374 necesse
1181 2324 1248 2374 fuitr
1278 2329 1306 2374 et
1328 2339 1421 2374 eorum

133 2409 212 2476 (quos
224 2410 296 2474 dixi)
314 2410 483 2476 plaerisque.
502 2410 603 2475 quippe
622 2423 737 2474 quorum
754 2409 801 2468 uix
819 2425 834 2459 e
851 2408 943 2460 media
955 2408 1192 2460 Bibliothecarum
1210 2412 1319 2475 strage:
1338 2424 1420 2473 quam

133 2498 239 2562 geticus
257 2495 336 2545 dedit
353 2496 442 2545 furor:
465 2495 577 2545 unicum
596 2493 668 2559 quud
686 2494 802 2544 extabat
819 2494 972 2560 exemplar:
1003 2499 1112 2546 erutum
1129 2495 1175 2544 sit.
1204 2494 1308 2545 auxilio
1325 2494 1420 2544 Patris

133 2581 301 2646 Amplissimi
319 2580 455 2645 Stephani
471 2579 619 2631 Poucherii
636 2578 758 2630 luteciae
776 2579 940 2644 parisiorum
957 2579 1112 2645 pontificis:
1129 2578 1420 2644 indulgentissimique

133 2669 184 2716 mei
203 2666 336 2731 patroni’.
372 2665 503 2716 Vicetiua
521 2664 606 2715 editio
624 2665 665 2715 ita
683 2665 818 2730 inscripta
837 2669 892 2727 est,
917 2664 962 2715 ‘Iu
980 2665 1033 2715 hoc
1052 2663 1148 2716 codice
1167 2666 1355 2715 continentur:
1380 2667 1420 2715 iu·

133 2753 232 2801 stituta
251 2751 352 2800 artium
370 2751 508 2814 Probique
527 2747 687 2799 Catholica:
706 2748 832 2813 Corque
845 2749 994 2800 Frontonis
1012 2750 1046 2802 de
1065 2751 1203 2801 nominum
1220 2750 1420 2815 verborumque

133 2836 311 2887 differentiis:
335 2840 363 2885 et
385 2834 496 2885 Phocae
519 2834 692 2901 grammatici
714 2833 748 2885 de
771 2834 851 2885 flatili
873 2840 940 2886 nota
964 2840 1049 2900 atque
1067 2835 1100 2886 de
1119 2836 1288 2901 aspiratione
1307 2835 1420 2886 libellus

133 2922 276 2973 aureolus:
299 2920 341 2969 Ab
361 2921 401 2972 A.
421 2918 489 2969 Iano
506 2919 655 2970 Parrhasio
673 2934 760 2985 nuper
777 2921 914 2979 iuuenta:¹
934 2937 967 2971 ac
994 2936 1067 2970 nunc
1093 2921 1209 2987 primum
1227 2921 1325 2984 edita’,
1345 2926 1374 2971 et
1391 2921 1421 2971 iu

132 3008 182 3058 fine
201 3007 268 3058 libri
292 3003 468 3071 ‘Expliciuut
484 3003 618 3054 Instituta
637 3005 736 3054 artium
756 3008 784 3056 et
801 3005 948 3057 Catholica
966 3006 1049 3056 Probi
1073 3006 1249 3070 Corneliiqne
1273 3007 1420 3057 Frontonis

48 3100 50 3107 ’
134 3095 172 3143 Dc
191 3093 332 3142 nominum
350 3089 550 3153 uerborumque
562 3088 730 3148 differentiis,
745 3091 842 3140 unicus
861 3096 890 3141 et
907 3107 1008 3142 aureus
1025 3091 1148 3142 libellus.
1171 3091 1296 3156 itemque
1309 3091 1419 3141 Phocae

132 3177 305 3243 grammatici
323 3174 356 3225 de
374 3175 543 3240 aspiratione
561 3175 721 3240 praeceptio
732 3173 850 3224 noudum
863 3175 1015 3241 publicata.
1034 3177 1178 3227 Veicetiae
1191 3176 1252 3225 XII.
1266 3175 1420 3226 Februarii.

131 3262 167 3314 M.
186 3263 221 3314 D.
240 3261 289 3311 lx,
307 3259 361 3309 Per
379 3259 530 3309 Heuricum
549 3262 576 3309 et
594 3258 724 3309 Ioannem
742 3259 859 3310 Mariam
878 3263 937 3311 eius
956 3262 996 3313 .F.
1016 3262 1178 3312 Librarios’.
1206 3261 1358 3326 praemissa
1378 3265 1421 3310 est

133 3346 254 3411 epistula
266 3343 411 3394 Parrhasii
429 3343 463 3394 ad
482 3343 613 3394 Senatum
625 3344 808 3406 Veicetiuum‚
828 3346 856 3395 in
869 3361 923 3411 qua
936 3346 969 3396 de
982 3346 1071 3397 Probo
1084 3346 1154 3397 baec
1167 3345 1273 3406 scribit,
1292 3343 1418 3406 ‘Quanta

133 3431 204 3496 apud
229 3431 359 3493 antiquos
382 3429 489 3480 Valerii
510 3429 593 3479 Probi
616 3429 701 3479 fuerit
724 3431 877 3480 auctoritas
907 3431 947 3484 .A.
971 3431 1078 3482 Gellius
1100 3432 1129 3481 in
1153 3430 1280 3480 noctibus
1302 3429 1420 3480 Atticis:

133 3515 284 3579 Aeliusque
304 3514 430 3564 Donatus
449 3513 553 3563 indicat
572 3519 599 3564 et
617 3514 731 3564 Seruius
749 3514 912 3566 honoratus:
931 3531 965 3566 ac
984 3515 1088 3581 (siquid
1103 3517 1176 3567 inter
1188 3515 1237 3567 hos
1255 3515 1341 3565 habet
1352 3513 1420 3577 loci)

134 3601 306 3650 Priscianus:
336 3599 384 3663 qui
406 3599 572 3649 testimoniis
594 3600 654 3649 eius
677 3603 708 3648 nt
731 3601 852 3652 oraculis
874 3606 996 3652 utuntur.
1031 3601 1059 3651 Is
1082 3602 1153 3652 inter
1176 3602 1233 3652 alia
1251 3601 1421 3652 monimenta

134 3685 260 3751 frugiferi
278 3684 322 3734 sui
338 3683 456 3734 laboris:
475 3683 607 3734 Instituta
625 3686 726 3733 artium
738 3686 854 3750 reliquit
871 3693 899 3738 et
911 3686 1072 3737 Catholica:
1091 3701 1163 3751 quae
1181 3688 1316 3737 rationem
1335 3686 1420 3735 totius

135 3767 271 3820 emendati
290 3768 423 3819 sermonis
441 3768 653 3834 amplectuutur.
678 3770 720 3819 Ea
733 3773 873 3845 serpentis
893 3770 1057 3837 etamplius
1076 3772 1177 3822 abbinc
1196 3773 1275 3821 annis
1294 3771 1321 3819 iu
1341 3769 1420 3820 altis-

135 3856 198 3904 simo
216 3854 332 3920 puluere
350 3855 497 3904 iacuerunt
514 3854 671 3920 incognita:
701 3853 788 3906 donec'
808 3872 824 3907 a
843 3857 898 3906 situ
916 3856 1053 3922 Georgius
1071 3859 1187 3923 primum
1204 3856 1314 3907 Merula
1333 3853 1420 3905 uindi-

135 3942 208 3990 cauit
226 3940 254 3989 iu
273 3955 351 3989 usum
370 3937 556 3989 tantummodo
574 3955 660 3992 suum.
695 3940 759 3991 Mox
778 3956 810 3991 eo
829 3940 973 3993 defuncto:
993 3942 1103 4007 qnidam
1122 3943 1225 4008 proprii
1242 3942 1312 3992 iuris
1329 3955 1424 3991 exem-

134 4025 222 4089 plaria
240 4026 377 4075 fecerant.
401 4023 602 4090 Indignumque
614 4024 761 4077 uidebatur
773 4027 918 4077 ambitioni
936 4041 1086 4092 paucorum
1104 4028 1209 4077 seruire
1223 4041 1293 4091 quae
1311 4027 1420 4077 latinae

135 4111 246 4176 linguae
265 4109 495 4174 diligentissimus
513 4110 674 4177 indagator:
691 4112 721 4161 in
738 4112 875 4162 hominurn
895 4112 1057 4162 lucubraret
1074 4111 1233 4163 utilitatem.
1259 4113 1352 4176 Quare
1370 4127 1420 4163 nos

134 4196 241 4245 iisdem:
269 4194 369 4259 quibus
397 4200 461 4245 ante
486 4194 610 4246 Merula:
637 4197 766 4262 uestigiis
793 4197 827 4247 ad
856 4198 1029 4262 interceptae
1052 4196 1171 4262 praedae
1195 4197 1286 4248 cubile
1309 4197 1422 4248 deducti

134 4280 215 4331 libros
233 4282 329 4331 aetate
347 4279 404 4329 iam
421 4283 515 4344 putres
534 4281 742 4347 exscripsimus:
765 4280 914 4332 Incredile:
941 4284 1046 4345 quanto
1070 4281 1163 4332 labore
1182 4287 1294 4348 propter
1311 4282 1420 4333 obsole-

133 4372 175 4414 tas
198 4370 323 4415 ueterum
345 4362 489 4414 literarum
511 4369 608 4416 notas:
638 4370 666 4416 et
688 4367 742 4415 iam
765 4367 894 4432 temporis
917 4366 1020 4416 iniuria
1050 4367 1267 4418 uanescentinm.
1303 4365 1357 4416 Sed
1385 4382 1419 4417 ne

133 4451 200 4514 quod
223 4452 257 4500 in<
275 4448 343 4500 aliis
369 4462 534 4499 accusamur
557 4450 660 4500 imitari
677 4449 774 4501 uidear
791 4451 861 4503 haec
880 4451 960 4503 edere
980 4452 1113 4503 constitui
1131 4452 1214 4502 Probi
1233 4452 1360 4502 manibus
1377 4453 1419 4501 in·

132 4540 234 4600 gratrmr
252 4536 315 4586 fore
334 4548 390 4583 uon
407 4537 500 4584 ratus:
528 4535 553 4583 si
576 4534 632 4598 (cui
649 4537 754 4601 scripta
772 4536 846 4600 suut)
871 4537 991 4602 ingenua
1010 4537 1188 4601 studiosaque
1206 4538 1336 4587 iuuentus
1354 4536 1419 4586 inde

131 4620 275 4685 proficiat'.
314 4622 438 4670 ceterum
457 4617 527 4681 quod
547 4616 666 4671 editores
683 4620 909 4672 vindobonenses
929 4623 1052 4672 analect.
1075 4637 1188 4687 gramm.
1207 4621 1295 4686 praef.
1314 4637 1340 4685 p.
1354 4619 1420 4670 XIV

130 4705 205 4757 Probi
223 4703 371 4757 catholica
390 4703 464 4766 typis
475 4702 600 4753 Vdalrici
613 4703 807 4757 Scinzenzelcr
820 4722 836 4757 a
848 4706 981 4757 Galbiato
1000 4707 1075 4757 edita
1094 4722 1154 4757 esse
1173 4704 1309 4768 dixerunt,
1328 4721 1420 4756 errore

129 4799 232 4858 propter
250 4787 424 4843 Terentiani
442 4786 589 4839 editionem
608 4791 749 4840 commisso
769 4792 872 4842 factum
891 4807 952 4842 esse
965 4792 1082 4844 videtur.
1119 4807 1182 4841 nam
1201 4790 1341 4856 descripta
1359 4791 1419 4854 qui·

128 4875 180 4929 dem
198 4896 260 4932 esse
282 4872 432 4927 catholica
451 4888 467 4923 a
486 4873 627 4943 Galbiato‚
646 4879 677 4929 ut
694 4874 849 4943 ederentur,
868 4877 969 4929 litteris
988 4877 1110 4929 Sfortiac
1129 4878 1157 4926 in
1176 4875 1297 4927 editione
1317 4876 1419 4927 Teren·
