3314 5506
636 118 751 180 COMM.
775 117 814 180 IN
836 117 1015 179 benarvet
1405 128 1466 187 415

1247 239 1269 279 p.
1284 227 1379 269 traam
1394 227 1416 269 v.

333 311 367 365 et
390 322 619 385 quocumque
642 304 768 366 volent
791 308 949 366 animum
980 305 1163 366 auditoris
1186 314 1330 384 agunto.

180 416 248 466 uam
271 407 296 466 si
318 406 431 466 diceret
458 414 562 485 agant,
592 409 876 488 tempus'praesens
898 408 1080 477 ostenderet,
1104 425 1165 467 non
1186 408 1327 468 futurum.
1372 411 1467 488 prima

180 509 346 586 coniugatio
369 515 399 569 et
420 511 505 569 tertia
530 518 666 588 correpta
688 517 731 569 tot
752 509 877 589 syllabas
893 510 1003 570 babere
1019 509 1127 570 debent
1141 511 1171 569 in
1187 510 1316 570 secunda
1331 529 1466 589 persona,

181 619 251 688 quot
274 612 302 669 in
325 612 420 687 prima
444 609 553 671 babent
574 612 730 672 indicativo
752 613 855 681 modo,
880 622 911 672 ut
926 632 992 673 amo
1009 631 1102 680 auras,
1125 611 1191 690 lego
1213 611 1295 690 legis.
1327 613 1468 692 quidquid

184 720 279 772 autem
303 712 388 772 aliter
411 713 529 781 iecerit,
554 713 720 775 anomalum
743 723 799 784 est,
823 722 856 774 ut
878 714 933 775 edo
956 733 1001 784 es,
1025 714 1148 775 comedo
1172 734 1280 775 comes.
1481 732 1493 770 n

688 919 737 980 DE
763 919 959 981 iuvenale.

265 1053 443 1116 Adverbium
467 1053 576 1114 dictum
602 1063 646 1114 est
668 1074 712 1125 eo,
737 1055 815 1133 quod
839 1074 960 1116 necesse
983 1055 1072 1115 babet
1094 1056 1169 1117 banc
1192 1064 1306 1135 partem
1328 1057 1469 1116 orationis

181 1155 303 1217 verbum
328 1157 425 1236 sequi,
450 1164 482 1215 ut
503 1159 586 1216 ‘cras
610 1158 741 1228 iaciam',
765 1157 869 1217 ‘hodie
892 1158 1018 1219 scribo'.
1055 1158 1106 1218 sed
1131 1177 1203 1227 non,
1227 1166 1259 1218 ut
1283 1176 1402 1218 necesse
1426 1166 1470 1218 est

180 1257 319 1318 adverbio
351 1259 434 1337 sequi
467 1257 607 1328 verbum,
641 1261 680 1319 ita
708 1279 829 1320 necesse
859 1261 915 1319 erit
944 1260 1032 1319 verbo
1060 1262 1143 1338 sequi
1175 1259 1355 1321 adverbium.
1401 1280 1468 1321 uam

179 1360 297 1441 quando
327 1360 392 1419 dico
421 1361 508 1420 ‘iacit
530 1365 657 1430 orator',
687 1370 731 1422 est
753 1361 879 1422 elocutio
907 1360 1007 1440 plena,
1037 1381 1211 1441 quamquam
1236 1364 1299 1421 siue
1321 1362 1468 1423 adverbio.
1485 1381 1507 1418 ro

178 1471 278 1542 potest
301 1481 371 1539 ergo
395 1462 517 1523 verbum
541 1464 604 1522 sinc
620 1462 759 1529 adverbio
774 1465 859 1542 poni;
884 1462 1054 1523 adverbium
1071 1473 1168 1524 autem
1187 1466 1249 1524 sine
1273 1457 1362 1522 verbo
1385 1483 1469 1524 uum·

181 1583 270 1644 quam
287 1566 417 1642 ponitur.
461 1567 491 1624 in
514 1563 776 1642 significationibus
799 1564 1004 1626 adverbiorum
1029 1565 1131 1626 localia
1154 1565 1291 1625 adverbia
1315 1565 1470 1644 diligenter

178 1665 358 1727 advertenda
375 1673 455 1736 sunt,
479 1685 553 1745 quae
570 1666 680 1726 babent
695 1674 832 1744 quattuor
847 1668 975 1745 species,
998 1668 1028 1727 iu
1051 1667 1131 1737 ioco,
1154 1667 1190 1726 de
1213 1666 1291 1737 loco,
1315 1667 1351 1728 ad
1373 1666 1470 1728 locum

183 1777 213 1829 et
236 1786 292 1847 per
314 1766 421 1829 lorum.
466 1769 496 1826 in
519 1766 584 1827 loco
607 1775 674 1828 sunt
697 1768 783 1838 baec,
807 1769 857 1828 bic
879 1768 937 1828 ibic
960 1768 1001 1828 ibi
1023 1772 1102 1830 intus
1130 1769 1212 1830 ioris.
1257 1770 1293 1829 do
1316 1769 1380 1829 ioco
1403 1778 1471 1829 sunt

178 1870 270 1940 baec,
300 1870 369 1930 hinc
397 1869 475 1929 illinc
505 1868 581 1929 inde.
626 1872 705 1930 intus
728 1871 798 1931 ioris
820 1890 880 1932 uno
902 1872 989 1931 modo
1013 1880 1071 1932 tam
1094 1872 1125 1932 in
1147 1870 1212 1932 ioco
1235 1891 1322 1951 quam
1346 1871 1381 1931 de
1403 1871 1508 1932 locor,

177 1973 388 2052 proferuntur,
412 1971 441 2031 id
464 1974 593 2033 estsine
617 1975 823 2032 coniunctione
846 1975 1082 2053 praepositionis.
1119 1972 1154 2034 ad
1176 1973 1274 2034 iocum
1297 1983 1366 2033 suut
1387 1975 1469 2045 baec,

181 2074 240 2135 huc
264 2073 332 2134 iiiuc
356 2073 406 2133 illo
428 2075 503 2134 istuc
525 2075 603 2133 intro
626 2074 715 2134 foras.
747 2093 800 2153 per
822 2074 918 2136 locum
942 2084 1010 2137 suut
1031 2076 1118 2146 haec,
1142 2075 1198 2136 hac
1220 2075 1287 2136 illac
1310 2075 1368 2137 illa.
1400 2095 1470 2154 ergo

179 2176 417 2237 animadvertere
446 2172 602 2245 debemus,
631 2184 677 2244 ut,
707 2178 841 2257 quotiens
869 2178 979 2238 suerint
1000 2177 1137 2238 adverbia
1161 2180 1189 2237 iu
1213 2177 1290 2247 ioco,
1314 2179 1471 2256 iungamus

179 2279 270 2338 verba
294 2297 368 2358 quae
391 2276 501 2338 habent
523 2278 765 2356 significationem
787 2281 819 2338 in
840 2278 921 2349 loco,
946 2289 1084 2361 utputa,
1114 2279 1154 2339 ibi
1176 2299 1256 2350 sum,
1286 2279 1344 2340 iilic
1371 2281 1469 2349 sedeo,

181 2382 260 2441 intus
291 2389 336 2440 sto
367 2387 395 2439 et
428 2379 550 2447 siruiiia;
584 2383 719 2460 quotiens
752 2391 821 2442 sunt
853 2388 949 2442 autem
979 2381 1116 2443 adverbia
1145 2401 1220 2461 quae
1247 2384 1413 2459 significant
1434 2381 1509 2443 adao

180 2481 295 2553 iocum,
323 2483 480 2560 iungamus
508 2502 540 2543 ea
564 2485 609 2543 bis
633 2483 728 2543 verbis
750 2482 885 2543 similiter
907 2503 980 2564 quae
1004 2482 1112 2544 habent
1134 2483 1374 2561 significationem
1399 2503 1470 2544 euu-

182 2586 233 2655 tis,
257 2591 291 2644 ut
312 2602 404 2661 pergo
427 2583 509 2655 iliuc,
533 2585 606 2645 vado
629 2584 695 2654 iilo,
719 2587 890 2664 proficiscor
914 2587 990 2645 iutro
1014 2594 1043 2645 et
1070 2585 1184 2646 similia.
1230 2604 1296 2645 nam
1324 2588 1399 2664 siqui
1427 2585 1470 2644 di·

184 2696 228 2747 rat
251 2687 355 2746 ‘venio
377 2685 445 2756 ibi',
470 2688 604 2747 vitiosum
627 2696 680 2747 est.
720 2690 803 2748 venio
826 2690 904 2748 enim
927 2689 1147 2766 significationis
1170 2695 1214 2747 ost
1236 2687 1272 2747 ad
1294 2687 1405 2756 locum,
1430 2686 1471 2746 ibi

183 2807 252 2849 vero
281 2789 312 2848 in
339 2786 404 2847 loco
432 2795 491 2856 est,
521 2797 550 2849 et
578 2788 636 2849 duo
664 2790 737 2849 baec
760 2791 872 2851 diversa
896 2809 1055 2870 numquam
1079 2790 1246 2850 cohaerent.
1292 2809 1350 2850 nou
1374 2782 1470 2849 omnia

184 2888 321 2951 adverbia
350 2891 497 2971 recipiunt
524 2894 782 2970 conparationem,
813 2891 864 2951 sed
888 2911 922 2952 ea
944 2900 1073 2961 tanturn,
1097 2911 1171 2971 quae
1194 2891 1305 2951 ducunt
1325 2892 1507 2969 origiuemas

183 3011 196 3052 a
226 2991 412 3058 noiimioibus
440 2992 649 3071 recipientibus
679 2995 932 3072 conparationem,
967 3005 1001 3053 ut
1029 2994 1132 3054 doctus
1160 2994 1255 3054 docte.
1300 2995 1363 3053 iure
1393 2994 1470 3053 euim

182 3095 310 3156 dicimus
332 3093 446 3156 doctius
468 3095 648 3164 doctissime,
678 3097 817 3174 quoniam
840 3104 870 3155 et
891 3114 1000 3155 nomen
1022 3097 1117 3175 ipsum
1141 3093 1244 3156 doctus
1266 3094 1335 3155 iacit
1358 3095 1471 3155 doctior

181 3197 380 3258 doctissimus.
410 3197 547 3257 adverbia
570 3206 668 3258 autem
692 3215 766 3276 quae
789 3205 989 3276 conparantur
1010 3199 1041 3256 in
1063 3198 1186 3275 positivo
1210 3197 1302 3276 gradu
1325 3196 1397 3257 duas
1420 3198 1469 3257 ba·

180 3298 255 3361 beut
277 3298 409 3377 regulas,
438 3307 506 3359 eet
529 3317 575 3368 er,
607 3307 639 3360 ut
661 3298 746 3359 docte
769 3306 798 3358 et
820 3298 950 3367 iortiter;
973 3301 1005 3358 iu
1029 3300 1216 3377 conparativo
1239 3317 1343 3368 uuam,
1366 3306 1398 3358 ut
1419 3298 1471 3358 do-

179 3405 258 3464 ctius
281 3401 398 3470 sortium
428 3402 460 3461 iu
488 3400 665 3481 superlativo
694 3408 790 3461 autem
813 3418 902 3461 unam
926 3419 955 3470 e,
978 3401 1056 3480 quod
1079 3419 1197 3481 semper
1219 3400 1394 3480 productum
1418 3408 1470 3470 est,
1484 3424 1509 3465 ao

178 3513 213 3566 ut
237 3502 406 3564 doctissime
429 3503 595 3565 fortissime.
627 3502 743 3582 quando
766 3511 862 3563 autem
885 3504 1056 3583 positivuse
1078 3506 1268 3573 terminetur,
1289 3501 1406 3583 quaudo
1429 3522 1470 3573 er,

179 3607 298 3668 dativus
324 3604 479 3683 singularis
513 3605 648 3667 ostendit.
693 3624 761 3665 nam
794 3624 810 3665 e
845 3614 905 3666 tum
939 3607 1114 3666 terminatur
1137 3605 1305 3666 adverbium
1339 3607 1470 3683 positivo,

181 3727 250 3770 cum
281 3707 393 3768 dativus
421 3708 578 3784 singularis
608 3726 625 3766 o
654 3707 743 3767 suerit
772 3709 958 3779 terminatus
989 3717 1021 3769 ut
1044 3708 1130 3770 docto
1153 3709 1255 3777 docte,
1279 3707 1359 3767 claro
1383 3706 1471 3768 clare.

182 3821 254 3872 tunc
282 3817 380 3871 autem
409 3810 578 3871 adverbium
604 3828 637 3871 er
659 3811 847 3880 terminatur,
871 3830 937 3871 cum
960 3811 1073 3872 dativus
1094 3810 1250 3888 singularis
1271 3812 1281 3869 i
1304 3811 1391 3870 fuerit
1414 3820 1473 3871 ter·

182 3914 327 3983 minatus,
350 3919 383 3972 ut
404 3912 473 3972 huic
495 3912 563 3991 agili
586 3912 700 3990 agiliter
722 3920 752 3972 et
774 3913 843 3973 buic
865 3913 935 3973 sorti
958 3913 1083 3974 fortiter.
1114 3932 1189 3992 quae
1211 3914 1257 3974 his
1279 3911 1391 3991 regulis
1412 3931 1472 3973 non
1485 3935 1510 3979 35

182 4017 330 4083 serviunt,
353 4014 490 4075 adverbia
513 4013 646 4075 anomala
669 4022 745 4074 sunt.

269 4116 395 4188 Nomina
422 4119 638 4196 provinciarum
667 4135 785 4197 semper
813 4117 959 4197 recipiunt
986 4118 1233 4195 praepositiones,
1257 4124 1289 4177 ut
1311 4115 1365 4176 ‘ad
1388 4117 1471 4178 Cam-

270 4357 284 4407 1
304 4357 416 4405 animum
433 4356 556 4405 auditoris
575 4362 669 4422 agunto
688 4369 705 4410 ς
727 4357 837 4406 animam
861 4356 984 4405 auditoris
1006 4364 1115 4421 angusto
1132 4356 1158 4403 P
1240 4354 1349 4405 3debet
1367 4355 1392 4403 P

185 4429 201 4477 4
219 4427 342 4490 quicquid
361 4427 384 4476 P
453 4427 470 4477 6
488 4441 674 4478 neruosusne
692 4426 717 4473 P
800 4425 1024 4476 diadumeno
1042 4425 1135 4474 faciam
1156 4424 1232 4474 bodie
1249 4425 1331 4491 legam
1350 4425 1472 4487 quottidie

184 4499 268 4546 scribo
284 4511 301 4552 ς
388 4497 435 4546 sed
459 4512 509 4548 riou
528 4508 555 4546 nt
578 4513 681 4547 neccsse
699 4503 738 4545 ost
755 4498 833 4546 uerbo
852 4497 925 4558 sequi
944 4496 1092 4544 aduerbium
1111 4497 1146 4543 ita
1163 4511 1267 4546 necesse
1286 4496 1333 4544 erit
1350 4496 1472 4545 aduerbio

185 4569 258 4630 sequi
273 4567 378 4615 uerbum
396 4566 421 4613 P
436 4568 481 4616 sed
500 4582 550 4616 non
567 4579 594 4618 ut
612 4583 717 4618 necesse
735 4576 774 4615 est
789 4567 869 4615 uerbo
885 4567 956 4628 sequi
975 4565 1133 4618 uduerbium.
1154 4568 1187 4613 ita
1204 4581 1309 4615 necesse
1326 4573 1364 4614 cst
1381 4567 1471 4616 aduer-

185 4637 256 4688 bium
275 4638 347 4700 sequi
361 4637 465 4685 uerbum
478 4650 495 4692 ς
565 4637 599 4688 ab
615 4647 653 4689 sto
669 4654 715 4689 om.
728 4639 770 4692 Ρς
840 4636 875 4688 23
889 4637 925 4686 ibi
939 4651 999 4685 uero
1016 4649 1033 4692 ς
1050 4638 1094 4686 ubi
1107 4651 1168 4685 uero
1184 4636 1207 4684 P
