3346 5506
231 362 291 424 174
819 359 933 421 enom

279 489 302 531 p.
317 477 384 518 inb?
402 478 428 523 il.
1315 475 1433 530 p.tto.t1
1448 474 1477 520 V.

228 547 385 625 singularis
405 564 473 607 eum
496 545 540 606 rel
563 546 587 606 si
607 552 711 625 raptus
733 546 857 616 fuerim,
886 565 954 607 cum
977 546 1023 608 rel
1044 548 1070 607 si
1088 553 1192 625 raptus
1213 546 1321 617 fueris,
1345 564 1416 609 cum
1438 546 1521 609 relsi

228 657 330 728 raptus
350 648 453 717 fuerit;
486 649 601 708 numeri
619 647 741 726 pluralis
763 665 831 708 cum
852 647 897 709 vel
919 649 944 709 si
966 651 1042 728 rapti
1066 648 1224 718 fuerimus,
1242 667 1311 709 cum
1336 647 1384 711 rel
1404 651 1521 728 sirapti

227 752 356 819 fueritis,
391 767 458 811 eum
480 748 525 811 rel
552 751 577 809 si
606 751 683 828 rapti
712 749 836 811 fuerint:
875 750 978 810 eodem
1001 750 1089 812 modo
1124 749 1230 813 eodem
1259 757 1398 831 tempore
1426 752 1521 831 specle

228 852 515 933 plusquamperfecta
541 854 601 913 siro
622 851 807 912 recordativa
830 852 874 913 rel
893 859 995 913 exacte
1021 854 1141 914 numeri
1161 852 1320 930 singularis
1342 870 1414 914 cum
1433 851 1521 915 salsi

201 962 328 1034 areptus
350 972 461 1023 essem,
488 972 556 1014 cum
580 951 623 1013 rel
644 954 669 1012 si
694 960 797 1030 raptus
819 971 915 1022 esses,
946 972 1013 1015 cum
1035 952 1081 1015 rel
1103 955 1129 1014 si
1151 961 1254 1034 raptus
1275 961 1368 1025 essem
1408 955 1521 1017 numeri

227 1055 348 1136 pluralis
367 1075 436 1117 cnm
456 1054 501 1117 rel
522 1057 547 1117 si
568 1056 646 1135 rapti
666 1073 809 1126 essemus,
833 1074 899 1116 eum
918 1055 963 1116 rel
977 1057 1003 1116 si
1024 1056 1100 1134 rapti
1120 1057 1232 1126 essetis,
1253 1074 1324 1117 cum
1339 1055 1387 1119 rel
1405 1058 1433 1119 si
1448 1056 1521 1137 rapti

227 1168 340 1227 essent;
376 1164 405 1220 et
425 1157 568 1219 ulteriore
596 1154 885 1235 plusquamperfecta
913 1158 974 1218 sire
999 1157 1182 1220 recordativa
1205 1156 1251 1221 rel
1272 1165 1375 1221 exacta
1407 1158 1521 1223 numct'l

227 1260 386 1337 singularis
416 1278 484 1320 cnm
508 1257 553 1320 vel
575 1260 598 1319 si
617 1265 720 1337 raptus
740 1259 878 1329 fuissem,
908 1277 976 1319 cum
998 1258 1043 1320 rel
1065 1261 1091 1323 si
1111 1266 1214 1339 raptus
1234 1261 1358 1330 fuisses,
1387 1277 1459 1323 cum
1480 1258 1521 1321 rel

226 1365 253 1424 si
273 1369 375 1441 raptus
396 1355 515 1429 fnisset;
550 1361 668 1422 numeri
690 1360 812 1440 pluralis
840 1380 909 1422 cum
930 1360 974 1422 rel
998 1362 1120 1441 sirapti
1142 1360 1314 1432 fuissemus,
1343 1380 1415 1424 cnm
1435 1360 1521 1425 relei

190 1483 215 1524 ro
228 1465 304 1542 rapti
326 1464 464 1533 fuissetis,
489 1482 557 1525 cum
580 1462 626 1524 vel
647 1464 673 1522 si
694 1465 770 1542 rapti
794 1465 932 1526 fuissent:
956 1462 1062 1525 eodem
1084 1464 1172 1526 modo
1192 1472 1327 1543 tempore
1347 1463 1450 1527 futuro
1471 1482 1521 1527 nn·

227 1566 302 1625 meri
319 1564 476 1643 singularis
504 1583 571 1626 curn
594 1564 639 1627 rel
660 1567 684 1627 si
707 1572 810 1643 raptus
832 1585 893 1636 ero,
916 1583 983 1627 cum
1004 1565 1049 1627 rel
1069 1567 1094 1626 si
1114 1574 1218 1645 raptus
1239 1567 1313 1635 eris,
1340 1584 1412 1628 cum
1433 1564 1521 1629 vern

226 1672 330 1745 raptus
352 1668 423 1736 erit;
446 1668 562 1728 numeri
583 1666 707 1745 pluralis
728 1685 795 1728 cum
811 1666 855 1728 rel
872 1668 896 1728 si
911 1669 989 1746 rapti
1004 1668 1123 1737 erimus,
1146 1685 1213 1728 eum
1228 1666 1275 1729 rel
1291 1667 1316 1727 si
1335 1669 1416 1746 rapti
1434 1668 1521 1737 eritis

227 1787 294 1829 cum
316 1767 361 1830 vel
383 1771 408 1828 si
430 1771 508 1847 rapti
531 1770 639 1839 erint;.
659 1778 688 1830 et
713 1768 853 1830 ulteriore
880 1768 980 1830 futuro
1011 1771 1128 1830 numeri
1154 1768 1312 1848 singularis
1339 1787 1409 1832 cum
1434 1767 1521 1831 velsl

226 1877 329 1949 raptus
351 1870 451 1941 fuero,
479 1889 548 1931 sirm
570 1870 615 1932 rel
637 1872 660 1932 si
684 1880 787 1950 raptus
809 1871 914 1939 fueris,
944 1888 1011 1932 eum
1034 1870 1078 1932 rel
1100 1872 1125 1931 si
1145 1877 1249 1952 raptus
1268 1869 1373 1941 fuerit;
1408 1872 1521 1933 nuneri

189 1991 213 2031 o
228 1972 349 2051 pluralis
379 1991 446 2033 cnm
467 1971 512 2034 rel
534 1974 558 2034 si
580 1974 657 2051 rapti
683 1973 844 2040 fuerimus,
875 1991 942 2033 com
967 1972 1009 2034 rel
1033 1974 1156 2052 sirapti
1178 1974 1308 2043 fueritis,
1338 1990 1408 2035 cum
1432 1972 1521 2037 vela

226 2077 304 2155 rapti
325 2075 443 2136 fuerint.
490 2093 561 2136 sane
581 2075 639 2137 boc
662 2092 830 2143 monemus,
866 2074 947 2154 quod
969 2077 1087 2154 generis
1117 2077 1225 2155 passivi
1254 2076 1316 2138 sire
1346 2074 1521 2155 deponentis

226 2175 271 2237 vel
301 2177 466 2238 communis
498 2177 588 2238 verba
614 2176 735 2238 modum
765 2176 985 2255 inpersonalem
1014 2176 1059 2238 rel
1091 2178 1219 2255 gerundi
1253 2179 1313 2239 sire
1345 2194 1457 2241 nomen
1480 2176 1521 2239 rel

226 2277 453 2356 appellationem
481 2279 518 2339 ael
543 2280 668 2340 formam
696 2281 813 2357 generis
839 2279 924 2340 activi
951 2280 1013 2341 sive
1040 2278 1181 2341 neutralis
1208 2277 1254 2340 rel
1282 2278 1443 2341 inchoatiri
1470 2298 1521 2342 uer

226 2396 286 2438 non
309 2386 339 2440 et
360 2380 566 2458 frequentatiri
586 2382 773 2459 reperiantur
788 2379 953 2443 ‚declinare
998 2388 1133 2460 tempora
1156 2382 1379 2462 participiorum
1401 2380 1522 2443 nabun·

188 2498 214 2539 ro
228 2488 276 2541 tur
306 2480 342 2542 ab
366 2481 423 2543 boc
453 2482 544 2544 verbo
573 2484 686 2560 passivo
713 2483 789 2553 dno,
823 2483 1015 2561 praeteritum
1044 2491 1161 2561 raptus,
1193 2482 1326 2545 futurum
1353 2482 1521 2562 rapiendus

227 2600 306 2644 nuuc
328 2585 415 2645 etiam
437 2584 495 2645 boo
516 2603 687 2654 monemus,
721 2585 800 2665 qnod
822 2603 857 2645 er
879 2586 965 2646 tertia
987 2586 1197 2663 coniugatione
1209 2580 1224 2669 {l
1239 2592 1377 2665 correpta
1400 2604 1438 2647 eo
1458 2584 1521 2665 plu·

225 2685 294 2746 rimi
314 2688 389 2756 soni,
410 2686 467 2748 hoc
489 2695 535 2750 est
557 2706 592 2749 eo
615 2686 742 2766 plurima
763 2686 862 2755 verba,
887 2688 1001 2764 possint
1021 2686 1165 2748 exbiberi.

311 2787 473 2850 {festinatio
493 2790 583 2850 activa
607 2790 710 2850 tertiae
735 2789 950 2866 coniugationis
971 2790 1144 2868 productae.
1190 2788 1288 2849 nutrio
1307 2786 1434 2850 verbum
1451 2789 1521 2851 ecti-

227 2910 295 2953 mm
323 2890 489 2974 intliJcatiro
516 2892 577 2952 sire
606 2892 823 2970 pronuntiative
850 2890 937 2950 modo
965 2891 1077 2951 dictum
1108 2890 1250 2968 temporis
1271 2888 1439 2967 praesentis
1463 2890 1521 2951 siia

189 3008 214 3049 as
227 2994 364 3055 instantis
386 2995 500 3054 numeri
520 2992 676 3070 singularis
703 2993 814 3070 figurae
836 2995 1017 3072 compositae
1039 3011 1185 3071 personae
1206 2994 1320 3070 primae
1341 2993 1521 3072 coniugatio·

226 3098 272 3157 nis
291 3099 396 3157 tertiae
417 3095 589 3173 productae,
613 3095 692 3175 ‹puotl
714 3093 908 3156 declinabitur
928 3095 979 3155 sic.
1024 3095 1113 3155 morlo
1131 3095 1287 3155 indicativo
1309 3095 1371 3155 sire
1390 3111 1521 3172 pronun·

226 3200 324 3259 tiatira
346 3208 480 3278 tempore
497 3199 646 3277 praesenti
663 3198 723 3257 sire
738 3197 857 3257 instanti
879 3199 996 3258 numeri
1013 3196 1169 3274 singularis
1191 3197 1290 3258 nutrio
1310 3197 1407 3257 nutris
1421 3197 1521 3263 nutrit

226 3303 342 3363 numeri
363 3301 487 3382 pluralis
514 3300 663 3361 nutrimus
686 3299 804 3360 nutritis
826 3301 975 3360 nutriunt:
1009 3298 1113 3360 eodem
1136 3298 1224 3359 morlo
1253 3306 1386 3376 tempore
1407 3306 1521 3376 praete·

226 3404 283 3464 rito
312 3404 413 3482 specie
445 3401 618 3482 imperfecta
650 3403 710 3462 sire
742 3401 840 3462 minus
862 3419 949 3478 qrram
980 3402 1109 3479 perfecta
1134 3401 1178 3463 rel
1207 3399 1371 3461 inchoativa
1406 3402 1521 3463 numeri

188 3504 383 3582 osingutans
406 3504 572 3565 nutriebam
594 3503 746 3565 nutriebas
769 3502 930 3572 nutriebat,
960 3504 1077 3563 numeri
1098 3501 1220 3580 pluralis
1242 3501 1448 3564 nutriebamus
1470 3520 1521 3563 nu·

226 3606 358 3667 triebatis
386 3605 570 3668 nutriebant:
608 3605 711 3667 eodem
742 3605 830 3665 morlo
861 3604 964 3666 eodem
998 3611 1133 3682 tempore
1164 3606 1265 3683 specie
1296 3605 1431 3683 perfecta
1464 3606 1521 3666 sire

227 3706 362 3768 absoluta
383 3709 500 3767 numeri
519 3705 677 3784 singularis
698 3709 788 3767 nutrii
809 3708 928 3767 nutristi
950 3708 1067 3776 nutriit,
1090 3707 1208 3766 numeri
1229 3704 1354 3785 pluralis
1375 3707 1521 3767 nutrimur

227 3809 360 3869 nutristis
378 3810 545 3870 nutrierunt
567 3807 610 3869 vel
632 3810 778 3870 nutriere:
803 3809 905 3869 eodem
928 3809 1018 3870 modo
1041 3808 1144 3869 eodem
1165 3816 1300 3885 tempore
1323 3810 1426 3887 specie
1443 3807 1521 3889 plus·

228 3910 451 3990 quamperfecta
473 3913 533 3972 sire
552 3911 734 3972 recordativa
758 3909 801 3971 rel
825 3919 925 3971 exacta
954 3913 1071 3972 numeri
1095 3908 1252 3988 singularis
1275 3912 1439 3972 nutrieram
1468 3928 1521 3971 nu·

188 4021 214 4062 ³⁵
227 4014 333 4073 trieras
353 4014 507 4082 nutrierat,
530 4014 645 4073 numeri
665 4011 787 4090 pluralis
808 4013 1006 4073 nutrieranms
1024 4013 1194 4074 nutrieratis
1210 4012 1393 4074 nutrierant:
1416 4011 1521 4074 eodem

225 4115 314 4175 nroalo
337 4122 471 4195 tempore
500 4116 600 4175 futuro
629 4115 688 4174 sire
709 4115 883 4193 promissivo
906 4113 995 4175 morlo
1022 4115 1138 4175 numeri
1156 4111 1313 4192 singularis
1340 4115 1473 4175 nutriam
1495 4122 1521 4175 et

226 4215 355 4285 nutribo,
375 4220 489 4278 nutries
512 4225 541 4278 et
561 4215 705 4286 nutribis,
728 4218 837 4277 nutriet
860 4223 889 4276 et
910 4216 1047 4286 nutribit;
1072 4218 1189 4278 numeri
1211 4213 1334 4295 pluralis
1355 4217 1521 4278 nutriemus

227 4325 257 4377 et
276 4317 461 4388 nutribimus,
486 4320 622 4380 nutriatis
645 4327 674 4379 ot
697 4318 854 4388 nutribilis,
877 4321 1011 4381 nutrient
1032 4326 1061 4379 ct
1077 4317 1241 4379 nutribant.
1286 4317 1375 4379 morlo
1394 4317 1521 4397 impera·

225 4420 284 4478 tiro
305 4425 440 4497 tempore
460 4423 608 4501 praesenti
630 4421 689 4481 sire
709 4423 829 4482 instanti
850 4420 887 4481 ad
908 4421 1067 4482 secundam
1087 4429 1116 4481 et
1138 4422 1254 4482 tertiam
1277 4438 1437 4498 personam
1459 4428 1521 4481 tan·

189 4527 289 4581 oron
320 4523 439 4582 numeri
467 4521 623 4601 singularis
653 4525 732 4585 nutri
765 4525 890 4593 nutriat,
928 4524 1044 4583 numeri
1076 4521 1199 4601 pluralis
1229 4525 1341 4584 nutrite
1373 4524 1521 4585 nutriant:

295 4699 330 4750 25
345 4700 443 4765 figurae
459 4699 585 4765 simplicis
603 4704 686 4752 editor
705 4700 907 4752 Vindobonenris
990 4702 1023 4751 32
1044 4702 1118 4751 tunuli
1139 4702 1239 4752 urrtristi
1257 4702 1346 4751 nutriit
1364 4716 1434 4753 nrrm.
1454 4702 1521 4769 plur.

228 4771 352 4890 rrutrirzue
371 4771 487 4819 nutristis
510 4771 647 4835 (urrtriisris
664 4774 692 4837 r)
709 4773 732 4823 n
763 4772 839 4820 annii
858 4771 968 4821 rrrrtriisti
988 4773 1074 4821 nrmiit
1102 4788 1171 4821 ιιιιιιι.
1191 4772 1258 4838 plur.
1286 4773 1424 4823 untriimus
1443 4773 1521 4823 oratri-

228 4843 285 4892 istis
