3346 5506
227 381 284 441 tto
809 376 921 439 ruent

291 496 433 539 ,ιιιιιιι
1311 493 1455 535 ,ιιιιιιΙ

275 510 348 627 plle
367 567 470 645 figura.
515 567 606 644 ligura
629 567 789 644 participiis
811 565 916 626 accidit
942 565 984 624 sic
1006 566 1046 625 nti
1071 571 1100 626 et
1121 565 1226 625 ceteris
1247 506 1380 643 parptibus
1399 568 1505 627 oratio·

223 671 276 737 nis,
297 667 419 747 simplex
442 675 470 729 et
488 668 658 746 composita.
703 667 826 746 simplex
853 668 945 744 ligura
969 668 1188 745 participiorum
1212 674 1256 727 est
1278 668 1410 737 doctusa
1428 686 1505 729 com·

169 805 171 809 ·
223 771 316 850 posita
337 770 429 849 ilgura
453 770 677 847 participiorum
699 776 743 830 cst
765 768 910 831 indoctus.
940 787 1020 829 nunc
1042 770 1201 846 composita
1220 769 1313 846 ligura
1334 769 1443 850 quibus
1462 768 1506 830 vel

223 880 294 952 quot
316 871 410 932 modis
432 872 489 942 ilat,
514 872 544 931 iu
567 873 686 932 nomine
707 873 763 932 iam
786 872 856 932 satis
878 872 1075 932 tractavimus.

184 1003 196 1040 s
308 974 349 1035 lle
372 981 503 1033 accentu.
548 973 585 1033 vle
606 981 729 1034 accentu
754 974 991 1052 participiorum,
1019 975 1061 1033 sio
1081 973 1123 1032 uti
1145 979 1174 1034 et
1196 975 1348 1034 nominum
1372 973 1417 1034 vel
1438 992 1507 1054 pro·

223 1078 383 1145 nominum,
405 1076 434 1135 in
453 1074 625 1136 accentibus
647 1082 838 1154 conpetenter
860 1074 1060 1135 tractabimus.

308 1179 388 1250 Quae
408 1177 559 1256 participia
581 1176 687 1257 quibus
712 1178 872 1256 participiis
894 1185 1044 1256 regantur.
1089 1179 1240 1256 participia
1263 1179 1414 1255 praeteriti
1436 1186 1507 1240 tem·

223 1282 304 1361 poris
325 1288 354 1340 et
373 1279 465 1340 loturi
483 1279 600 1355 generis
618 1278 771 1339 masculini
792 1279 969 1345 nominativo
992 1296 1061 1340 casu
1082 1280 1196 1339 numeri
1210 1279 1396 1356 singulariss
1413 1279 1506 1341 littera

224 1384 433 1450 terminantur,
457 1381 588 1441 seminini
609 1399 627 1440 a
650 1379 744 1442 littera
767 1380 962 1449 deliniuntur,
988 1383 1083 1441 neutri
1106 1400 1134 1441 m
1157 1379 1252 1441 littera
1276 1380 1507 1451 conclusionum

188 1509 211 1549 ιι
224 1491 254 1545 at
275 1501 344 1545 vero
368 1483 519 1562 participia
540 1484 703 1559 praesentis
721 1485 863 1563 temporis
882 1483 1057 1543 nominativo
1075 1482 1144 1543 casir
1170 1485 1283 1543 numeri
1302 1482 1461 1560 singularis
1480 1486 1506 1544 in

224 1605 239 1646 s
258 1585 383 1647 litteram
405 1590 514 1645 exeunt
533 1591 654 1651 tantum,
680 1586 791 1646 scilicet
811 1587 950 1664 tyriooiam
973 1587 1068 1645 omnis
1090 1587 1205 1664 generis
1229 1602 1292 1645 esse
1309 1587 1506 1664 reperiuntur.

225 1707 304 1750 nunc
326 1688 479 1766 participia
502 1688 654 1765 praeteriti
677 1688 817 1766 temporis
838 1689 955 1766 generis
977 1685 1143 1754 masculini,
1172 1705 1248 1765 quae
1270 1686 1398 1749 diximus
1417 1690 1508 1749 nomi·

225 1792 320 1852 nativo
342 1807 411 1850 casu
433 1792 550 1851 numeri
572 1789 728 1866 singularis
751 1808 765 1848 s
787 1787 881 1850 littera
904 1790 1013 1852 scilicet
1032 1789 1199 1858 terminari,
1230 1808 1264 1850 ex
1289 1789 1392 1850 eodem
1417 1792 1507 1851 nomi·

226 1893 322 1953 nativo
344 1910 415 1953 casu
444 1893 559 1953 numeri
581 1891 738 1970 singularis
760 1891 884 1953 eandem
905 1911 920 1951 s
941 1890 1083 1961 litteram,
1113 1908 1200 1968 quam
1233 1891 1342 1952 liabent
1368 1890 1507 1960 ultimam,

187 1995 255 2060 niu
276 2013 327 2056 rus
349 1993 488 2074 syllabam
517 2001 692 2055 convertunt
720 2001 749 2054 et
769 1993 859 2054 luturi
887 1995 1027 2070 temporis
1052 1995 1272 2071 participiorum
1301 1995 1508 2055 nominativum

225 2106 326 2160 casum
348 2098 464 2158 numeri
483 2096 637 2175 singularis
660 2097 779 2174 generis
800 2097 844 2155 sui
866 2095 1033 2164 ostendunt,
1057 2103 1089 2156 ut
1107 2103 1177 2175 pnta
1195 2097 1323 2174 scriptus
1337 2097 1508 2174 scripturus,

226 2218 328 2263 caesus
358 2216 513 2266 caesurus,
543 2199 619 2259 latus
647 2198 775 2267 laturus,
791 2197 953 2271 ¹osculatus
980 2196 1176 2259 osculaturus.
1221 2199 1289 2258 item
1318 2217 1335 2259 e
1363 2199 1509 2257 contrario

225 2302 336 2364 scilicet
363 2301 516 2379 participia
538 2301 628 2361 luturi
651 2302 790 2380 temporis
813 2303 931 2378 generis
952 2300 1122 2370 masculini,
1146 2319 1221 2380 quae
1244 2301 1423 2361 nominativo
1444 2316 1509 2360 casu

226 2404 343 2466 numeri
366 2399 522 2478 singularis
543 2403 574 2461 in
597 2419 649 2462 rus
671 2401 810 2482 syllabam
833 2384 948 2473 exeunt,
971 2404 1094 2464 eandem
1116 2420 1167 2462 rus
1189 2400 1329 2482 syllabam
1353 2405 1382 2463 in
1405 2401 1510 2463 stitte-

189 2525 290 2568 aoram
321 2511 495 2566 convertunt
525 2510 552 2564 et
580 2500 810 2586 particillpiorum
835 2507 985 2583 praeteriti
1011 2506 1153 2584 temporis
1174 2505 1384 2565 nominativum
1412 2521 1511 2564 casvnn

226 2608 341 2669 numeri
364 2604 520 2684 singularis
541 2607 658 2682 generis
672 2608 717 2666 sui
736 2606 904 2675 ostendunt,
926 2614 958 2666 ut
979 2614 1047 2685 puta
1066 2607 1180 2667 risurus
1195 2608 1281 2676 risus,
1305 2608 1512 2667 criminaturus

226 2711 405 2779 criminatus,
430 2709 561 2769 lecturus
582 2708 686 2769 lactus.
731 2710 882 2787 participia
904 2709 1054 2786 praeteriti
1077 2709 1216 2787 temporis
1238 2710 1357 2785 generis
1380 2708 1513 2769 leminlni

227 2831 263 2875 ex
291 2811 468 2871 nominativo
491 2828 558 2871 casn
588 2812 703 2871 numeri
730 2809 886 2889 singularis
908 2830 923 2870 a
946 2809 1088 2879 litteram,
1119 2829 1207 2888 qnam
1235 2809 1344 2871 habent
1370 2809 1512 2879 ultimam,

226 2917 255 2976 in
277 2935 296 2975 n
321 2918 495 2975 convertunt
515 2918 545 2973 et
560 2930 592 2972 ra
614 2912 754 2991 syllabam
774 2913 928 2990 accipiunt,
952 2912 1029 2973 unde
1051 2915 1235 2991 participium
1259 2914 1349 2973 lutnri
1371 2913 1514 2991 temporis

187 3016 343 3096 asgevreris
370 3017 414 3075 sui
444 3013 614 3082 ostendunt,
644 3021 675 3074 nt
699 3022 767 3093 puta
797 3015 881 3074 docta
906 3014 1042 3107 ductura,
1071 3015 1147 3076 elicta
1171 3015 1301 3082 dictura,
1331 3015 1386 3074 lata
1409 3014 1512 3075 latura.

227 3121 295 3178 item
318 3137 333 3178 e
356 3116 504 3177 contrariu
523 3115 633 3176 scilicet
655 3118 806 3194 participia
836 3118 924 3177 lntnri
945 3119 1085 3195 temporis
1112 3119 1227 3194 generis
1249 3117 1381 3176 leminini
1403 3134 1440 3177 ex
1462 3134 1512 3175 no·

227 3221 363 3281 minativo
384 3236 452 3279 casu
476 3219 590 3278 numeri
613 3216 777 3302 sin2gnlaris
796 3237 828 3278 ra
851 3218 999 3297 syllabam,
1023 3236 1110 3296 quarn
1131 3218 1237 3279 liabent
1264 3217 1405 3286 ultimam,
1429 3218 1513 3277 ornit-

227 3331 292 3383 tuot
312 3330 340 3382 et
361 3340 379 3382 u
403 3321 529 3382 litteram
552 3330 721 3401 sequentem
745 3321 772 3379 in
794 3340 810 3381 a
833 3327 1022 3389 convertunt,
1053 3321 1130 3380 unde
1153 3320 1334 3398 participium
1365 3320 1515 3396 praeteriti

227 3425 368 3503 temperis
388 3424 504 3502 genueris
526 3425 571 3484 sui
591 3424 756 3489 ostendunt,
779 3431 811 3482 ut
830 3430 897 3501 puta
918 3423 1063 3484 calcatura
1085 3421 1209 3490 calcata,
1233 3422 1327 3481 risura
1349 3421 1418 3490 risa,
1442 3400 1521 3480 sert?

189 3546 214 3587 ιι
228 3534 314 3607 ptura
337 3529 454 3603 scripta.
500 3527 651 3603 participia
675 3515 823 3603 praeteriti
846 3529 987 3606 temporis
1014 3526 1132 3602 generis
1155 3525 1252 3584 neutri
1279 3542 1314 3582 ex
1338 3524 1516 3583 nominativo

227 3646 296 3689 casu
317 3626 431 3687 numeri
450 3625 607 3702 singularis
625 3644 653 3686 m
676 3626 811 3694 litteram,
834 3645 921 3704 qvianr
945 3627 1054 3688 habent
1076 3624 1216 3694 ultimam,
1241 3628 1269 3685 in
1286 3644 1351 3685 rom
1374 3624 1515 3704 syllabam

227 3734 408 3790 commutant
438 3736 467 3788 et
495 3729 585 3789 luturi
615 3730 755 3806 temporis
787 3731 1008 3808 participiorum
1038 3730 1246 3788 nominativum
1275 3745 1373 3788 casnm
1400 3728 1517 3787 numeri

228 3830 383 3909 singularis
405 3833 521 3908 generis
539 3834 582 3891 sui
604 3831 770 3900 ostendunt,
796 3838 827 3890 nt
843 3838 911 3908 puta
935 3834 1076 3909 scriptum
1096 3832 1284 3907 scripturum,
1308 3847 1425 3890 caesum
1450 3848 1516 3889 cae·

228 3951 339 4001 surum,
362 3931 453 3994 latum
475 3932 613 3994 laturum.
651 3934 720 3993 item
743 3952 759 3992 e
784 3936 931 3993 contrario
954 3932 1065 3993 scilicet
1086 3934 1238 4011 participia
1261 3932 1353 3991 loturi
1374 3931 1517 4009 temporis

190 4036 347 4113 ragenario
367 4037 476 4104 neutri,
506 4053 581 4114 quae
603 4011 792 4095 nominativo.
808 4052 877 4095 casu
904 4037 1018 4095 numeri
1045 4034 1200 4111 singularis
1228 4036 1257 4095 in
1280 4052 1346 4094 rum
1374 4031 1516 4113 syllabam

228 4145 349 4205 exeunt,
378 4138 499 4197 eandem
529 4156 594 4199 rum
616 4136 755 4216 syllabam
784 4139 811 4197 in
836 4155 863 4197 m
885 4137 1011 4197 litteram
1040 4145 1215 4197 convertunt
1240 4145 1269 4196 ct
1293 4136 1516 4215 participiorum

135 4274 139 4283 ·
228 4241 377 4317 praeteriti
398 4241 539 4318 temporis
561 4241 769 4301 nominativum
785 4259 884 4302 casum
908 4240 1022 4300 numeri
1039 4238 1194 4317 singularis
1216 4239 1333 4317 generis
1355 4239 1399 4298 sui
1417 4244 1515 4297 osten·

228 4342 309 4411 dtrivt,
333 4350 365 4403 ut
386 4350 456 4421 puta
477 4344 608 4404 risurum
632 4345 733 4411 risum,
757 4344 977 4403 criminatorum
1002 4343 1196 4407 criminatum,
1221 4340 1348 4401 laturum
1372 4339 1473 4400 latum.

313 4446 486 4517 Quaeritur,
515 4464 570 4523 qua
598 4445 633 4504 ele
663 4462 747 4505 causa
777 4446 938 4504 morituros
959 4451 988 4502 ot
1010 4463 1067 4502 nvvn
1093 4443 1254 4504 secundum
1285 4444 1409 4501 lornranr
1434 4460 1516 4503 snam

188 4555 378 4607 romorturus
401 4547 494 4606 iaciat.
538 4547 593 4608 bac
617 4547 777 4615 derauso,
804 4548 940 4624 quintiani
965 4547 1054 4605 loturi
1078 4547 1219 4624 temporis
1248 4545 1415 4622 participia,
1442 4560 1517 4622 quae

296 4796 313 4845 ll
332 4793 496 4843 tractauimns
515 4792 563 4843 nu
633 4793 666 4845 39
685 4794 819 4854 Quaeritur
839 4822 869 4829 -
890 4793 977 4856 141,ss
997 4792 1071 4842 iaciat
1089 4808 1136 4842 oro.
1154 4793 1179 4842 B
1250 4794 1283 4842 tn
1302 4799 1431 4841 morturus
1449 4807 1464 4841 o
1483 4806 1517 4841 rr:

227 4865 313 4916 codice
332 4865 450 4914 Parisino
469 4862 537 4916 tato
554 4866 708 4915 mortuuslt
