3314 5506
556 361 751 425 le'rlvau
772 362 912 426 llRTlVll
934 362 1101 429 320-334
1428 365 1469 429 99

229 477 394 532 mmmm
1259 482 1418 536 amun

185 553 296 611 numeri
310 550 472 628 singularis
493 553 502 610 i
523 550 617 612 littera
634 559 745 612 tantum
769 554 930 620 terminari,
954 552 1011 613 lvoc
1029 570 1183 613 vnonemus
1203 553 1282 633 quod
1301 552 1469 633 plusquam

184 661 292 731 septem
312 655 389 722 soni,
411 654 467 713 doc
487 662 529 713 est
545 670 633 728 qucum
655 649 765 731 septem
789 656 916 720 nomina,
941 671 1000 713 non
1023 656 1135 733 possint
1158 654 1298 716 cxlviberi.

264 755 308 815 lie
329 771 440 832 genere
461 755 550 815 omni.
595 757 688 814 omnis
710 756 827 831 generis
848 757 981 824 nomina,
1013 775 1089 835 quae
1108 755 1232 817 ablativo
1254 775 1324 818 casu
1352 745 1469 818 numeri

183 855 339 934 siugadaris
360 858 370 917 i
391 857 486 918 littera
507 863 621 917 tantum
641 858 843 925 terminantur,
867 857 940 917 naec
960 865 1057 935 aptota
1081 876 1145 919 esse
1167 861 1359 938 reperiuntur
1381 864 1410 918 et
1431 858 1468 919 ad

183 958 236 1019 hoc
255 956 426 1038 exemplum
459 958 659 1019 declinantur:
692 962 809 1020 numeri
837 958 993 1038 singularis
1023 960 1071 1020 hic
1096 958 1222 1020 ethaeo
1251 966 1280 1022 et
1300 961 1358 1020 hoc
1378 960 1466 1037 lrugi,
1495 983 1507 1020 s

183 1059 267 1122 huius
291 1069 322 1121 et
344 1060 431 1122 huius
451 1069 481 1121 et
502 1059 589 1121 huius
612 1060 698 1138 lrugi,
721 1061 789 1122 huic
807 1068 837 1122 et
856 1061 924 1121 huic
946 1068 976 1121 et
992 1060 1062 1121 huic
1083 1062 1170 1139 frugi,
1193 1062 1273 1123 hunc
1294 1069 1324 1122 et
1344 1061 1420 1123 hanc
1441 1071 1471 1122 et
1563 1136 1568 1145 .

184 1161 236 1222 hoc
256 1163 354 1239 frugi,
377 1181 395 1222 o
417 1170 447 1222 et
468 1181 486 1220 o
506 1169 569 1222 eto
591 1163 683 1241 frugi,
711 1162 748 1222 alt
770 1163 828 1224 hoc
850 1171 880 1224 et
901 1162 937 1223 ab
961 1163 1016 1223 hac
1037 1170 1066 1223 et
1086 1163 1124 1222 ab
1145 1163 1203 1224 hoc
1224 1164 1316 1242 lrugi;
1351 1163 1468 1223 numeri

185 1261 305 1342 pluralis
326 1263 358 1325 hi
380 1272 409 1325 et
429 1264 484 1325 hae
506 1274 535 1325 et
556 1262 629 1325 haec
647 1264 741 1341 frugi,
776 1264 883 1341 horum
905 1264 1057 1325 ethaeum
1080 1263 1109 1325 et
1133 1264 1239 1325 horum
1262 1264 1349 1344 frugi,
1372 1264 1419 1325 his
1441 1273 1471 1325 et

185 1363 225 1426 lais
246 1373 278 1426 et
300 1364 346 1426 hia
368 1364 531 1444 longinus
552 1365 654 1426 ethas
676 1365 796 1427 ethaec
818 1367 905 1445 lrngi,
928 1386 945 1426 o
968 1374 1036 1428 eto
1059 1375 1126 1427 eto
1148 1366 1234 1446 frugi,
1256 1366 1292 1427 ah
1314 1366 1360 1427 his
1382 1375 1412 1428 et
1433 1365 1470 1427 ab

186 1466 227 1527 his
251 1474 281 1528 et
302 1466 340 1528 ab
362 1467 408 1528 his
426 1464 431 1551 1
452 1468 538 1546 frugi.
582 1469 625 1528 sic
651 1468 758 1528 etalia
792 1470 910 1548 generis
939 1469 1035 1529 omnis
1066 1469 1200 1537 nomina,
1236 1486 1311 1548 quae
1344 1467 1510 1530 ablativone

185 1586 252 1630 casu
280 1570 412 1630 numeri·
428 1552 584 1645 singularis
606 1570 616 1628 i
638 1567 733 1630 littera
753 1578 866 1631 tantum
894 1571 1105 1638 terminantur,
1134 1570 1171 1630 ad
1200 1569 1366 1649 exemplum
1393 1571 1471 1648 frugi

184 1668 377 1732 declinantur.
409 1688 488 1731 nunc
511 1689 545 1731 ex
564 1670 620 1731 hac
642 1671 823 1752 formaque
845 1672 971 1732 diximus
993 1674 1110 1751 generis
1132 1674 1228 1733 omnis
1251 1673 1369 1732 nomina
1391 1670 1472 1732 abla·
1494 1751 1497 1759 Ι

184 1773 238 1832 tivo
260 1790 334 1833 casu
355 1773 472 1833 numeri
493 1771 648 1850 singularis
670 1774 679 1832 i
702 1773 796 1834 littera
820 1780 932 1834 tantum
954 1776 1117 1844 terminari,
1138 1774 1195 1834 hoc
1218 1791 1373 1835 monemus
1392 1773 1471 1853 qnod

184 1874 246 1952 plus
267 1893 357 1954 quam
377 1876 508 1954 quinque
529 1876 609 1946 soni,
639 1875 696 1935 hoc
717 1884 762 1936 cst
784 1893 871 1955 quam
893 1877 1023 1955 quinque
1044 1878 1179 1944 nomina,
1205 1894 1265 1936 non
1287 1877 1401 1955 possint
1422 1895 1472 1936 ex·

184 1975 286 2038 hiberi.
1486 1998 1509 2038 u

265 2078 309 2139 De
333 2077 458 2139 ablativo
484 2096 554 2139 casu
579 2080 693 2140 numeri
721 2078 891 2156 singularis,
920 2080 972 2159 qui
993 2081 1002 2141 i
1024 2078 1117 2140 littera
1149 2087 1260 2140 tantum
1287 2079 1471 2146 terminatur,

184 2187 324 2260 quantum
346 2181 422 2240 ratio
444 2179 594 2260 poscebat,
616 2182 813 2242 tractavimus.
829 2177 842 2264 ΙΙ

266 2282 308 2343 lie
332 2301 360 2342 o.
405 2281 541 2345 olittera
563 2281 705 2343 ablativus
727 2299 812 2343 casus
839 2284 956 2342 numeri
980 2281 1138 2362 singularis
1166 2283 1339 2343 terminatus
1363 2298 1471 2360 genera
1503 2311 1506 2317 ·

184 2383 253 2446 haec
279 2390 421 2464 quattuor
452 2386 584 2444 continet
617 2364 745 2453 tantum',
779 2383 973 2446 masculinum
994 2357 1190 2446 ¹femininum·
1219 2392 1356 2446 neutrum
1391 2401 1470 2444 com·

183 2504 279 2548 nune.
316 2549 325 2559 ,
1483 2505 1509 2547 ao

264 2589 308 2650 ne
329 2606 440 2667 genere
460 2587 630 2649 masculino.
675 2588 830 2669 masculini
848 2590 966 2665 generis
988 2589 1121 2657 nomina,
1154 2606 1229 2667 quac
1250 2586 1376 2648 ablativo
1400 2605 1470 2647 casu

184 2692 297 2752 numeri
319 2688 476 2768 singularis
496 2710 513 2749 o
536 2690 630 2751 littera
652 2672 862 2759 terminantur,
886 2690 959 2751 haec
981 2693 1160 2751 nominativo
1184 2708 1252 2751 casu
1276 2690 1392 2751 nvrmeri
1411 2691 1469 2750 sin-

183 2791 289 2869 mdaris
317 2810 424 2852 novem
453 2792 498 2853 his
526 2791 628 2853 formis
656 2792 836 2853 deliniuntur
864 2800 993 2862 tantum,
1024 2810 1057 2854 er
1080 2794 1122 2851 vir
1144 2811 1179 2851 us
1200 2811 1253 2853 aus
1276 2809 1328 2853 eus
1348 2793 1395 2851 ius
1417 2809 1471 2850 ons

183 2911 233 2955 oua
256 2912 346 2975 quus.

263 2996 306 3057 lie
329 3014 372 3057 er.
415 3014 619 3076 quaecumque
643 2998 761 3057 nomina
789 2998 907 3074 generis
930 2972 1083 3057 masculini
1106 2995 1231 3056 ablativo
1253 3013 1324 3056 casu
1353 2995 1470 3055 numeri
1483 3015 1508 3055 os

183 3096 337 3177 singularis
365 3117 383 3157 o
412 3096 506 3158 littera
532 3099 728 3159 terminantur
755 3106 785 3159 et
812 3084 989 3160 nominative
1018 3116 1087 3159 casu
1115 3099 1231 3158 nvrmeri
1256 3096 1411 3175 singularis
1438 3114 1470 3156 er

183 3196 281 3261 litteris
302 3199 493 3268 definiuntur,
518 3207 640 3278 utputa
663 3200 700 3260 ab
723 3202 781 3261 hoc
803 3217 875 3278 apro
898 3199 945 3260 uie
967 3218 1048 3277 aper,
1069 3201 1142 3260 haec
1165 3199 1201 3260 ad
1224 3199 1281 3258 huc
1301 3195 1469 3275 exemplum

184 3300 381 3370 declinantur:
412 3302 527 3362 numeri
548 3301 703 3379 singularis
721 3302 768 3363 hic
791 3320 862 3380 aper
885 3302 971 3362 lintius
994 3305 1056 3380 apri
1078 3301 1147 3362 huic
1169 3319 1241 3380 apro
1263 3301 1343 3379 hunc
1365 3317 1469 3378 aprum

184 3421 292 3484 caper
326 3403 365 3464 ab
385 3403 442 3483 hoc
462 3421 552 3482 apro,
585 3406 701 3464 numeri
725 3404 845 3482 pluralis
877 3403 906 3463 lvi
928 3405 991 3482 apri
1024 3404 1130 3463 hovum
1152 3419 1292 3479 aprorum
1324 3400 1370 3460 his
1391 3402 1475 3478 apris

184 3503 230 3567 los
252 3523 346 3585 apros
368 3524 385 3564 o
408 3507 472 3584 apri
493 3505 531 3565 ab
555 3505 600 3564 uis
619 3507 708 3583 apris.
738 3506 779 3566 sic
804 3514 833 3566 et
853 3505 909 3566 alia
930 3506 1048 3583 generis
1070 3503 1222 3566 masculini
1242 3505 1370 3571 nomina,
1392 3520 1508 3581 quaeso

183 3607 303 3671 ablativo
333 3625 403 3668 casu
430 3609 546 3667 numeri
573 3606 729 3685 singularis
757 3628 774 3667 o
800 3606 895 3669 littera
925 3607 1120 3668 terminantur
1148 3613 1177 3666 et
1200 3606 1377 3666 nominativo
1400 3622 1469 3665 casu

181 3711 294 3772 numeri
318 3707 476 3788 singularis
492 3727 525 3769 cr
539 3707 643 3770 litteris
665 3709 853 3777 deliniuntur,
878 3709 914 3769 ad
931 3707 1097 3787 exemplum
1117 3709 1181 3787 apri
1198 3726 1252 3787 per
1266 3723 1370 3768 onmes
1385 3722 1470 3768 casus

180 3811 376 3873 declinantur.
407 3827 477 3872 sane
499 3812 529 3870 in
552 3810 607 3871 hac
627 3828 717 3889 supra
737 3812 846 3891 scripta
865 3812 968 3881 lorma,
990 3829 1047 3890 qua
1067 3810 1194 3871 diximus
1215 3810 1333 3886 generis
1354 3826 1469 3870 mascu-

178 3908 227 3975 lini
249 3913 371 3974 nomina
393 3911 517 3973 ablativo
539 3931 609 3973 casu
637 3914 753 3973 numeri
774 3911 931 3991 singularis
951 3932 969 3972 o
991 3910 1088 3974 littera
1109 3913 1265 3974 terminavi
1286 3919 1315 3973 et
1334 3912 1468 3971 nomina·

178 4016 236 4074 tiro
258 4032 331 4077 casu
356 4016 472 4075 numeri
500 4014 656 4094 singularis
679 4033 712 4074 er
734 4012 841 4075 litteris
863 4014 991 4085 definiri,
1025 4013 1083 4074 hoc
1104 4033 1271 4081 monemus,
1304 4014 1381 4094 qnod
1412 4014 1508 4073 sintos

179 4114 276 4194 aliqua
302 4117 439 4185 nomina,
472 4133 548 4193 quae
574 4116 722 4177 interdum
747 4125 871 4195 propter
899 4124 994 4178 metra
1022 4116 1066 4176 vel
1089 4125 1252 4178 structuras
1280 4135 1314 4177 ex
1342 4112 1468 4176 ablativo

181 4235 250 4279 casu
271 4220 392 4280 numeri
413 4217 569 4296 singularis
597 4237 615 4276 o
638 4216 770 4278 ultimum
800 4224 829 4278 et
851 4219 879 4277 iu
903 4237 952 4278 ivm
980 4217 1091 4278 litteras
1113 4223 1298 4286 convertant,
1328 4226 1359 4276 ut
1380 4234 1469 4293 gene·

183 4320 269 4380 tivum
288 4337 390 4380 casnm
412 4321 528 4380 numeri
551 4319 672 4397 pluralis
695 4320 835 4387 elliciaut,
866 4325 987 4399 utputa
1010 4318 1046 4380 ab
1070 4321 1126 4379 hoc
1148 4319 1241 4379 liliero
1267 4319 1373 4379 horum
1396 4318 1469 4378 libe·

188 4436 257 4480 rum.
301 4421 354 4482 sed
382 4421 456 4483 hacc
483 4440 557 4501 quac
584 4425 644 4482 sint
669 4424 787 4483 nomina
817 4431 846 4482 et
873 4439 928 4499 qua
953 4421 989 4482 de
1010 4439 1096 4482 causa
1122 4440 1156 4480 ex
1183 4440 1270 4500 supra
1294 4420 1372 4480 dicto
1398 4438 1468 4480 casu

191 4520 328 4583 nuruum
352 4532 474 4602 propter
501 4532 592 4584 namra
623 4524 668 4584 ivel
692 4532 854 4585 structurus
876 4542 893 4580 o
916 4523 1049 4584 ultimum
1076 4531 1105 4583 ct
1128 4525 1158 4582 iu
1182 4541 1229 4584 nm
1261 4523 1371 4583 litteras
1398 4539 1508 4581 con-u

257 4767 344 4835 lplus
360 4785 436 4834 quam
452 4778 549 4836 septem
568 4773 622 4820 soni
640 4786 689 4821 nou
711 4771 734 4821 B
753 4772 900 4837 plusquam
921 4777 1019 4838 septem
1039 4771 1141 4820 nomina
1157 4785 1205 4819 uon
1224 4770 1245 4820 R
1318 4767 1346 4817 ll
1373 4776 1467 4818 tuntum

207 4837 278 4901 vuli,
294 4841 355 4889 ualli.
373 4840 400 4889 B
468 4843 501 4890 Ἠ
526 4856 574 4891 uns
593 4856 640 4904 qus
659 4842 683 4890 B
701 4843 749 4889 bras
767 4843 856 4906 ‹111in
926 4842 958 4892 37
981 4851 1128 4891 convertunt
1144 4858 1159 4888 u
1175 4839 1366 4889 evanuertuutll

1222 4925 1267 4987 7*
