3314 5506
649 335 854 439 cornuum
877 376 889 437 1
915 376 1027 436 ιιι-ιι
1463 375 1484 436 o

260 522 268 536 .
283 494 387 535 rur-u
405 492 427 534 r.
1308 494 1396 535 ‚rora
1410 491 1433 535 ι.

200 585 231 627 ex
245 507 368 644 p<pinibus
392 585 450 628 noa
477 565 587 646 syllaba
616 562 729 626 sublata
757 566 789 625 ot
815 566 975 633 vocativus,
1001 567 1028 624 si
1057 567 1114 626 siut
1144 567 1261 626 uomioa
1288 506 1422 645 dromo,
1453 573 1485 626 ut

197 669 372 737 olerenti;
393 670 438 729 sio
461 667 649 747 appellativa,
673 669 858 728 novissimam
882 685 915 728 us
937 669 966 727 iu
988 688 1004 728 e
1026 676 1191 746 correptam
1214 667 1370 728 mutabunt
1388 669 1416 726 iu
1435 687 1484 727 vo·

196 773 296 840 cadro,
319 789 340 830 o
361 773 490 849 egregie.
531 772 629 831 omnia
652 777 750 830 tarum
772 770 889 831 uomina
909 789 939 836 m
958 772 1113 831 terminata
1136 771 1283 833 secundae
1304 780 1372 831 suut
1391 769 1483 832 decli·

195 874 337 935 uadosis:
357 891 425 934 nam
449 875 458 934 i
480 872 591 933 iaciunt
612 873 754 950 genetivo,
777 879 900 950 excepto
922 891 1049 951 nequam
1072 880 1253 950 nronoptoto.
1274 867 1286 950 l

277 975 302 1036 N
331 976 427 1036 littera
460 977 616 1036 terminata
649 975 767 1035 nomina
801 976 904 1035 tertiae
934 983 1002 1035 sunt
1032 974 1249 1035 declinationis:
1283 993 1351 1036 narn
1384 977 1483 1036 omnia
1509 999 1522 1037 s

193 1081 328 1156 genetivo
362 1078 407 1137 nis
438 1077 560 1138 luriunt.
602 1077 704 1138 Latina
727 1077 844 1155 quidem
873 1077 992 1154 generis
1019 1075 1172 1137 masculini
1205 1084 1234 1136 et
1256 1076 1389 1138 feminini
1416 1095 1482 1138 rara

193 1179 356 1247 babeotur;
379 1178 438 1238 dno
458 1177 571 1258 iigollra
591 1178 732 1258 simplici,
756 1179 805 1239 bic
822 1181 887 1240 rien
910 1179 999 1239 buius
1014 1179 1113 1246 rionis,
1135 1178 1183 1238 bic
1203 1177 1261 1239 lien
1281 1179 1369 1240 buius
1384 1179 1482 1247 lienis:

193 1283 356 1359 composita
378 1283 496 1358 generis
517 1283 613 1342 omnis
635 1280 681 1342 bie
703 1289 732 1341 et
755 1279 880 1341 baec-et
900 1280 958 1340 boc
980 1280 1088 1341 tibicen
1111 1283 1251 1343 cornicen
1270 1280 1393 1350 iidicen,
1416 1280 1482 1341 tibi·

193 1385 264 1443 cin‘s
283 1384 446 1443 corniciois
464 1381 603 1451 fidicinis
624 1385 755 1462 quamvis
777 1382 933 1444 Terentius
952 1384 1099 1445 fidicinam
1121 1391 1150 1444 et
1172 1382 1320 1443 tibicinam
1341 1385 1481 1461 posuerit.

193 1487 289 1546 nevrtri
311 1487 431 1562 generis
451 1483 542 1544 multa
566 1487 756 1563 reperiuntur
778 1504 814 1545 en
835 1487 864 1545 in
887 1485 1065 1544 nominativo
1086 1493 1232 1563 correpta,
1260 1487 1289 1545 iu
1311 1486 1444 1563 genetivo
1466 1505 1521 1546 e-ro

192 1586 249 1648 ini
273 1594 395 1653 mutata,
416 1595 448 1646 ut.
464 1586 522 1648 boo
540 1584 636 1664 pollen
657 1585 784 1666 pollinis,
806 1605 924 1649 carmen
944 1589 1090 1654 carminis,
1115 1586 1212 1648 lumen
1233 1584 1360 1655 luminis,
1381 1586 1482 1664 gluten

192 1689 325 1767 glutinis,
355 1691 467 1749 crimen
489 1689 634 1759 criminis,
664 1688 753 1748 limcu
779 1688 895 1750 liminis.
939 1689 991 1750 scd
1018 1691 1165 1768 quoniam·
1186 1688 1275 1750 multa
1298 1691 1410 1752 Graeca
1438 1688 1483 1750 vel

192 1791 318 1852 barbara
348 1792 467 1851 nomina
496 1793 688 1870 reperiuntur
719 1793 837 1868 generis
865 1791 1018 1852 masculini
1044 1791 1088 1852 vel
1119 1791 1248 1851 seminini
1279 1798 1358 1866 tuam
1381 1790 1481 1851 Latina

192 1896 321 1973 exceptis
340 1912 432 1972 supra
453 1893 556 1973 positis
584 1900 613 1954 et
634 1911 695 1953 uno
716 1892 809 1953 altero
828 1895 966 1972 proprio,
996 1894 1044 1954 bic
1068 1895 1170 1954 ldmou
1192 1892 1336 1961 ldmonis,
1365 1899 1431 1953 oet
1453 1895 1481 1952 iu

192 1997 372 2056 nominativo
394 2002 424 2055 et
445 1997 474 2055 in
494 1997 629 2073 genetivo
654 2004 799 2073 correpta,
823 1995 877 2057 alia
896 2013 955 2056 non
973 1995 1180 2075 inveniuntur),
1203 1994 1419 2055 observandum
1438 2002 1483 2055 est
1497 2013 1520 2054 u

192 2107 222 2158 nt
243 2107 316 2158 tuuc
342 2097 542 2177 producamus
563 2096 680 2166 Latino,
706 2099 731 2157 si
753 2098 830 2175 apud
854 2096 919 2157 illos
941 2098 1162 2177 producuntur,
1192 2103 1225 2157 ut
1242 2097 1333 2157 Sinon
1356 2096 1482 2165 Sinonis,

192 2199 324 2260 Rubicon
341 2198 512 2268 liubicoois,
536 2206 605 2271 tuuc
620 2199 823 2277 corripiamus,
845 2200 870 2260 si
885 2201 961 2279 apud
984 2198 1051 2259 illos
1065 2199 1275 2277 corripiuntur,
1298 2206 1331 2258 ut
1345 2198 1482 2259 Memnon

191 2301 372 2369 llemnonis,
401 2301 449 2361 bic
469 2308 499 2361 et
527 2300 600 2361 haec
621 2301 719 2361 Sason
742 2301 881 2370 Saxonis,
912 2301 959 2363 bic
980 2302 1073 2362 Titan·
1089 2303 1165 2370 Pan,
1186 2302 1298 2362 Titanis
1325 2300 1414 2360 Panis
1438 2298 1483 2361 vel

192 2403 309 2464 Titanos
329 2403 438 2471 Panos,
460 2411 490 2464 ut
513 2401 657 2479 Vergilius
678 2387 815 2464 ³Panos
837 2403 880 2464 de
902 2422 1005 2466 more
1025 2404 1179 2483 Lycaei’
1202 2405 1266 2463 sine
1288 2402 1412 2464 alicuius
1431 2401 1482 2463 de·

191 2504 357 2565 clinationis
377 2505 508 2565 ratione:
537 2503 615 2564 nulla
641 2507 720 2565 enim
740 2505 895 2566 declinatio
924 2507 1058 2584 genetivo
1082 2524 1137 2566 uos
1157 2504 1266 2585 syllaba
1297 2505 1481 2566 terminatur.
1495 2525 1521 2565 ao

191 2607 335 2685 excipitur
356 2624 449 2667 uuum
471 2608 508 2667 tis
530 2606 640 2666 tacteus
662 2609 806 2683 genetiuo,
830 2608 967 2668 Laocoon
990 2608 1177 2668 Laocoontis.
1212 2608 1310 2685 posuit
1328 2607 1483 2669 Lucretius

191 2707 244 2769 boc
264 2726 403 2786 sanguen
425 2726 502 2768 uovo
524 2727 616 2777 more,
641 2711 764 2770 comsit
784 2710 963 2788 bicsangnis
985 2709 1071 2771 buius
1087 2711 1247 2788 sauguinis,
1270 2720 1372 2770 contra
1393 2711 1482 2769 ratio·

191 2828 253 2870 uem
275 2813 345 2888 guis
364 2812 605 2878 terminatorum,
636 2829 710 2890 qnae
732 2814 898 2888 genetivum
924 2812 1049 2873 similem
1072 2813 1249 2873 nominativo
1279 2813 1403 2881 iaciunt,
1434 2811 1482 2871 bic

189 2915 291 2989 anguis
314 2914 441 2991 pinguis,
463 2912 551 2973 buius
572 2914 677 2992 unguis
698 2915 823 2991 pinguis.

270 3015 296 3075 0
319 3014 417 3075 littera
440 3032 513 3093 pura
541 3018 697 3076 terminata
725 3019 843 3077 uomina
865 3019 1001 3093 genetivo
1021 3036 1040 3077 o
1059 3017 1225 3096 producant
1243 3034 1366 3078 necesse
1385 3024 1430 3076 est
1451 3023 1519 3076 eta

191 3120 290 3178 tertiae
313 3117 373 3177 siut
395 3115 611 3180 declinationis:
644 3136 713 3178 nam
735 3118 760 3179 is
786 3121 944 3179 terminant
967 3122 1152 3198 genetivum,
1182 3118 1228 3181 leo
1256 3119 1366 3186 leonis,
1389 3118 1482 3179 Pollio

190 3219 336 3279 Pollionis.
383 3219 527 3296 excipitur
549 3238 657 3287 nuum,
681 3221 758 3299 quod
782 3223 811 3281 iu
831 3223 965 3299 genetivo
986 3241 1004 3281 o
1027 3225 1055 3282 in
1076 3242 1093 3284 e
1114 3230 1282 3299 correptam
1302 3228 1411 3291 mutat,
1434 3221 1482 3281 bic

188 3322 258 3381 tinio
287 3320 380 3380 huius
401 3321 535 3389 Anienis,
561 3340 667 3382 nomeu
697 3322 836 3383 llumiuis.
881 3342 948 3383 cum
976 3323 1072 3403 aliqua
1100 3342 1169 3385 vero
1198 3326 1371 3384 consonanti
1395 3342 1481 3403 prae·

189 3423 282 3500 posita
303 3429 334 3482 et
352 3423 553 3501 corripiuntur
577 3431 607 3485 et
627 3424 846 3502 producuntur,
868 3427 993 3504 ideoque
1014 3443 1069 3503 per
1090 3424 1220 3503 singulas
1241 3424 1353 3486 litteras
1375 3425 1481 3487 docea-

188 3541 249 3585 mus
271 3527 390 3584 iunctas
410 3545 428 3584 o
448 3523 570 3586 litterae.
615 3525 653 3586 bo
674 3529 829 3592 terminata
850 3529 1055 3607 producuntur
1077 3530 1106 3587 iu
1129 3529 1273 3605 genetivo,
1299 3527 1372 3588 Libo
1392 3527 1480 3588 Libo·
1494 3538 1519 3579 tt

187 3628 243 3696 nis,
274 3625 374 3686 Carbo
392 3625 550 3697 Carbonis,
576 3628 676 3689 Narbo
698 3628 854 3690 Narbouis.
899 3630 956 3693 boc
982 3637 1081 3691 tamm
1107 3632 1184 3691 scire
1211 3629 1369 3698 debemus,
1401 3630 1481 3710 quod

187 3731 280 3790 omnis
305 3730 503 3790 nominativus
525 3750 542 3788 o
567 3729 664 3792 littera
694 3733 868 3792 terminatos
898 3734 959 3794 sive
988 3752 1061 3812 pura
1087 3734 1149 3794 sive
1176 3731 1270 3814 aliqua
1300 3743 1481 3794 consonante

186 3849 295 3910 praepo
308 3830 373 3913 §sita
395 3838 425 3892 et
455 3833 553 3893 iuncta
575 3834 751 3912 corripitur,
780 3838 910 3913 exceptis
932 3837 1068 3907 Graecis,
1098 3855 1175 3915 quae
1196 3835 1419 3915 producuntur,
1450 3843 1482 3896 ut

186 3933 254 3994 bido
277 3932 395 4001 Manto,
418 3934 542 4011 ideoque
566 3936 767 3997 indifferenter
789 3936 1097 4016 declinanturgbatina
1122 3939 1251 4009 ratione,
1282 3937 1369 3999 buius
1390 3937 1481 3998 Didus

185 4034 308 4105 tantus,
333 4042 366 4095 ot
388 4034 532 4113 Vergilius
1493 4050 1518 4090 aa

387 4136 572 4199 fatidicae
594 4140 737 4201 blaotus
761 4148 794 4202 et
811 4140 932 4202 Tusci.

183 4257 215 4299 co
240 4238 354 4318 syllaba
375 4241 400 4298 si
430 4241 547 4300 inuenta
575 4241 698 4310 luerint,
729 4242 946 4321 producentur:
976 4243 1102 4304 barbara
1126 4244 1237 4313 audivi,
1268 4244 1335 4304 Sico
1355 4244 1479 4314 Sironis,

249 4443 282 4495 10
297 4457 329 4494 en
347 4442 479 4494 Sacerdm
498 4459 512 4493 n
530 4443 556 4493 B
625 4445 654 4496 ll
674 4445 772 4512 pollen]
790 4446 918 4498 Priscian.
934 4464 962 4511 p.
982 4448 1034 4500 708
1110 4449 1143 4498 14
1161 4448 1203 4498 bic
1221 4450 1308 4499 idmon
1327 4449 1437 4498 idmouis
1455 4451 1481 4501 B

180 4512 219 4563 bic
239 4514 343 4563 idemon
364 4513 444 4564 buius
461 4514 585 4563 idemouia
603 4532 621 4578 p
638 4515 680 4565 hic
698 4516 807 4581 Ligvnon
827 4518 959 4583 bigmoois
977 4533 994 4576 ς
1081 4518 1113 4568 ld
1136 4520 1158 4567 si
1176 4529 1238 4584 aput
1256 4519 1314 4568 illos
1333 4518 1480 4584 producitur

180 4584 235 4632 idos
252 4584 405 4648 producitur
416 4583 443 4633 B
457 4597 465 4633 ε
481 4585 654 4647 producuntur
672 4585 858 4638 Lindemauuus
913 4589 945 4639 tu
964 4588 1050 4638 Sason
1065 4590 1175 4639 Saxonis
1191 4605 1227 4652 μς
1246 4603 1323 4638 aaron
1340 4591 1441 4639 saronis
1455 4590 1481 4640 B

266 4654 298 4705 111
318 4651 464 4719 Vergilius]
487 4654 551 4704 Aea.
572 4654 696 4706 11111344
782 4657 813 4707 ‘tt
835 4674 912 4707 rivium
931 4661 965 4708 tis
985 4675 1055 4710 corr.
1079 4660 1206 4724 excipitur
1220 4673 1298 4708 nuum
1317 4659 1349 4707 tis
1369 4659 1394 4709 B

178 4722 324 4790 Lucretius]
344 4726 353 4774 l
370 4724 436 4775 837.
455 4722 508 4774 860
593 4725 626 4776 27
650 4742 664 4774 e
683 4738 823 4792 correptam
842 4729 955 4791 defendit
971 4730 1156 4780 fleckeireuius
1182 4730 1213 4778 de
1227 4730 1322 4792 fragor.
1339 4736 1389 4779 vet.
1407 4737 1476 4792 poet.

180 4794 240 4844 tae.
259 4795 329 4855 apud
346 4795 455 4844 Gelliam
471 4791 559 4855 (ctos.
577 4810 601 4842 a.
624 4794 701 4858 let)
712 4793 749 4858 'p.
769 4798 802 4849 33
898 4797 932 4848 34
953 4800 1112 4850 declinantur
1128 4802 1322 4862 aspersorium
1340 4806 1379 4849 eat
1395 4801 1421 4849 iu
1437 4798 1478 4849 B:

177 4861 350 4913 iudidereoter
367 4863 532 4912 declinantur
549 4873 573 4912 et
591 4865 685 4915 Graece
703 4879 728 4914 et
748 4868 833 4918 Latium
851 4867 981 4920 Sacerdos
1050 4869 1084 4920 35
1103 4867 1245 4934 Vergilius]
1264 4869 1330 4919 Aen.
1351 4867 1374 4918 x
1394 4868 1443 4919 11111
