3314 5506
492 396 699 460 EXPLANAT.
723 395 761 457 ΙΝ
784 394 962 458 DONATVM
986 392 1055 456 llll.
1079 390 1091 455 l
1377 398 1439 462 515

1225 513 1247 555 p.
1262 502 1349 543 bid-28
1363 501 1387 544 L.

161 588 331 659 ›raesemis
362 604 428 647 curn
458 586 576 646 nomina
604 585 664 644 sint
684 590 812 653 tantum,
842 591 875 643 nt
896 600 998 644 amens
1020 580 1157 650 demens;
1180 590 1210 642 et
1232 580 1441 644 discernuntur

161 709 168 750 ι
191 689 371 768 participiis,
393 685 472 767 quod
494 687 733 766 ronparatlonem
756 683 881 755 babent,
910 686 977 762 quia
1005 685 1175 762 conparatio
1197 685 1359 763 participiis
1381 701 1441 744 non

161 790 270 852 recidit
314 798 382 850 suut
409 788 552 870 quaedam
579 788 732 866 participia
765 786 867 849 eadem
895 794 924 846 et
953 787 958 868 Ι
989 787 1123 854 nomina,
1153 794 1185 845 ut
1212 794 1258 846 est
1284 802 1385 847 amans
1412 792 1443 846 ct

161 889 294 970 diligens,
335 892 391 952 ista
413 909 472 953 non
494 889 590 951 solum
612 890 822 968 conparatione
844 887 1069 957 discernuntur,
1091 887 1143 947 sed
1167 888 1254 947 etiam
1271 906 1349 947 casu.
1373 904 1442 947 nam

161 995 178 1055 ri
199 994 396 1054 accusativum
418 993 465 1053 bis
484 993 616 1053 innxeiis
631 1007 745 1060 casam,
768 990 922 1071 participia
938 998 1039 1058 erunt;
1062 991 1087 1049 si
1109 991 1290 1068 genetivum,
1314 991 1469 1050 nominas

161 1093 278 1176 quando
300 1094 373 1155 dicis
394 1111 495 1155 amans
518 1091 615 1162 illum,
644 1093 831 1172 participium
854 1100 913 1160 est,
936 1091 1013 1151 sicut
1034 1088 1135 1168 legens
1156 1089 1254 1158 illum;
1288 1093 1314 1150 si
1336 1090 1445 1152 dixeris

161 1213 259 1257 rmans
281 1194 368 1266 illius,
399 1213 506 1257 nomen
530 1202 589 1265 est,
612 1196 688 1254 sicut
709 1212 817 1274 parens
839 1192 924 1253 illius.
953 1194 1025 1252 item
1047 1211 1156 1254 nomen
1178 1202 1236 1263 est,
1260 1193 1338 1272 quud
1360 1212 1445 1272 prae·

161 1299 245 1360 terito
267 1298 422 1377 participio
444 1296 540 1358 simile
562 1297 615 1364 sit,
639 1303 671 1356 ut
693 1305 737 1356 est
759 1314 862 1375 passus
877 1296 954 1354 visus
977 1293 1101 1355 dilectus
1123 1294 1228 1355 cultus.
1256 1313 1331 1375 quae
1353 1297 1378 1354 si
1400 1312 1446 1355 se·

161 1399 272 1460 candae
293 1406 362 1459 sunt
382 1398 603 1468 declinationis,
627 1399 779 1478 partieipia
801 1404 884 1464 suut,
908 1395 995 1456 buius
1016 1397 1096 1475 passi
1116 1398 1171 1458 risi
1193 1394 1291 1457 dilecti
1312 1395 1399 1465 culti;
1422 1397 1448 1455 si

161 1509 295 1581 quartae,
326 1502 445 1561 nomina
480 1509 581 1570 erunt,
613 1500 701 1561 huius
733 1517 836 1578 passus
875 1497 961 1558 buius
994 1498 1071 1559 visus
1109 1498 1197 1559 huius
1232 1495 1328 1558 cultus
1361 1496 1448 1558 huius
1461 1513 1486 1553 ro

161 1601 292 1664 dilectus.
336 1600 413 1663 aliud
442 1603 522 1662 enim
549 1610 594 1663 est
622 1618 687 1662 csse
716 1618 825 1661 nomen
852 1606 967 1660 tantum
994 1599 1090 1661 simile
1116 1600 1278 1680 participii,
1301 1597 1380 1660 aliud
1403 1608 1447 1660 est

161 1705 236 1766 idern
265 1712 297 1765 et
324 1721 431 1765 nomen
460 1722 524 1764 esse
553 1712 582 1765 et
608 1703 805 1782 participium.
850 1700 968 1780 <mando
998 1719 1107 1762 nomen
1136 1710 1181 1762 est
1206 1709 1320 1762 tantum
1352 1699 1449 1762 simile

161 1807 324 1887 participii,
346 1805 454 1866 sufficit
475 1804 529 1866 tibi
549 1803 612 1866 sola
634 1805 805 1884 conparatio
820 1802 856 1864 ad
872 1802 1094 1872 discretionem
1117 1803 1235 1883 quando
1250 1810 1347 1864 autem
1369 1802 1448 1863 idem

161 1915 188 1968 et
210 1924 320 1968 nomen
348 1916 393 1968 est
420 1914 450 1967 et
475 1907 676 1986 participium,
707 1905 827 1966 dillicile
854 1905 1041 1965 discernitur.
1084 1907 1216 1966 invenies
1237 1906 1317 1967 enim
1338 1902 1399 1964 illic
1420 1910 1451 1963 et

160 2019 295 2089 tempus,
318 2008 397 2087 quod
421 2016 532 2069 tantum
555 2008 704 2088 participii
726 2016 784 2076 est,
808 2014 837 2067 et
858 2009 1116 2087 conparationem,
1140 2025 1214 2087 quae
1236 2007 1365 2068 nominis
1385 2013 1449 2066 tan·
1464 2025 1488 2065 rs

160 2121 222 2172 tum
246 2119 307 2180 est,
330 2119 362 2170 ut
390 2118 435 2171 est
461 2126 572 2171 amans.
617 2126 684 2170 nam
712 2116 741 2168 et
767 2109 953 2189 participium
981 2111 1145 2190 praesentis
1171 2110 1315 2189 temporis
1342 2114 1387 2168 est
1413 2106 1451 2168 ab

161 2232 196 2274 eo
219 2211 299 2292 quod
328 2220 374 2273 est
394 2230 477 2280 amo,
500 2220 531 2272 et
551 2209 640 2272 habet
661 2208 770 2288 gradus
790 2213 1023 2291 conparationis,
1046 2229 1112 2273 cum
1137 2228 1244 2271 nomen
1268 2219 1326 2280 ost,
1349 2227 1452 2270 amans

161 2316 307 2375 amantior
329 2314 554 2374 amantissimus.
598 2312 652 2373 ista
676 2329 747 2390 ergo
769 2329 831 2372 non
856 2330 910 2393 per
938 2315 1178 2393 conparationem
1201 2319 1325 2382 tantum,
1347 2311 1400 2373 sed
1423 2319 1454 2372 et

160 2434 216 2496 por
239 2433 339 2477 casum
362 2413 585 2483 discernuntur,
608 2422 751 2494 utsupra
774 2413 910 2475 diximus.
955 2414 992 2474 dc
1014 2414 1061 2475 his
1083 2432 1152 2474 vero
1175 2413 1354 2492 nominibus,
1377 2428 1453 2490 quae

160 2517 326 2598 participiis
352 2517 505 2596 praeteriti
532 2515 673 2594 temporis
695 2513 801 2576 similia
822 2524 900 2585 sunt,
928 2513 985 2577 alia
1012 2515 1217 2577 declinationis
1244 2514 1346 2594 regula
1369 2513 1491 2575 dille-ao

162 2619 290 2680 rentiam
319 2617 396 2678 lacit.
442 2634 508 2678 nam
537 2616 655 2696 quando
682 2616 832 2678 secundae
860 2616 1064 2679 declinationis
1085 2625 1169 2688 sunt,
1191 2619 1344 2699 participia
1367 2623 1453 2687 sunt;

162 2718 285 2800 quando
307 2726 445 2800 quartae,
469 2720 597 2780 nomina.
643 2717 750 2779 deinde
772 2727 802 2780 et
822 2736 928 2781 sensus
950 2719 1019 2781 lacit
1040 2720 1265 2789 discretionem,
1288 2719 1359 2780 utsi
1375 2718 1455 2779 dicas

164 2821 240 2882 ‘risi
261 2830 331 2882 sunt
351 2819 424 2881 mibi
446 2820 581 2882 homines
603 2818 792 2882 deambulare
814 2822 845 2880 in
867 2821 961 2892 loro’,
990 2823 1044 2882 risi
1065 2821 1252 2901 participium
1273 2822 1381 2909 estqsi
1403 2838 1455 2881 au·

164 2931 224 2983 tem
247 2921 328 2983 dicas
356 2923 492 2983 ‘occurri
514 2920 623 2983 visibus
644 2923 731 2992 tuis’,
758 2919 906 3000 intellegis
934 2941 1043 2984 nomen
1066 2941 1140 2984 esse.
1184 2924 1261 2983 scire
1283 2931 1380 2984 autem
1404 2920 1454 2982 de·

164 3023 270 3085 bamus
297 3023 424 3084 maiores
452 3029 569 3083 nostros
597 3022 741 3102 quaedam
769 3024 924 3104 participia
953 3025 1104 3104 praeteriti
1131 3025 1273 3104 temporis
1295 3041 1454 3104 usurpasse
1467 3043 1493 3084 as

165 3121 270 3186 conua
291 3134 384 3186 artem
407 3141 423 3184 a
446 3121 627 3186 neutralibus
651 3124 761 3196 verbis,
796 3131 828 3185 ut
849 3133 940 3206 nupta
962 3143 1087 3205 pransus
1110 3134 1230 3188 cenatus
1259 3124 1456 3205 triumphatus

165 3235 315 3306 regnatus.
360 3243 419 3287 non
447 3233 547 3287 tamen
574 3243 630 3288 nos
656 3225 713 3287 boc
742 3224 892 3308 delbemus
919 3227 1018 3288 lacere
1045 3247 1061 3289 a
1089 3226 1234 3289 similibus
1255 3226 1367 3296 verbis,
1402 3226 1456 3289 sed

166 3337 279 3391 tantum
302 3347 337 3389 ea
359 3326 500 3389 debemus
521 3328 671 3408 prolerre,
701 3346 776 3406 quae
798 3327 931 3406 legimus.
966 3328 1034 3389 ideo
1056 3328 1123 3390 dico
1145 3336 1282 3407 regnata,
1305 3347 1367 3389 non
1388 3330 1456 3408 quia

165 3448 276 3509 sequor
291 3438 401 3501 artem,
424 3429 477 3491 sed
493 3431 560 3509 quia
576 3428 671 3491 baben
686 3431 904 3491 auctoritatem:
928 3429 1073 3509 Vergilius
1089 3436 1262 3509 ‘regnata
1284 3448 1350 3509 per
1371 3448 1456 3491 arra

166 3534 327 3594 Saturno
348 3530 559 3611 quondam’.
590 3541 620 3592 et
641 3532 833 3610 interrogavit
858 3529 1004 3594 Filocalus
1032 3537 1142 3610 ‘quare
1170 3532 1328 3593 Terentius
1360 3533 1496 3612 posuitso

166 3631 283 3694 ‘nihil
315 3632 500 3695 tumultil’
529 3642 559 3693 et
587 3633 739 3711 respondit
767 3636 913 3695 ‘mau'ores
940 3634 1034 3696 nostri
1062 3633 1160 3695 omnia
1188 3635 1306 3695 nomina
1334 3642 1457 3713 quartae

168 3733 372 3796 declinationis
398 3735 545 3796 secundae
573 3734 734 3805 iaciebant,
763 3733 849 3796 buius
878 3734 958 3797 llucti
989 3735 1077 3796 huius
1104 3737 1201 3796 ornati
1228 3735 1315 3796 buius
1348 3737 1457 3804 senati:

167 3834 257 3897 bodie
280 3843 402 3915 quartae
424 3844 494 3898 sunt
514 3844 628 3898 tantum
651 3836 868 3907 declinationis,
892 3836 979 3899 buius
999 3835 1106 3898 lluctus
1121 3836 1208 3898 buius
1230 3845 1350 3897 ornatus
1371 3836 1459 3898 huius

167 3941 318 4001 senatus’.

633 4107 680 4169 DE
703 4107 991 4170 commortuus.
1472 4133 1497 4174 as

256 4243 430 4305 Coniunctis
452 4242 529 4303 dicta
551 4251 597 4304 est
617 4262 662 4314 eo,
685 4244 764 4324 quod
787 4247 946 4322 coniungat
967 4243 1173 4306 elocutionem.
1204 4263 1273 4306 nam
1288 4262 1349 4305 non
1364 4254 1462 4325 potest

169 4346 266 4408 oratio
294 4352 394 4407 uestra
421 4345 595 4414 cohaerere,
624 4347 681 4406 nisi
708 4348 903 4426 coniungatur
924 4348 980 4406 ista
1002 4346 1160 4426 particula,
1184 4359 1217 4407 ut
1237 4349 1263 4408 si
1285 4347 1366 4408 dicas
1388 4351 1461 4424 ‘ego
1529 4343 1532 4346 ’

169 4447 221 4508 ille
249 4452 379 4517 eamus',
408 4464 466 4507 non
496 4454 540 4506 est
567 4465 679 4508 conexa
707 4450 814 4509 oratio:
849 4450 1006 4526 interpone
1034 4456 1077 4518 et,
1107 4449 1181 4527 ‘ego
1204 4457 1234 4510 et
1260 4447 1310 4509 ille
1332 4453 1461 4517 eamus',

171 4549 265 4618 rides,
288 4567 346 4627 quo
369 4548 456 4609 modo
478 4546 625 4626 conligata
654 4550 691 4610 sit
713 4551 815 4610 oratio.
861 4550 1083 4611 coniunctiones
1105 4548 1225 4630 quidem
1247 4548 1356 4610 multae
1378 4558 1463 4618 sunt;

241 4736 278 4787 29
294 4733 433 4803 Vergilius]
452 4737 517 4788 Aen.
535 4737 570 4786 Vl
588 4734 639 4786 tos
709 4736 744 4788 30
762 4747 786 4786 et
801 4737 968 4802 interrogauit
987 4735 1101 4788 illocales
1118 4753 1197 4802 qnare
1215 4737 1239 4787 L
1254 4744 1279 4785 et
1294 4737 1464 4804 interrogauit

173 4820 254 4872 quare
268 4806 290 4856 S
306 4815 330 4854 et
348 4807 505 4872 interrogaui
525 4820 603 4869 quare
622 4805 647 4855 F
713 4803 858 4873 Terentius]
886 4806 970 4856 Andr.
987 4808 1009 4858 ll
1028 4808 1058 4871 2,
1075 4806 1110 4858 28
1179 4806 1211 4858 31
1236 4805 1327 4854 tumuli
1344 4807 1370 4856 F
1438 4813 1464 4856 et

172 4875 309 4942 respoudit
325 4875 491 4942 Freepondit
511 4875 534 4924 L
553 4886 577 4927 et
592 4875 811 4941 respondereutS
877 4874 912 4928 {ld
931 4876 1097 4930 elocutionem
1110 4877 1134 4928 S
1147 4877 1302 4927 locutionem
1321 4873 1371 4926 br

1172 4960 1238 5029 33*
