3314 5506
665 384 874 446 Psslnrl'uo
1336 399 1408 446 xxv

111 572 297 637 institutam
325 571 367 636 de
398 582 529 636 auctore
557 569 714 634 librorum
742 571 799 656 qui
821 570 918 634 Probi
941 572 1068 635 nomine
1091 572 1239 658 inscripti
1260 572 1409 637 feruntur

112 675 261 755 redeam,
284 695 350 738 non
372 673 510 737 multum
533 672 639 737 tribuo
662 673 848 737 auctoritati
869 674 1167 757 grammaticorum,
1190 674 1245 760 qui
1267 696 1351 760 quae
1366 697 1408 740 ex

112 776 162 840 his
184 775 279 841 libris
302 776 489 861 petiverunt
510 773 620 838 eodem
644 773 714 838 loco
737 796 801 860 quo
824 795 862 838 ea
884 797 968 860 quae
990 775 1227 860 antiquioribus
1249 798 1409 841 common·

113 879 206 944 tariis
236 877 399 942 debentur
425 876 618 940 habuerunt.
673 874 769 939 facilc
798 877 885 940 enim
911 875 981 940 ficri
1009 877 1130 962 potuit,
1164 887 1202 941 ut
1235 879 1408 964 scriptores

114 991 222 1045 aetate
242 979 341 1063 longe
363 978 509 1042 diversos
531 988 662 1065 propter
682 978 769 1042 idem
791 999 905 1042 nomen
927 972 1188 1043 confunderent'
1202 980 1336 1064 gravius
1358 988 1408 1044 est

114 1081 212 1161 illud,
246 1081 334 1167 quod
356 1082 390 1145 in
412 1079 640 1145 catholicon
662 1079 792 1166 quidem
814 1079 921 1144 libro
945 1081 1034 1165 (nam
1065 1080 1105 1144 de
1132 1081 1194 1146 hoc
1224 1104 1309 1147 nnnc
1339 1081 1407 1146 solo

115 1183 290 1248 dicendum
313 1184 381 1268 est)
405 1193 480 1247 sunt
501 1204 584 1268 quac
607 1182 685 1245 satis
707 1182 804 1246 certis
832 1184 1048 1267 argumentis,
1071 1182 1239 1247 Pn'sciano
1267 1185 1408 1248 maxime

116 1295 264 1366 auctore,
292 1286 427 1370 Berytio
455 1284 665 1370 grammatico
694 1284 910 1349 vindicentur.
956 1294 1053 1371 atque
1080 1293 1116 1348 ut
1146 1287 1286 1371 primum
1308 1286 1348 1349 de
1370 1307 1409 1349 ea

115 1397 209 1473 parte
230 1409 315 1472 quae
337 1396 387 1452 est
409 1388 449 1452 de
471 1385 654 1451 nominibus
676 1385 797 1466 dicam,
820 1407 859 1450 ca
881 1408 964 1472 quae
984 1387 1037 1449 hic
1052 1386 1092 1450 de
1108 1385 1228 1471 regulis
1243 1388 1407 1451 nominum

115 1490 262 1554 breviter
287 1488 430 1555 indicata
457 1488 595 1573 legimus
618 1510 691 1553 cum
713 1490 753 1553 iis
775 1510 859 1574 quac
881 1488 1068 1552 Priscianus
1089 1489 1124 1552 in
1146 1501 1239 1555 sexto
1262 1488 1345 1553 libro
1368 1487 1409 1553 de

115 1593 316 1656 nominativo
335 1602 369 1656 et
390 1590 539 1675 genetivo
568 1590 670 1655 multo
697 1590 829 1655 uberius
856 1590 1038 1676 disputavit
1065 1600 1097 1655 et
1125 1612 1208 1676 quae
1236 1592 1270 1655 in
1296 1591 1409 1678 quinto

114 1695 200 1759 libro
222 1693 264 1757 de
285 1693 459 1778 generibus
481 1693 634 1758 tractavit
660 1695 707 1758 ita
734 1693 955 1773 consentiunt,
984 1701 1022 1757 ut
1049 1691 1193 1757 dubitari
1220 1694 1279 1758 vix
1306 1694 1410 1778 possit

114 1800 195 1882 quin
224 1818 267 1860 ex
301 1795 414 1860 eodem
448 1795 539 1860 fonte
571 1796 739 1880 utriusque
768 1795 972 1880 grammatici
1002 1794 1150 1859 doctrina
1179 1794 1327 1859 derivata
1356 1795 1408 1860 sit.

115 1922 157 1963 ex
179 1899 291 1962 multis
315 1896 473 1983 exemplis
494 1897 575 1962 haec
596 1919 702 1984 pauca
723 1897 765 1961 ad
787 1918 855 1961 rem
883 1895 1086 1982 probandam
1114 1895 1294 1976 sufficiant,
1323 1919 1355 1981 p.
1379 1905 1408 1976 3,

118 2011 156 2069 14
180 2000 234 2063 1111
257 1998 342 2064 acie:
371 1999 473 2063 Prisc.
497 2006 575 2079 366,
604 2006 635 2067 9.
665 2022 695 2084 Ρ.
719 2006 753 2079 6,
783 2007 823 2067 25
853 1998 1114 2063 denominativo
1137 1997 1284 2062 afinito:
1308 1998 1408 2064 Prisc.

115 2109 193 2182 111,
218 2110 277 2183 143
313 2108 389 2181 141,
413 2110 469 2183 14,
502 2109 579 2182 201,
604 2109 653 2171 18·
687 2123 719 2186 p·
744 2113 778 2181 7,
808 2110 828 2170 4
855 2099 920 2165 lae:
944 2100 1045 2165 Prisc.
1070 2107 1149 2182 212,
1174 2110 1203 2169 4.
1232 2122 1265 2185 p.
1290 2108 1345 2180 10,
1368 2106 1408 2169 as

113 2204 227 2268 homo:
256 2202 359 2268 Prisc.
382 2209 459 2282 266,
482 2209 534 2270 22.
569 2226 601 2289 Ρ.
626 2210 681 2283 13,
706 2211 724 2273 8
746 2224 821 2267 1111
843 2201 965 2267 alacer:
989 2202 1092 2267 Prisc.
1117 2209 1192 2283 152,
1218 2209 1267 2271 18.
1302 2223 1333 2287 Ρ.
1359 2211 1408 2283 13,

113 2313 154 2374 29
178 2305 299 2372 Gadir:
328 2304 429 2369 Prisc.
454 2314 582 2386 154,1.
614 2327 647 2390 Ρ.
673 2312 726 2384 16,
751 2313 788 2373 11
812 2326 950 2391 pauper:
975 2304 1076 2369 Prisc.
1101 2311 1172 2384 152,
1196 2310 1225 2374 8.
1259 2327 1292 2390 Ρ.
1315 2312 1367 2384 26,
1390 2312 1409 2374 3

113 2407 256 2473 scrobis:
290 2406 392 2471 Prisc.
424 2414 498 2487 168,
532 2414 563 2482 9·
606 2429 638 2492 P·
668 2413 724 2486 31,
760 2417 775 2475 1
811 2406 876 2470 vis:
911 2406 1015 2470 Prisc.
1043 2413 1119 2487 249,
1149 2413 1179 2475 9.
1220 2429 1253 2493 Ρ.
1282 2413 1339 2487 22,
1369 2415 1410 2476 24

113 2509 288 2573 Chremes:
317 2508 419 2573 Prisc·
450 2516 526 2590 244,
556 2519 591 2589 5,
620 2508 677 2572 ubi
705 2530 788 2594 quae
816 2508 856 2572 de
883 2507 1068 2572 nominibus
1097 2529 1131 2572 es
1160 2506 1289 2594 syllaba
1309 2507 1409 2572 finitis

113 2609 340 2675 incatholicis
362 2609 509 2696 plurimis
537 2610 616 2674 locis
643 2611 791 2695 dispersa
817 2610 969 2695 leguntur
991 2609 1026 2673 in
1052 2630 1118 2675 uno
1146 2609 1215 2673 loco
1243 2611 1411 2696 conposita

114 2722 202 2777 sunt.
233 2713 299 2776 iam
320 2712 421 2796 igitur
442 2713 590 2798 quamvis
607 2712 792 2776 Priscianus
814 2734 880 2776 non
899 2712 1109 2792 indicaverit,
1131 2733 1227 2798 quem
1245 2722 1410 2776 auctorem

113 2817 147 2879 in
171 2814 222 2878 his
246 2822 376 2878 secutus
399 2815 456 2894 sit,
479 2836 584 2900 neque
606 2814 662 2880 uni
684 2814 792 2878 omnia
813 2813 945 2893 debeat,
970 2813 1028 2879 sed
1050 2812 1311 2885 doctissimorum
1325 2814 1410 2878 viro·

113 2939 187 2981 rum
215 2917 356 2981 inventis
382 2937 416 2980 se
444 2938 539 2980 usum
569 2938 641 2980 esse
670 2915 862 3002 profiteatur
881 2938 914 3001 p.
939 2925 999 2986 194
1007 2964 1015 2997 ,
1045 2925 1101 2997 10,
1134 2926 1242 2982 tamen
1267 2915 1411 3002 Caprum

114 3040 214 3104 saepe
236 3019 427 3082 nominatim
448 3017 636 3104 appellavit.
681 3016 823 3103 Caprum
845 3039 940 3104 porro
962 3017 1062 3082 Probi
1090 3019 1192 3104 copiis
1219 3041 1316 3083 usum
1338 3040 1410 3083 esse

114 3122 248 3185 scimus.
306 3142 407 3206 quare
439 3142 513 3185 cum
544 3143 609 3185 non
641 3118 845 3205 inprobabile
878 3122 921 3185 sit
952 3120 1039 3185 hunc
1071 3119 1304 3185 catholicorum
1336 3142 1409 3184 cnm

113 3222 284 3286 Prisciano
312 3243 504 3286 consensum
527 3243 569 3286 ex
591 3222 815 3287 communibus
838 3223 939 3307 copiis
961 3222 1078 3302 Probi,
1106 3223 1197 3286 cuius
1220 3243 1336 3285 nomen
1358 3243 1409 3286 ca-

114 3321 238 3390 tholica
258 3345 337 3408 prae
360 3346 395 3388 se
416 3322 541 3405 ferunt,
570 3323 783 3388 derivandum
806 3344 891 3404 csse,
920 3322 1046 3388 accedit
1072 3325 1170 3388 etiam
1198 3322 1294 3402 illud,
1323 3323 1410 3409 quod

114 3426 229 3512 aliqua
249 3426 390 3511 vestigia
411 3448 523 3491 eorum
545 3448 628 3512 quae
645 3426 779 3510 Berytio
801 3427 1011 3510 grammatico
1034 3435 1145 3510 aperte
1167 3425 1355 3490 tribuuntur
1376 3426 1410 3489 in

114 3527 286 3593 catholicis
307 3538 430 3593 restare
453 3529 614 3593 videntur.
659 3549 700 3591 ex
723 3549 787 3613 quo
809 3549 928 3613 genere
956 3535 1031 3592 sunt
1053 3549 1195 3613 eaquae
1218 3526 1259 3591 de
1280 3527 1410 3591 nomine

115 3629 166 3694 sal
192 3652 236 3694 ex
262 3628 371 3714 Capro
399 3640 432 3694 et
458 3629 566 3695 Probo
594 3629 744 3694 exhibuit
765 3629 951 3694 Priscianus
973 3652 1005 3715 Ρ.
1031 3639 1107 3710 171,
1131 3636 1150 3698 8
1177 3628 1260 3692 conl.
1288 3627 1409 3694 cathol.

116 3741 148 3813 8,
165 3740 217 3812 25,
240 3738 273 3794 11
294 3731 335 3795 de
356 3732 530 3816 generibus
554 3732 827 3796 deminutivorum
849 3755 881 3818 p.
908 3743 983 3812 115,
1009 3740 1046 3802 18
1068 3731 1151 3795 conl.
1174 3729 1292 3796 cathol.
1316 3739 1345 3811 6,
1370 3740 1410 3801 16

115 3846 149 3900 11
171 3842 231 3913 20,
253 3841 304 3901 27.
349 3832 448 3899 etiam
469 3856 552 3922 quae
575 3833 616 3897 de
638 3832 823 3897 nominibus
853 3856 928 3898 cum
952 3855 1051 3919 puero
1073 3834 1248 3920 conpositis
1271 3834 1410 3898 Priscia-

115 3959 177 4000 nus
200 3935 309 3999 Probo
337 3944 469 4001 auctore
492 3935 674 4022 disputavit
704 3960 736 4022 Ρ.
760 3943 839 4015 236,
871 3945 919 4016 12,
948 3958 1144 4023 quamquam
1171 3957 1213 4000 ex
1240 3935 1410 4001 catholicis

117 4045 173 4117 16,
197 4044 238 4108 18
259 4047 371 4123 petere
391 4039 512 4123 potuit,
536 4039 619 4103 sicut
641 4059 740 4123 supra
755 4059 787 4123 p.
804 4036 905 4102 XVII
919 4039 1096 4104 indicatum
1113 4048 1176 4118 cst,
1199 4048 1306 4102 tamen
1323 4037 1411 4102 haud

116 4142 183 4204 scio
206 4161 249 4203 an
271 4139 379 4224 Capro
400 4141 509 4225 potius
532 4139 690 4203 debuerit.
735 4139 874 4226 denique
901 4161 984 4226 quae
1012 4142 1052 4205 de
1082 4142 1244 4226 scriptura
1271 4140 1410 4204 nominis

116 4241 245 4308 Orchus
267 4242 302 4306 in
324 4240 492 4306 catholicis
513 4242 714 4327 praescripta
737 4249 812 4304 sunt
833 4265 865 4327 p.
892 4251 945 4321 10,
969 4249 1020 4310 22.
1052 4251 1106 4321 14,
1131 4249 1181 4311 33.
1204 4249 1244 4309 22
1250 4288 1260 4321 ,
1284 4250 1335 4310 27.
1359 4248 1409 4321 38,

117 4353 156 4416 28
183 4344 312 4431 Berytii
341 4343 544 4426 grammatici
573 4343 738 4407 doctrinae
766 4344 939 4407 convenire
968 4343 1064 4409 docet
1092 4343 1225 4408 Servius
1252 4344 1287 4407 in
1309 4341 1408 4427 Verg.

116 4468 227 4531 georg.
255 4445 273 4510 I
300 4453 363 4513 277
397 4449 514 4510 From
543 4448 659 4510 Orchus
686 4451 774 4523 lecit,
811 4451 960 4510 Cornutus
993 4456 1073 4510 11111
1107 4451 1321 4525 aspirationem
1355 4451 1411 4508 ad·

118 4554 256 4612 dmdam.

197 4649 301 4713 Plura
330 4647 452 4712 indicia
479 4649 646 4714 doetrinae
672 4669 714 4712 ex
736 4649 902 4713 veteribus
925 4649 1024 4714 Probi
1052 4651 1154 4735 copiis
1183 4650 1349 4713 derivatae
1376 4650 1411 4712 in

116 4750 216 4815 altera
237 4760 334 4837 parte
357 4749 601 4830 catholicorum,
625 4759 781 4836 quaeest
803 4751 993 4831 deverbis,
1016 4759 1139 4815 extant.
1173 4753 1207 4814 in
1230 4772 1295 4836 qua
1316 4760 1410 4836 parte

117 4863 151 4917 ut
180 4854 353 4919 Prisciano
385 4861 419 4915 et
450 4852 608 4916 Diomede
642 4852 830 4918 auctoribus
863 4851 964 4917 multo
997 4854 1117 4921 certius
1150 4861 1292 4932 constat,
1331 4852 1410 4937 quid
