3314 5506
677 395 887 458 PRAEFATIO
1325 410 1424 458 xxva

135 583 236 648 multa
258 583 375 648 addita
396 585 450 648 vel
471 585 631 647 inmutata
652 605 723 646 esse
744 582 945 668 putabimus,
969 582 1159 667 praesertim
1181 605 1254 646 cum
1270 582 1304 646 id
1320 583 1426 666 egisse

135 686 299 766 videatur,
323 695 361 749 ut
383 708 426 749 ex
449 684 657 770 amplissimis
679 683 778 748 Probi
800 685 901 768 copiis
923 705 963 746 ea
983 685 1186 769 potissimum
1201 707 1285 771 quae
1300 685 1342 749 ad
1356 683 1425 749 vul·

133 809 245 871 garem
266 787 398 852 dIcendi
420 809 514 851 usum
536 787 734 870 pertinerent
756 785 930 870 exciperet.
974 786 1084 872 itaque
1106 796 1143 851 ut
1164 787 1294 871 singula
1319 808 1426 851 exem·

134 888 189 974 pla
210 912 269 975 per
290 898 396 954 totum
418 889 538 953 librum
558 888 704 973 dispersa
725 888 887 967 omittam,
917 909 956 950 ea
982 909 1066 972 quae
1094 888 1134 952 de
1161 889 1292 953 casibus
1320 887 1426 974 deque

133 992 247 1056 formis
265 990 454 1071 casualibus
476 1014 510 1076 p.
534 996 573 1060 32
597 1013 667 1076 sqq.
690 989 834 1054 breviter
855 989 1021 1074 disputata
1042 1000 1075 1054 et
1095 1011 1179 1076 quae
1201 991 1240 1055 de
1263 1000 1426 1055 structura

134 1095 289 1158 orationis
311 1094 346 1156 in
368 1093 432 1157 fine
454 1092 529 1157 libri
550 1115 583 1178 p.
600 1102 640 1161 40
656 1114 726 1177 sqq.
750 1092 872 1177 scripta
893 1101 969 1157 sunt
990 1114 1054 1155 non
1070 1114 1090 1155 a
1104 1093 1210 1156 Probo
1233 1093 1344 1176 petita,
1368 1091 1426 1157 sed

133 1205 249 1280 postea
270 1193 385 1259 addita
406 1217 477 1259 esse
498 1194 632 1281 puto.*)
663 1194 719 1258 sed
741 1192 831 1257 illam
853 1193 893 1258 de
915 1202 1080 1258 structura
1094 1193 1346 1280 disputationem
1360 1195 1425 1258 iam

133 1299 268 1383 antiquo
292 1306 436 1382 tempore
459 1297 618 1361 adiectam
640 1306 673 1362 et
694 1319 759 1361 una
780 1318 854 1360 cum
877 1294 1009 1382 reliquis
1031 1295 1138 1360 Probo
1166 1296 1323 1361 tributam
1344 1317 1424 1375 csse,

134 1398 210 1463 inde
233 1399 384 1484 adparet,
415 1398 501 1484 quod
530 1421 594 1463 non
621 1396 726 1462 solum
747 1421 768 1462 a
789 1398 907 1462 Rufino
929 1422 962 1484 p.
986 1405 1068 1467 2724
1096 1406 1129 1461 et
1155 1399 1190 1461 in
1217 1406 1357 1462 tractatu
1384 1397 1425 1462 de

134 1502 307 1566 structuris
330 1499 416 1565 anal.
439 1522 574 1585 gramm.
597 1500 738 1565 Vindob.
761 1523 793 1587 p.
817 1507 878 1570 508
908 1499 1067 1586 quaedam
1095 1521 1137 1563 ex
1165 1499 1226 1564 hac
1253 1508 1345 1585 parte
1370 1498 1425 1564 ad·

133 1605 256 1687 seripto
278 1602 377 1667 Probi
399 1603 528 1666 nomine
549 1603 704 1682 citantur,
728 1624 811 1688 quae
836 1623 936 1687 supra
950 1625 982 1687 p.
999 1600 1069 1664 XX
1090 1600 1233 1666 indicata
1255 1609 1345 1682 sunt,
1368 1600 1426 1666 sed

132 1707 232 1770 etiam
253 1703 411 1770 Claudius
434 1703 607 1785 Sacerdos,
636 1705 778 1768 incertae
805 1704 920 1768 aetatis
946 1705 1191 1787 grammaticus,
1224 1704 1283 1768 sed
1309 1712 1425 1790 quarto

132 1808 263 1872 saeculo
285 1808 343 1873 vix
364 1806 513 1888 inferior,
536 1808 592 1892 qui
613 1803 773 1870 catholica
793 1807 923 1890 integra
943 1806 977 1870 in
999 1828 1094 1870 suum
1114 1805 1234 1870 librum
1247 1806 1424 1888 transtulit,

132 1909 213 1974 haec
235 1925 364 1995 quoque
386 1910 518 1994 recepit.
559 1918 728 1994 praeterea
749 1908 848 1972 alium
871 1907 911 1972 de
934 1909 1105 1973 structuris
1128 1909 1426 1973 commentariolum

132 2033 174 2074 ex
202 2010 315 2075 eodem
344 2010 469 2091 codice,
503 2011 537 2075 in
566 2031 629 2096 quo
656 2009 817 2075 catholica
844 2011 967 2095 scripta
994 2018 1084 2091 sunt,
1120 2011 1255 2095 petitum
1285 2012 1424 2076 subiecit

132 2112 338 2177 Parrhasius.
382 2112 467 2178 hunc
496 2135 570 2197 ego,
599 2113 747 2199 quamvis
770 2133 790 2176 a
811 2110 979 2176 catholicis
1002 2113 1129 2177 omnino
1158 2111 1281 2177 alienus
1305 2115 1361 2193 sit,
1389 2114 1424 2177 in

132 2237 170 2280 eo
197 2216 285 2296 loco,
319 2216 354 2280 in
382 2236 445 2302 quo
474 2236 494 2279 a
520 2215 682 2301 prioribus
711 2213 889 2280 editoribus
917 2216 1042 2300 positus
1068 2224 1154 2295 erat,
1178 2213 1424 2301 relinquendum

132 2339 203 2383 esse
225 2318 350 2404 putavi.

218 2418 371 2485 Ceterum
391 2419 487 2499 haec,
510 2440 594 2506 quae
616 2419 656 2483 de
679 2419 803 2503 origine
819 2427 852 2483 et
865 2418 974 2483 indole
988 2416 1222 2484 catholicorum
1244 2419 1423 2505 disputavi,

133 2523 229 2587 etiam
261 2520 303 2585 ad
325 2522 476 2586 editionis
504 2521 662 2586 rationem
689 2521 830 2607 quodam
856 2522 953 2585 modo
983 2521 1154 2606 pertinent.
1198 2533 1273 2584 nam
1295 2544 1368 2585 cum
1389 2522 1423 2586 in

131 2623 294 2709 plerisque
316 2633 463 2686 veterum
485 2625 770 2708 grammaticorum
792 2622 884 2687 libris
907 2623 1036 2687 facilius
1058 2644 1130 2711 esse
1146 2623 1249 2688 soleat
1262 2627 1424 2709 corrigere

132 2747 216 2810 quae
238 2724 324 2788 falsa
345 2747 416 2790 esse
439 2725 588 2811 adparet,
617 2749 714 2811 quam
736 2725 815 2812 quid
837 2723 962 2789 librarii
990 2727 1212 2809 peccaverint,
1242 2726 1320 2812 quid
1342 2727 1423 2812 ipsis

131 2827 352 2912 grammaticis
374 2827 541 2909 debeatur,
564 2828 708 2893 iudicare
730 2838 763 2893 et
783 2849 868 2915 quae
890 2826 932 2891 ab
953 2827 1004 2891 his
1019 2827 1141 2913 scripta
1155 2838 1245 2909 sunt,
1260 2851 1325 2893 non
1339 2850 1424 2915 quae

132 2930 231 2994 scribi
255 2929 451 3009 debuerunt,
475 2931 662 3011 restituere,
684 2939 755 2994 tum
776 2932 816 2995 iis
839 2929 1069 3016 scriptoribus,
1098 2931 1169 3015 qui,
1192 2932 1276 2996 sieut
1301 2933 1335 2994 in
1361 2930 1424 2996 hoc

130 3031 214 3095 lihro
229 3030 352 3122 factum
368 3041 431 3112 est,
454 3040 600 3096 veterum
618 3043 792 3119 praecepta
806 3034 839 3098 in
853 3031 1069 3118 conpendium
1082 3032 1292 3117 redegerunt,
1316 3035 1424 3098 cautio

131 3133 317 3198 adhibenda
331 3142 391 3197 est.
422 3155 522 3220 quare
538 3156 734 3220 quamquam
750 3157 886 3221 eaquae
906 3135 940 3198 in
956 3134 1067 3199 codice
1082 3146 1235 3221 corrupta
1256 3144 1332 3200 sunt
1353 3158 1423 3200 cor·

131 3235 267 3320 rigando
283 3234 336 3298 vel
352 3235 593 3319 transponendo
616 3236 714 3301 facile
735 3237 769 3300 in
791 3238 913 3301 iustum
935 3235 1080 3300 ordinem
1095 3238 1240 3301 revocari
1262 3247 1423 3322 poterant,
1538 3240 1542 3249 '

132 3347 240 3401 tamen
262 3358 326 3401 non
348 3337 439 3402 nulla
459 3339 507 3402 ita
526 3352 703 3424 conparata
717 3348 823 3419 erant,
847 3347 883 3402 ut
897 3337 1018 3402 codicis
1034 3339 1226 3424 scripturam
1242 3339 1423 3426 relinquere

131 3448 327 3525 praestaret,
349 3461 390 3503 ne
410 3440 617 3525 neglegentia
639 3442 936 3526 grammaticorum,
960 3461 1097 3525 quorum
1112 3441 1228 3506 studiis
1244 3440 1324 3507 haec
1339 3464 1423 3529 quae

130 3533 224 3604 nobis
250 3540 371 3606 tradita
393 3553 469 3606 sunt
491 3541 665 3622 debentur,
689 3544 855 3608 videretur
876 3550 1022 3607 correcta
1043 3563 1125 3605 esse.

215 3641 299 3706 Cum
321 3642 489 3708 catholicis
512 3641 589 3707 olim
610 3645 807 3709 instituta
828 3645 976 3708 artium
1002 3644 1037 3708 in
1064 3644 1160 3707 unius
1189 3646 1295 3730 operis
1323 3648 1423 3712 conti-

130 3746 288 3808 nuitatem
310 3745 482 3810 coniuncta
508 3744 626 3827 fuisse,
654 3746 701 3811 ita
723 3755 758 3810 ut
781 3748 931 3812 instituta
951 3746 1109 3832 priorem,
1136 3745 1297 3813 catholica
1317 3757 1423 3834 poste-

131 3847 249 3910 riorem
275 3846 396 3912 librum
423 3846 604 3928 efficerent,
632 3852 736 3933 prima
763 3848 996 3914 catholicorum
1023 3848 1124 3913 verba
1152 3848 1270 3913 docent
1290 3872 1322 3935 p.
1346 3858 1380 3930 3,
1403 3858 1422 3918 2
1520 3911 1524 3920 .

130 3955 272 4027 quoniam
294 3955 433 4014 instituta
454 3957 568 4014 artium
578 3938 779 4026 'mffiaeater
800 3959 1006 4028 tractavimus,
1031 3973 1112 4015 auae
1134 3957 1172 4015 de
1193 3956 1350 4017 catastas
1371 3974 1423 4017 aa

131 4057 242 4114 minam
264 4057 481 4130 uerborumque
495 4058 663 4117 rationibus
678 4060 847 4118 doceamus.
871 4063 1039 4139 praeterea
1054 4053 1198 4117 eiusdem
1214 4052 1288 4118 libri
1303 4056 1423 4118 mentio

131 4152 219 4216 lacta
241 4161 291 4217 est
311 4174 344 4239 p.
368 4162 417 4234 10,
441 4162 492 4222 25.
517 4163 567 4235 14,
590 4163 640 4222 10·
665 4164 715 4235 39,
739 4163 768 4225 3.
793 4164 842 4236 40,
868 4166 916 4235 17,
939 4155 1026 4219 unde
1047 4155 1184 4240 adparet
1204 4165 1237 4220 et
1251 4155 1291 4219 de
1306 4154 1423 4221 litteris

80 4416 84 4425 .
196 4373 220 4442 ')
240 4375 476 4442 Subscriptionem
494 4378 523 4426 in
541 4377 674 4429 Bobieusi
692 4378 788 4429 codice
807 4383 870 4429 aute
890 4379 1115 4430 commentarium
1134 4377 1167 4429 de
1185 4380 1331 4430 structuris
1350 4381 1422 4445 posi·

130 4464 194 4523 tam,
207 4476 291 4525 quam
303 4477 390 4527 supra
401 4479 427 4526 p.
438 4461 505 4511 VIII
518 4462 639 4525 exhibui,
653 4464 694 4513 ita
707 4464 844 4528 quispiam
857 4465 1034 4528 interpretari
1047 4464 1145 4530 possit,
1158 4467 1289 4529 utusque
1302 4463 1337 4514 ad
1350 4464 1423 4516 hunc

129 4544 216 4595 locum
236 4550 370 4612 excerpta
387 4546 470 4596 Probi
488 4549 637 4611 pertinere,
656 4549 765 4612 reliqua
783 4554 880 4613 postea
897 4547 992 4599 addita
1011 4566 1071 4600 esse
1089 4549 1236 4601 iudicetur.
1260 4550 1308 4600 aed
1327 4566 1424 4601 vereor

130 4646 161 4680 ne
180 4632 352 4696 subscriptio
372 4647 404 4681 eo
423 4631 484 4680 loco
502 4633 593 4696 posita
613 4634 698 4683 errori
716 4632 825 4682 librarii
843 4632 1004 4696 tribuenda,
1024 4649 1077 4684 non
1096 4650 1129 4684 ex
1148 4634 1304 4696 antiquiore
1324 4651 1422 4685 merno-

128 4716 168 4764 ria
185 4717 314 4782 protecta
333 4716 379 4768 sit.
414 4715 482 4765 illud
502 4731 610 4780 quoque
634 4717 706 4780 quod
729 4718 768 4768 ibi
791 4717 985 4782 interpositum
1004 4723 1031 4769 et
1049 4722 1146 4784 postca
1164 4718 1283 4768 deletum
1303 4723 1358 4780 est,
1377 4736 1423 4769 ars

129 4799 211 4850 Servii
224 4802 387 4866 praemetiri
403 4803 518 4865 explicit,
532 4818 697 4867 quamquam
711 4801 798 4852 multa
811 4802 843 4854 de
855 4803 964 4853 nomiae
979 4802 1069 4854 Servii
1084 4805 1173 4853 conici
1186 4808 1309 4868 possunt,
1329 4807 1421 4854 tamen

129 4887 211 4936 errori
229 4885 342 4936 librarii
359 4885 482 4936 tribuere
500 4886 582 4940 malo.
1188 4894 1193 4901 ’
