3346 5506
104 442 109 450 ,
189 361 251 426 aaa
693 359 805 422 rnrnr
826 359 977 422 oneom

190 554 288 630 polati,
311 571 383 610 nnnc
403 553 509 608 demum
529 552 710 626 cognovimus
725 567 815 608 veram
829 550 932 607 Petrini
952 549 1038 607 libelli
1053 550 1253 613 condicionem,
1270 568 1340 626 quac
1357 552 1419 609 talis
1433 560 1485 616 est,

190 648 221 695 rrt
242 647 316 694 totus
338 637 495 694 abiciendus
522 640 556 693 sit
581 645 657 694 certe
682 637 730 697 iis.
758 638 805 709 qni
831 635 973 710 inquirunt
998 637 1026 692 in
1050 635 1183 692 Romanas
1203 637 1391 710 antiquitates.
1420 637 1485 694 Nam

190 723 258 779 liber
279 731 419 784 notarum,
450 739 530 795 quem
552 738 583 776 cx
605 739 687 795 parvo
718 719 877 794 arnpliorcrn
907 720 1006 777 iecisse
1035 737 1065 777 se
1088 719 1184 776 Petrus
1214 720 1324 784 scribit.
1355 723 1414 796 ipse
1443 730 1488 778 cst

189 826 271 881 supra
293 807 381 863 editus
403 806 551 880 l‘apiarms;
582 807 656 861 aurit
677 815 766 862 autem
788 821 850 862 eum
872 805 980 862 duobus
1000 805 1103 867 modis.
1133 807 1250 879 primurn
1272 824 1304 862 err
1323 805 1485 863 Einsidlcnsi

190 893 336 954 laterculo,
362 891 457 947 deinde
478 890 665 946 notationibus
686 909 745 946 ase
766 889 903 952 condetis.
926 906 1014 964 neque
1035 890 1073 946 ita
1094 898 1186 963 partes
1207 889 1268 947 illas
1290 892 1362 947 inter
1376 908 1406 946 sc
1421 908 1486 946 con·

189 978 274 1039 ludit,
296 985 327 1032 ut
348 975 393 1031 rrlri
416 994 477 1032 cum
498 976 656 1032 auctoribus
677 976 734 1031 suis
755 975 865 1031 Petrum
886 977 1087 1049 composueris.
1108 973 1176 1031 fines
1197 975 1369 1049 aliquatenus
1391 991 1486 1048 regere

190 1078 317 1136 nequeas.
348 1060 467 1134 Exempli
489 1079 570 1116 causa
591 1062 618 1115 in
634 1060 760 1116 litteral*
781 1060 869 1116 media
889 1077 952 1133 pars
974 1079 989 1116 a
1007 1059 1123 1131 familia
1146 1059 1179 1115 ad
1199 1058 1260 1132 fuit
1280 1059 1407 1116 convenit
1429 1058 1486 1116 lere

190 1155 248 1202 tota
278 1163 338 1202 curn
362 1145 443 1217 Papia
474 1153 502 1199 et
522 1161 577 1199 non
601 1143 689 1201 solum
711 1145 864 1200 litterarum
887 1144 1010 1201 ordinem
1037 1143 1144 1218 qualern
1173 1142 1219 1201 ille
1244 1144 1390 1202 constituit
1418 1145 1487 1200 satis

190 1237 315 1287 accurate
345 1229 484 1302 sequitur,
515 1229 562 1284 sed
584 1229 665 1284 etiarn
693 1230 764 1303 ipsas
791 1228 962 1304 corruptelas
988 1237 1188 1304 repraesentat,
1214 1238 1244 1284 ut
1266 1229 1380 1303 exempli
1406 1246 1487 1285 causa

190 1317 294 1370 notatio
325 1313 388 1368 libri
417 1312 532 1368 Parisini
562 1315 629 1368 nn
653 1314 736 1386 sobri
755 1321 841 1371 errent
869 1330 920 1371 seu
947 1307 993 1386 fii
1014 1314 1087 1388 apud
1115 1313 1225 1370 Petrum
1247 1313 1318 1370 redit
1338 1316 1392 1370 ita:
1423 1315 1491 1369 Μ’

187 1399 337 1471 sorderent
359 1413 390 1452 se
408 1396 532 1470 fratres.
560 1398 674 1454 Videtur
695 1399 789 1455 deinde
811 1417 872 1456 cunr
887 1398 1004 1473 Papiano
1025 1396 1158 1454 laterculo
1179 1398 1276 1453 Petrus
1298 1397 1487 1472 composuisse

189 1482 386 1540 Eirrsidlensenr
407 1498 493 1556 eaque
513 1483 574 1538 inde
595 1484 741 1546 adiecisse,
767 1500 836 1558 quae
856 1502 911 1540 non
931 1491 1054 1540 notasset
1074 1501 1105 1539 cr
1127 1482 1188 1545 illo;
1211 1482 1281 1538 unde
1307 1483 1334 1538 in
1359 1482 1488 1539 litterar

190 1577 250 1625 orta
266 1576 309 1624 cst
324 1567 457 1641 appendu
472 1567 596 1641 Papianis
612 1568 704 1625 statim
720 1568 863 1625 subiuncta
878 1587 893 1624 a
916 1567 1075 1641 fabricavit
1088 1591 1131 1618 =
1142 1567 1310 1638 fabricabant
1331 1567 1363 1622 ad
1376 1565 1488 1639 fraude

145 1701 149 1709 .
189 1655 340 1710 credentes
355 1673 398 1700 -ε
410 1651 557 1722 fraudere
572 1655 747 1714 creditores,-
773 1671 853 1727 quam
869 1670 923 1708 non
940 1660 1039 1714 totam,
1056 1653 1102 1708 scd
1119 1654 1219 1708 maiore
1235 1668 1266 1706 cx
1282 1660 1358 1726 parte
1374 1667 1488 1708 consen·

191 1747 300 1794 taneum
320 1747 363 1792 est
377 1744 504 1793 constare
524 1753 555 1792 cx
570 1737 720 1794 Probianis.
752 1738 798 1792 llis
820 1740 934 1811 nequis
958 1737 1087 1810 opinetur
1109 1736 1210 1810 aliquid
1233 1736 1328 1810 profici
1351 1735 1487 1810 possead

190 1821 373 1879 crrrendandos
395 1820 572 1877 Einsidlcnsis
591 1821 654 1879 libri
675 1823 751 1879 locos
773 1830 936 1896 corruptos,
957 1838 1023 1877 usus
1045 1827 1087 1876 est
1108 1820 1205 1876 Petrus
1226 1821 1337 1876 omnino
1359 1827 1407 1876 aut
1427 1822 1487 1894 ipso

191 1906 353 1962 Eirrsidlensi
377 1906 470 1961 codiee
491 1913 539 1961 aut
561 1908 639 1980 plane
662 1906 793 1980 gemello;
822 1924 881 1963 narn
904 1907 977 1962 etin
1000 1904 1100 1961 litteris
1115 1904 1196 1959 alltc
1221 1922 1275 1959 non
1297 1906 1385 1978 magis
1408 1903 1488 1961 babet

189 1991 324 2047 Probiana
344 2007 425 2065 quam
440 1989 617 2047 Einsidlensis
639 2000 666 2047 ct
688 1993 866 2066 transpositio
882 1989 1072 2052 Einsidlensis‚
1094 2007 1147 2063 qua
1163 1990 1317 2046 notationes
1333 1990 1352 2045 F
1368 1992 1488 2044 34-37.

191 2078 220 2132 G.
240 2079 313 2129 t-3
334 2074 403 2130 male
424 2075 595 2132 collocantur
616 2080 687 2132 inter
707 2077 766 2132 lit.
783 2080 813 2138 8,
838 2077 914 2132 alluit
933 2077 1014 2132 ctiam
1035 2077 1062 2130 in
1084 2074 1155 2131 libro
1177 2074 1288 2131 Petrina
1309 2082 1337 2130 ct
1351 2073 1490 2131 consentit

190 2178 251 2217 curn
274 2177 306 2216 co
334 2161 361 2215 in
382 2160 549 2233 corruptelis
580 2161 705 2217 omnibus
736 2157 776 2235 (ut
796 2178 819 2217 e.
837 2179 859 2217 c.
881 2176 931 2216 ore
954 2161 1073 2217 coneilio
1103 2177 1153 2235 pro
1182 2175 1235 2230 ope
1264 2160 1383 2216 consilio
1408 2158 1490 2216 habet

191 2246 271 2301 etiam
286 2242 408 2320 Petrus),
432 2245 484 2300 nisi
501 2246 574 2318 qnod
589 2247 686 2302 Petrus
707 2247 795 2302 denuo
813 2247 900 2301 onmia
915 2246 1048 2319 pervertit
1063 2253 1090 2300 et
1106 2246 1148 2300 rix
1162 2244 1319 2301 credibilem
1335 2245 1362 2300 in
1380 2245 1489 2300 modum

190 2329 305 2391 iurarit:
336 2347 400 2384 sane
427 2329 479 2384 nisi
506 2329 666 2386 lralrcrcmns
695 2329 906 2392 Einsidlensem,
938 2332 978 2385 vir
999 2336 1215 2404 agnoscerentur
1240 2331 1266 2384 in
1289 2329 1392 2401 glossis
1417 2329 1490 2384 Petri

192 2415 288 2469 Latini
308 2421 427 2485 panes,
454 2414 714 2483 detruncandas,
739 2417 788 2471 len
803 2415 879 2471 Iulia
901 2415 959 2471 clini
973 2416 1110 2488 dispesci,
1137 2416 1187 2469 lca:
1213 2430 1321 2470 meeum
1344 2420 1388 2469 est
1408 2412 1490 2468 Probi

192 2500 346 2556 notationes
362 2499 459 2553 Latini
469 2501 572 2569 prisci,
588 2501 685 2556 Latini
698 2502 847 2568 octonarii,
863 2502 913 2555 lece
928 2499 1005 2556 Irdia
1020 2503 1055 2555 dc
1070 2500 1235 2566 adulteriis,
1251 2501 1312 2572 lege
1327 2505 1424 2554 ectum
1438 2503 1489 2553 est.

193 2584 283 2640 Tertia
298 2599 383 2656 caque
399 2600 454 2638 nou
470 2583 579 2640 minima
600 2603 664 2659 pars
687 2593 742 2641 tota
764 2593 807 2640 est
827 2585 1028 2648 commenticia:
1056 2601 1085 2639 ea
1107 2586 1133 2640 in
1156 2583 1248 2640 littera
1270 2585 1352 2642 citata
1374 2583 1394 2638 l?
1416 2583 1491 2657 prin·

192 2669 292 2743 cipimn
314 2669 372 2724 lere
393 2676 509 2740 occupat
528 2672 622 2743 paucis
642 2670 767 2744 Papianis
788 2671 964 2746 interspersis
987 2670 1111 2744 reditque
1133 2669 1197 2725 itern
1218 2670 1246 2726 in
1268 2669 1320 2723 lure
1340 2685 1354 2722 a
1372 2666 1490 2739 succum

193 2755 225 2810 ad
250 2755 363 2826 sipiares
390 2768 459 2827 quae
484 2753 564 2809 cuius
588 2755 699 2828 generis
720 2757 788 2816 sint,
812 2756 878 2811 satis
898 2754 1074 2811 declarabunt
1095 2754 1203 2828 glossae
1224 2754 1274 2808 lrae
1292 2752 1380 2823 sortr's
1400 2757 1490 2823 porte

193 2840 239 2894 loir:
259 2839 359 2893 subires
383 2839 481 2893 tabule
504 2846 533 2894 et
550 2839 615 2911 fodi
639 2841 690 2895 snb
717 2842 762 2895 ota
777 2840 840 2895 XX
857 2856 978 2912 possus,
1005 2841 1132 2895 inuenies
1157 2842 1367 2892 monumentum
1388 2836 1490 2891 lende·

193 2925 246 2979 bilc
273 2931 301 2978 et
318 2922 470 2993 fortunam
491 2924 538 2978 bic
563 2927 699 2980 irroerrr'es.
728 2925 853 2981 Pervenit
875 2925 959 2997 igitur
980 2925 1012 2980 ad
1035 2925 1106 2980 inrue
1121 2938 1231 2995 quoquc
1256 2927 1401 2976 tractatum
1416 2920 1491 2975 Wat

197 3008 331 3064 tenlraclrii
349 3007 572 3079 (Dcraetsclrlerrds
589 3010 867 3081 Gesclrr‘cirtsquellen
884 3029 909 3082 p.
926 3009 986 3081 333)
1008 3010 1040 3064 de
1055 3008 1135 3064 Petro
1159 3007 1287 3063 indicium
1303 3007 1393 3061 ornnia
1410 3004 1442 3061 ab
1458 3023 1490 3059 eo

196 3095 303 3148 bomine
320 3093 430 3149 tractari
447 3111 548 3148 sunnrm
566 3094 751 3167 neglegentia.
775 3095 826 3151 fide
842 3093 929 3157 nullm
946 3111 1032 3167 nequo
1049 3092 1193 3166 quidquam
1211 3092 1232 3147 is
1248 3091 1281 3146 ad
1297 3108 1348 3147 nos
1364 3091 1490 3166 pertinet.

197 3177 343 3232 tradendus
358 3177 391 3232 iis
407 3177 453 3250 qui
470 3188 604 3251 quaerunt
625 3179 657 3234 de
674 3179 842 3235 mirabilibus
865 3179 943 3234 rrredii
961 3180 1027 3233 aeri.
1050 3178 1169 3244 Quorum
1194 3194 1257 3232 sanc
1274 3174 1409 3250 Apollinis
1430 3175 1490 3231 loeo

196 3262 259 3318 milri
283 3264 335 3316 erit
352 3263 374 3317 si
396 3265 442 3334 qni
465 3263 608 3338 aliqnando
629 3265 753 3328 docebit,
776 3282 919 3340 quatrinum
937 3263 976 3332 Job
998 3280 1104 3318 causam
1127 3261 1260 3318 eiusmodi
1282 3259 1405 3316 libellum
1425 3259 1491 3315 solis

198 3350 389 3403 thesaurorum
405 3348 647 3421 investigatoribus
663 3350 757 3406 utilem
774 3350 908 3407 conficere
924 3347 1036 3404 iusserit
1051 3347 1161 3403 doctum
1177 3346 1253 3402 illum
1270 3346 1315 3420 qui
1332 3345 1492 3402 credebatur

196 3435 282 3488 virum
310 3432 384 3505 regis
400 3433 556 3490 Germaniae
579 3435 698 3508 scriptor
719 3435 774 3497 vel,
798 3443 828 3489 ut
856 3434 955 3490 mavult
970 3432 1081 3494 Petrus,
1105 3431 1277 3506 imperatoris
1299 3428 1491 3489 cancellarius:

197 3517 247 3572 nisi
266 3517 337 3572 iortc
352 3519 432 3572 ctiam
450 3518 554 3574 iussum
571 3518 638 3575 illud
653 3529 683 3576 ut
699 3520 750 3575 alia
767 3519 863 3575 similia
879 3518 977 3575 Petrus
992 3525 1162 3574 commentus
1178 3525 1228 3572 est.
1246 3546 1283 3556 -
1301 3515 1380 3583 Quod
1396 3519 1492 3570 attinet

198 3602 229 3656 ad
246 3603 314 3657 lianc
330 3601 475 3657 editionem
498 3599 568 3677 (narn
589 3607 717 3660 omittere
738 3603 838 3660 librum
866 3607 960 3660 ariris
976 3602 1063 3659 doctis
1089 3602 1121 3658 ad
1137 3601 1306 3676 explicandas
1333 3607 1413 3655 notas
1435 3616 1492 3655 sae·

199 3689 308 3758 pissime
330 3687 479 3742 adlrilritum
505 3691 676 3745 commodum
698 3690 784 3761 magis
807 3690 892 3744 risum
914 3697 957 3744 est
981 3704 1059 3760 quarn
1083 3694 1171 3741 tutum
1194 3684 1262 3757 iore)
1285 3693 1378 3759 spreta
1395 3684 1492 3739 Veneta

198 3771 316 3826 editione
334 3766 404 3846 (V),
435 3774 487 3827 uisi
518 3775 590 3845 quod
621 3773 777 3849 speciminis
808 3792 889 3830 causa
919 3773 1017 3828 rrrriarn
1047 3771 1106 3826 eius
1135 3769 1278 3826 lectionem
1308 3770 1442 3843 adscripsi
1467 3772 1493 3825 irr

199 3856 381 3929 praelatione,
401 3856 508 3912 exlrilrui
529 3858 649 3915 codicem
671 3859 843 3915 llarcanovac
859 3859 1018 3913 llerrrensenr
1037 3853 1078 3930 (M
1083 3853 1107 3927 );
1133 3854 1250 3912 Vaticani
1270 3855 1357 3916 euim.
1380 3856 1426 3927 qui
1442 3855 1493 3910 etsi

199 3957 228 3994 er
251 3941 345 3995 eodem
368 3939 468 3997 sacculi
490 3942 696 4017 decimiquarti
719 3944 877 4018 apographo
901 3941 1052 4002 descendit,
1076 3948 1162 3995 tamen
1187 3941 1380 3997 blaccanovarro
1403 3938 1494 4012 paullo

199 4032 338 4098 praestare
354 4026 473 4087 ridetur,
500 4045 554 4082 non
576 4029 722 4083 adsuerunt
744 4030 796 4083 nisi
813 4031 908 4101 exigua
924 4027 1070 4101 specimina
1091 4041 1140 4080 nec
1164 4033 1268 4099 ternpus
1290 4023 1331 4079 rel
1347 4041 1437 4080 meum
1454 4022 1494 4078 rel

199 4111 347 4164 arnicormn
371 4118 460 4166 terere
480 4112 553 4167 volui
575 4115 601 4168 in
618 4113 791 4186 nugacissimi
814 4112 936 4169 monachi
959 4110 1079 4185 apicibus
1100 4110 1227 4166 rimandis
1249 4109 1330 4166 etad
1352 4109 1494 4183 pristinam

199 4212 275 4249 suanr
292 4202 319 4248 ct
335 4197 521 4252 intemeratam
534 4198 678 4254 stultitiam
695 4198 862 4254 revocandis.
892 4198 966 4265 Quae
981 4201 1008 4252 in
1020 4195 1149 4251 bernensi
1166 4194 1294 4268 leguntur
1309 4205 1356 4250 aut
1371 4196 1398 4250 in
1415 4194 1496 4251 litura

201 4281 328 4333 restituta
344 4288 391 4333 aut
407 4290 502 4354 postea
518 4283 658 4357 suppleta,
681 4282 883 4338 emendationes
899 4281 1002 4337 scilicet
1017 4281 1190 4337 llarcanovae
1206 4298 1273 4353 quas
1289 4282 1347 4353 ipse
1362 4286 1496 4336 memorat

202 4365 227 4418 in
244 4363 456 4436 subscriptione,
472 4369 671 4442 circumscripsi
687 4369 765 4423 uncis
781 4367 934 4440 qrradratis;
956 4365 1150 4421 lrnriolationcs
1167 4373 1230 4420 sunt
1246 4381 1335 4420 merae
1357 4373 1385 4420 et
1401 4366 1424 4420 si
1440 4364 1497 4420 lieri

200 4455 293 4522 potest
315 4448 380 4522 ipsis
396 4450 513 4506 Petrinis
539 4453 697 4508 detor-iores.
728 4451 907 4507 l‘raclationis
933 4451 1067 4525 principio
1091 4450 1233 4507 admodum
1260 4458 1393 4524 corrupto
1418 4466 1497 4524 opem

202 4534 265 4590 tulit
281 4553 294 4589 a
311 4551 352 4589 mc
369 4544 480 4609 rogatus
496 4538 609 4599 trucum
635 4544 774 4610 praeterea
791 4546 891 4593 textum
909 4553 962 4592 non
979 4536 1073 4608 attigi,
1090 4536 1141 4592 nisi
1158 4535 1232 4609 qnod
1248 4535 1348 4609 glossis
1370 4551 1401 4590 cx
1418 4535 1498 4609 Papia

203 4621 295 4691 petitis
311 4621 471 4677 asteriscum
487 4622 641 4696 praeposui,
658 4621 799 4678 Probiarris
815 4622 914 4679 codicis
929 4621 1105 4678 Einsidlensis
1121 4623 1267 4678 asteriscos
1283 4620 1371 4675 binos.
