3346 5506
222 351 284 415 raa
798 350 941 432 [eruar]

290 495 296 507 .
362 467 430 508 .ι.
1329 496 1336 510 .
1461 499 1467 513 .

223 537 262 598 sis
273 467 633 617 Ι,εγιῆῗιιιιίεΡιιιιιιιίιιιιιιιιι,
657 537 680 596 is
704 543 732 599 et
753 536 818 598 bus,
862 541 888 598 is
909 535 1017 617 syllaba
1039 555 1158 617 semper
1178 539 1269 619 longa
1290 469 1430 602 ogig-cll
1443 469 1514 603 baec

222 639 371 699 interdum
392 657 479 699 unam
500 640 508 698 i
530 637 656 699 litteram
676 637 775 708 habet,
799 637 856 722 ut}

375 741 403 799 it
425 758 551 800 comes
575 747 609 799 ct
631 739 786 819 paribus
811 742 913 801 curis
934 741 1096 819 vestigia
1116 742 1218 821 ligii:

223 839 377 901 interdum
395 839 542 919 duplicem
563 841 727 903 secundum
746 841 904 920 singularis
923 844 1051 920 genetivi
1074 848 1104 904 et
1126 843 1293 905 nominativi
1313 843 1440 923 pluralis
1459 845 1517 906 ior·

198 960 313 1012 amam,
336 951 368 1004 ut
390 943 602 1022 ‘correptis
624 942 750 1004 subito
772 944 924 1005 mediis'
947 943 1009 1025 [ut]
1032 951 1061 1006 et

376 1062 502 1105 saxum
525 1045 659 1121 ingens
680 1044 834 1106 volvunt
855 1044 922 1106 alii
942 1048 1144 1123 radiisque
1165 1053 1344 1109 rotarum.

224 1146 273 1205 liic
291 1164 408 1224 tyrioque
430 1163 525 1216 casus,
548 1154 581 1205 ut
601 1149 796 1208 nominativus
818 1145 949 1225 pluralis,
970 1147 1180 1226 paenultimam
1200 1147 1320 1210 brevem
1341 1149 1422 1211 iacit.
1467 1149 1518 1211 bus

224 1254 322 1307 antem
339 1245 448 1325 syllaba
470 1266 587 1326 semper
609 1247 707 1309 brevis
724 1255 783 1309 est:
803 1245 981 1326 paenultima
1003 1266 1121 1330 qnoque
1144 1251 1314 1329 corripitur.

311 1348 353 1408 De
381 1350 537 1426 postremis
565 1348 685 1429 syllabis
700 1346 713 1432 ΙΙ
727 1351 896 1420 nominum,
926 1352 1121 1430 inquantum
1150 1350 1310 1424 voluimus,
1338 1351 1518 1433 disputatum

190 1469 214 1511 ro
227 1457 280 1510 est.
325 1468 405 1511 nunc
427 1449 464 1511 ad
487 1454 662 1530 pronomina
684 1452 844 1512 veniamus.

760 1632 795 1674 DE
810 1632 986 1675 PltONllllllllli.

312 1756 490 1817 Pronomiua
521 1758 658 1835 quoniam
692 1773 752 1816 uon
783 1755 907 1834 plurima
938 1763 1008 1816 sunt
1032 1773 1131 1835 neque
1160 1755 1373 1838 multiplicibus
1403 1757 1518 1839 syllabis

227 1856 284 1918 late
306 1856 444 1925 distenta,
474 1857 583 1918 idcirco
612 1876 669 1917 non
701 1864 814 1918 tanturn
845 1858 881 1917 de
912 1858 1070 1936 postremis
1102 1856 1222 1937 syllabis
1252 1877 1374 1929 eornm,
1405 1860 1461 1922 sed
1486 1860 1518 1923 dr

227 1957 365 2019 omnibus
387 1958 552 2036 disputabo.

189 2080 214 2121 ra
311 2060 491 2121 Pronomina
513 2059 679 2141 personalia
701 2067 770 2121 sunt
795 2059 883 2131 haec,
912 2077 968 2138 ego
991 2059 1102 2122 tuille.
1148 2062 1263 2139 primae
1290 2079 1439 2139 personae
1468 2079 1518 2140 egr

227 2160 341 2222 duabus
357 2161 496 2223 brevibus
514 2169 636 2230 constat,
656 2169 688 2222 nt
709 2163 770 2222 ‘en
791 2180 857 2239 ego
881 2163 979 2222 victa
1001 2163 1094 2223 sitn'
1120 2171 1149 2224 et
1170 2162 1250 2224 ‘hic
1272 2181 1341 2243 ego
1363 2182 1518 2246 namqui

227 2272 307 2324 tuas
330 2267 377 2324 s.'.
421 2262 577 2342 aliquando
600 2270 699 2325 tamen
722 2263 821 2324 ultima
843 2262 930 2341 longa
952 2280 1017 2324 esse
1038 2271 1137 2341 potest
1157 2264 1320 2326 secundum
1343 2272 1486 2328 naturam
1506 2286 1518 2327 ι

225 2362 338 2426 litterae
362 2364 482 2434 vocalis,
511 2384 587 2445 quae
612 2365 784 2444 frequenter
814 2366 845 2425 in
868 2365 969 2426 ultimo
998 2364 1115 2443 quidem
1145 2367 1270 2444 produci
1296 2384 1388 2444 quarn
1413 2369 1518 2447 corrip¹

227 2474 332 2543 potest.
376 2468 528 2544 genetivus
555 2467 642 2528 lanius
670 2468 855 2547 pronominis
882 2486 918 2528 ex
940 2466 1021 2527 brevi
1050 2473 1079 2528 et
1101 2465 1188 2543 longa
1215 2473 1344 2538 constat,
1373 2472 1518 2530 ‘securi

188 2566 351 2646 ropelagi
372 2577 481 2647 atque
511 2570 606 2630 mei'.
651 2569 766 2630 dativus
786 2569 935 2630 interdum
961 2587 996 2629 ex
1025 2567 1140 2628 duabus
1161 2567 1301 2629 brevibus
1329 2577 1462 2640 constat,
1493 2581 1518 2632 ut

226 2671 302 2729 ‘est
328 2669 415 2730 mihi
439 2689 596 2749 namque
619 2671 750 2739 domi';
785 2671 934 2732 interdum
963 2688 999 2732 ex
1023 2669 1105 2731 brevi
1127 2675 1156 2730 et
1177 2667 1280 2748 longa,
1300 2680 1333 2733 ut
1355 2670 1436 2733 ‘dic
1457 2687 1518 2749 aga

227 2788 383 2848 nauaque
406 2772 495 2832 mihi
522 2771 668 2833 lallax'.
713 2772 772 2832 hoc
801 2778 898 2832 numm
924 2771 1102 2850 regulariter
1124 2771 1327 2850 accipiendum
1355 2780 1418 2842 est,
1444 2773 1518 2851 quoi

228 2873 301 2934 baec
319 2876 504 2950 pronomina,
528 2874 601 2934 milri
620 2873 683 2948 tibi,
707 2874 879 2934 {novissimas
901 2872 1027 2953 syllabas
1056 2880 1086 2934 et
1107 2874 1271 2951 corripiunt
1291 2879 1321 2934 et
1341 2873 1518 2954 producunt

228 2974 333 3053 longae
351 2985 420 3037 sunt
443 2978 471 3036 in
489 2977 535 3036 his
551 2975 701 3046 versibus,
724 2974 802 3034 ‘dic
824 2991 892 3052 age
914 2992 1070 3054 namque
1092 2974 1198 3035 mibi’
1222 2981 1252 3035 et
1269 2974 1399 3037 ‘leole
1422 2993 1518 3038 nam·

189 3093 298 3155 saque
323 3077 429 3146 tibi’;
467 3078 573 3138 breves
601 3079 631 3137 in
656 3077 717 3152 his,
746 3076 851 3137 ‘sunt
878 3075 966 3136 mibi
994 3074 1051 3135 bis
1078 3080 1238 3155 septem'
1266 3082 1296 3136 et
1321 3075 1421 3137 ‘nam
1453 3077 1518 3139 tibi

228 3177 383 3258 Tymbre
414 3184 552 3257 capnt’.
597 3180 780 3240 accusativus
811 3179 959 3239 vocativus
989 3175 1132 3238 ablativus
1164 3176 1282 3255 longam
1313 3176 1441 3248 habeut,
1477 3198 1518 3240 ιιιι

228 3299 246 3341 o
275 3300 290 3340 a
320 3299 380 3349 me,
413 3290 446 3340 ut
474 3277 478 3362 l
509 3280 582 3340 ‘ine
615 3299 668 3341 me
701 3280 830 3341 adsum
861 3279 934 3357 qui>
962 3278 1054 3339 leci'
1092 3286 1122 3339 et
1154 3281 1189 3339 ‘o
1222 3279 1336 3340 decus
1368 3278 1518 3342 ltaliae=

228 3390 257 3443 et
285 3387 355 3443 ‘me
387 3382 479 3442 duce
516 3382 750 3443 Dardanius’.
798 3383 866 3440 item
904 3379 1030 3458 pluralis.
1058 3381 1252 3441 nominativus
1285 3387 1314 3441 et
1340 3384 1518 3443 accusativus

228 3486 342 3562 primae
367 3492 395 3545 et
414 3485 561 3545 secundae
585 3501 730 3561 personae
752 3481 870 3562 syllabis
888 3480 983 3560 longis
1005 3489 1155 3550 curastant,
1181 3499 1231 3541 vos
1253 3489 1283 3542 et
1301 3499 1365 3542 nos.
1412 3486 1518 3559 geneti·

189 3598 281 3644 ιιιιιιε
305 3587 334 3645 in
362 3585 500 3646 omnibus
527 3586 661 3664 personis
692 3603 720 3643 ιιι
747 3583 843 3644 littera
871 3586 1044 3644 torruinatus
1072 3583 1193 3644 brevem
1221 3582 1309 3644 babet
1336 3582 1487 3653 ultiutam‚
1516 3591 1518 3610 ³

227 3685 322 3746 littera
344 3688 442 3748 linitus
462 3687 590 3764 longam,
612 3695 644 3747 ut
666 3685 735 3746 ‘nil
759 3688 881 3745 nostri
902 3685 1103 3745 rniscrere'
1127 3692 1156 3745 et

380 3796 491 3866 atque
514 3791 653 3848 utinam
676 3806 717 3847 ex
740 3786 843 3846 vobis
865 3804 960 3847 iarius
982 3788 1175 3866 vestrique
1197 3786 1359 3848 inissem.

227 3888 339 3951 dativus
359 3900 387 3951 et
407 3889 548 3950 ablativus
571 3888 686 3950 duabus
714 3888 810 3965 longis
836 3895 980 3949 coustant.
1027 3890 1095 3948 item
1119 3889 1249 3949 secunda
1270 3905 1398 3966 persona
1428 3892 1518 3949 nomi·

228 3994 316 4051 nativi
339 3991 496 4070 singularis
520 3990 636 4069 longam
663 3990 768 4058 babet,
799 3997 830 4050 ut
857 3992 913 4049 ‘tu
941 3994 1114 4069 quoque’.
1157 3991 1308 4066 genetivus
1332 4008 1367 4050 ex
1391 3990 1476 4052 brevi
1497 4003 1518 4052 et

191 4102 216 4141 ιτ»
231 4090 316 4168 longa
343 4101 465 4164 constat,
489 4101 521 4154 ut

300 4261 451 4313 lisuttero
469 4265 522 4313 loco
540 4278 586 4310 om.
606 4261 631 4310 B
703 4259 766 4325 att]
791 4264 870 4326 νειμ.
889 4260 955 4312 Aen.
975 4260 1008 4309 Vt
1032 4260 1080 4310 159
1163 4258 1332 4326 beornptis]
1357 4261 1437 4328 νειμ.
1457 4261 1518 4313 Aera

228 4330 317 4380 Χ407
389 4330 526 4394 bsaxurn]
548 4331 707 4395 Verp.Aen.
727 4331 831 4381 Vlltltl
902 4331 1030 4391 radiisque
1048 4337 1159 4379 rotarum
1177 4347 1225 4380 osu.
1244 4330 1269 4379 B
1325 4332 1355 4382 td
1375 4328 1419 4396 en]
1443 4333 1518 4396 νειμ

228 4402 292 4450 Aen.
315 4400 358 4449 Vll
377 4403 429 4451 452
499 4399 550 4465 liic]
576 4400 735 4466 Ver·y.Aen.
759 4401 841 4450 Vita
913 4400 1065 4462 tequidem
1085 4410 1135 4449 tam
1156 4401 1297 4463 producis
1370 4398 1402 4451 lll
1418 4416 1518 4453 securus

228 4485 259 4526 ς;
282 4471 360 4534 νειμ.
379 4470 443 4522 Aen.
466 4470 511 4520 Vll
528 4471 579 4523 304
684 4473 714 4521 21
736 4468 784 4535 est]
807 4472 886 4532 νειμ.
904 4469 984 4520 bucol.
1001 4468 1027 4532 3,
1045 4468 1079 4519 33
1168 4468 1221 4535 dic]
1242 4470 1322 4535 νειμ.
1338 4469 1404 4519 Αειι.
1421 4471 1457 4521 Vl
1473 4470 1518 4523 ili

297 4537 710 4605 atate0t21VapAendda
799 4540 832 4589 25
851 4536 920 4603 suut]
943 4540 1021 4602 νειμ.
1042 4539 1107 4592 Αειι.
1129 4540 1138 4586 l
1159 4541 1190 4591 71
1262 4537 1333 4604 nam]
1356 4540 1437 4603 νειμ.
1456 4539 1518 4591 Aen

229 4608 317 4659 x3ttt
390 4609 423 4658 sc
442 4612 580 4659 accrasutib.
601 4610 709 4660 uocatib.
731 4610 810 4671 (corr.
831 4607 948 4672 ublatib.)
968 4607 1068 4673 longum
1087 4608 1112 4658 B
1181 4610 1214 4661 ‘27
1232 4624 1272 4659 ure
1292 4606 1343 4673 ιιιε]
1367 4608 1518 4675 νενμοάειε

228 4678 296 4727 Vllll
312 4679 363 4728 427
452 4695 466 4729 o
486 4677 574 4742 clectis]
598 4683 678 4742 νειμ.
698 4679 762 4729 Aen.
782 4679 816 4727 Xl
832 4677 883 4728 508
979 4677 1014 4728 28
1032 4688 1060 4726 nt
1079 4694 1118 4728 ure
1137 4680 1177 4729 B:
1198 4681 1277 4747 νειμ.
1292 4678 1359 4730 Aen.
1377 4676 1404 4727 Χ
1419 4678 1456 4732 02

228 4747 260 4866 {l
281 4747 342 4796 nibil
364 4749 401 4807 B,·
423 4749 502 4814 νειμ,
515 4749 593 4801 bucol.
615 4750 666 4810 2,7
738 4747 771 4798 32
792 4747 921 4809 nestrlvpue
939 4761 956 4804 ς
975 4750 1104 4810 nostrique
1122 4749 1147 4798 B
1208 4749 1243 4801 at
1260 4758 1287 4799 tu
1306 4744 1421 4815 numne]
1443 4746 1518 4811 7η.

256 4833 295 4870 en.
318 4818 392 4868 Vill
