3314 5506
721 384 931 450 suessano
1252 474 1261 487 ι
1376 395 1474 445 seru

183 570 308 636 Bebelii
324 580 395 637 arte
416 571 636 637 versificandi.
665 572 881 658 antiquiorem
903 568 978 634 libri
1000 568 1137 633 formam
1159 569 1282 654 primus
1304 569 1474 633 restituere

182 672 309 738 studuit
329 672 506 738 Putschius
533 675 766 760 Bongarsianis
789 674 881 737 libris
904 671 1051 750 adiutus,
1073 679 1111 734 ut
1132 669 1228 751 dicit,
1251 674 1321 735 'ars
1343 669 1384 734 de
1402 691 1475 735 cen·

180 784 247 838 tum
273 777 389 840 metris
420 797 464 841 ex
490 774 582 840 libris
606 777 779 862 Bongarsii
806 773 955 860 plurimis
983 772 1063 837 locis
1090 782 1187 836 aucta
1212 782 1245 836 et
1273 772 1473 837 emendata’.

178 875 274 962 plura
301 875 489 942 emendavit
510 877 708 943 Laurentius
731 877 919 956 Sentenius,
947 875 1004 962 qui
1024 873 1191 939 codicibus
1217 896 1317 938 manu
1344 874 1475 959 seriptis

179 988 212 1042 et
235 979 407 1044 veteribus
437 979 634 1045 editionibus
668 979 824 1045 adhibitis
857 977 1062 1042 emendatum
1095 974 1170 1041 libri
1203 985 1329 1041 textum
1360 975 1474 1061 paucis

179 1081 375 1175 coniecturis
396 1080 431 1145 in
451 1081 596 1166 margine
623 1081 743 1147 additis
771 1078 873 1145 edidit
895 1101 926 1144 a.
951 1078 1085 1164 1788.*)
1128 1100 1326 1165 quamquam
1345 1078 1373 1142 is
1396 1099 1473 1165 quo-

179 1204 241 1269 qne
261 1203 326 1249 nec
348 1182 480 1269 optimis
501 1205 579 1247 usus
602 1194 652 1249 est
673 1182 840 1249 codicibus
863 1190 898 1246 et
917 1181 1053 1245 nimium
1082 1181 1198 1245 tribuit
1219 1180 1384 1247 veteribus
1408 1178 1474 1244 edi·

179 1283 340 1364 tionibus,
364 1307 501 1370 quarum
521 1283 613 1349 nulla
633 1286 809 1351 auctoritas
832 1294 892 1349 est.
936 1292 1010 1368 post
1037 1281 1122 1347 hunc
1148 1281 1230 1347 nihil
1256 1282 1333 1347 novi
1364 1278 1476 1345 attulit
1568 1355 1576 1371 ·

180 1385 348 1451 Francisci
363 1383 490 1452 Nicolai
504 1386 627 1452 Kleinii
650 1385 749 1452 editio
770 1388 805 1451 in
826 1386 1002 1472 scriptione
1017 1383 1212 1450 scholastica
1226 1382 1473 1448 confluentibus
1559 1425 1566 1438 ·

181 1509 210 1551 s.
232 1494 319 1558 1824
341 1488 498 1570 exhibita,
523 1489 649 1554 ‘Mauri
672 1487 777 1553 Servii
800 1487 1005 1574 grammatici
1029 1507 1082 1551 ars
1108 1485 1301 1551 decentum
1322 1485 1433 1550 metris
1456 1505 1475 1548 e

181 1589 294 1655 codice
316 1598 427 1655 vetere
447 1600 621 1656 correcta’.
651 1613 725 1655 nam
740 1611 936 1677 quamquam
950 1587 1209 1653 Dasmstadieusi
1230 1587 1356 1669 codiee,
1378 1608 1476 1674 quem

182 1713 281 1778 supra
306 1692 466 1774 indicavi,
493 1714 573 1758 usus
600 1704 664 1773 est,
692 1703 801 1758 tamen
829 1713 934 1779 neque
962 1689 1067 1756 codex
1095 1690 1344 1776 interpolatione
1366 1690 1473 1769 vacat,

183 1794 265 1859 sicut
291 1792 342 1859 illi
369 1795 478 1859 visum
504 1803 569 1876 est,
601 1815 707 1882 neque
727 1795 799 1880 ipse
821 1794 863 1859 ad
885 1795 955 1858 eius
977 1791 1345 1858 auctoritatemlibrum
1367 1789 1474 1857 Servii

184 1896 307 1980 exegit,
341 1895 403 1961 sed
429 1895 576 1961 Santonii
604 1896 825 1962 recensionem
852 1904 983 1961 secutus
1009 1893 1262 1981 discrepantiam
1290 1893 1412 1959 codicis
1439 1901 1473 1957 et

172 1998 362 2084 seriptum
383 2006 531 2063 veterum
551 1998 727 2064 editionum
740 1998 777 2062 in
790 1998 999 2063 adnotatione
1014 1997 1166 2078 subiecit,
1188 2019 1291 2084 eaque
1305 1997 1353 2061 ita
1367 1995 1476 2083 dispo-

183 2101 259 2179 suit,
288 2111 328 2165 ut
358 2121 455 2187 saepe
480 2100 628 2186 intellegi
648 2109 804 2189 nequeat,
831 2099 911 2186 quid
931 2101 966 2165 in
987 2098 1098 2164 codice
1119 2101 1278 2186 scriptum
1298 2100 1351 2164 sit
1394 2099 1475 2164 San·

184 2200 260 2266 tenii
288 2201 512 2267 recensionem
537 2203 669 2290 repetiit
696 2202 795 2268 etiam
816 2201 1024 2268 Gaisfordius
1046 2203 1080 2267 in
1109 2201 1322 2288 scriptoribus
1343 2199 1473 2265 Latinis

184 2304 227 2368 rei
253 2304 412 2369 metricae
439 2303 560 2370 Oxonii
586 2328 617 2370 a.
640 2313 723 2377 1837
750 2304 872 2370 additis
900 2303 1000 2369 variis
1029 2305 1200 2391 scripturis
1227 2325 1301 2368 cum
1327 2313 1474 2368 veterum

185 2404 364 2472 editionum
384 2416 455 2472 tum
476 2406 614 2471 duorum
634 2406 783 2473 codicum
802 2405 1064 2472 Bodleianorum.
1184 2451 1188 2456 ,

264 2508 307 2573 In
328 2517 423 2573 tanta
441 2507 544 2593 igitur
570 2508 728 2574 librorum
754 2530 853 2572 manu
879 2509 1073 2595 scriptorum
1095 2518 1129 2573 et
1150 2508 1227 2573 olim
1252 2509 1475 2596 inpressorum

186 2608 373 2675 diversitate
399 2609 531 2675 facilius
558 2610 622 2676 fuit
648 2612 824 2696 genuinam
846 2609 1146 2698 antiquissimorum
1167 2611 1316 2676 codicum
1338 2609 1475 2698 scriptu·

186 2733 252 2776 ram
272 2712 464 2793 restituere,
492 2735 589 2799 quam
611 2713 690 2800 quid
715 2722 832 2801 postea
852 2712 1103 2801 interpolatione
1123 2714 1407 2798 grammaticorum
1428 2712 1475 2777 in·

186 2823 313 2878 rectum
334 2813 380 2878 sit
400 2823 476 2879 ante
498 2815 609 2880 oculos
630 2837 761 2902 ponere.
789 2837 865 2879 nam
884 2813 1119 2902 Neapolitanus
1139 2816 1245 2882 codex
1265 2815 1313 2881 ita
1332 2814 1475 2902 reliquos

189 2936 297 2981 omnes
312 2915 460 3004 bonitate
474 2917 655 3003 scripturae
676 2915 851 2997 antecellit,
873 2929 924 2999 ut,
948 2918 1005 2982 ubi
1027 2918 1097 2983 eius
1116 2919 1309 2984 auctoritate
1324 2918 1373 2982 uti
1387 2917 1475 2997 licet,

186 3039 265 3082 unus
287 3017 359 3082 lere
380 3018 424 3083 sd
445 3040 557 3083 veram
579 3019 771 3105 scripturam
790 3020 1049 3085 constiurendam
1071 3019 1226 3086 sufficiat.
1255 3021 1289 3086 in
1304 3021 1345 3085 iis
1368 3028 1476 3085 autem

186 3141 265 3204 quse
287 3120 323 3183 in
345 3118 402 3183 illo
423 3121 605 3206 perierunt,
627 3118 681 3184 vel
702 3120 863 3207 siquando
885 3121 1037 3187 librarius
1059 3124 1223 3210 peccavit,
1246 3124 1326 3188 satis
1347 3120 1474 3186 firmum

186 3221 382 3305 praesidium
404 3232 554 3306 paratum
575 3233 626 3287 est
646 3222 795 3287 Parisino
822 3237 856 3287 et
877 3221 1075 3288 Santeniano
1096 3225 1224 3305 codice,
1251 3245 1357 3312 neque
1384 3222 1475 3310 quid·

186 3344 280 3407 quam
301 3323 392 3410 quod
413 3323 478 3387 lide
500 3323 634 3409 dignum
655 3325 698 3389 sit
717 3346 760 3388 ex
780 3324 916 3411 reliquis
939 3326 1074 3391 accedit.
1105 3325 1163 3391 sed
1185 3338 1318 3413 propter
1332 3336 1475 3391 veterem

186 3424 411 3489 auctoritatem
443 3424 711 3511 interpolatorum
740 3427 991 3514 exemplarium,
1024 3427 1143 3514 quibus
1176 3426 1253 3493 olim
1285 3449 1396 3493 omnes
1423 3425 1476 3492 usi

186 3537 272 3605 sunt,
309 3548 353 3590 ne
379 3525 495 3591 borum
521 3527 652 3613 quidem
679 3528 841 3615 scriptura
867 3551 1001 3617 prorsus
1028 3530 1203 3596 videbatur
1228 3529 1336 3595 omitti
1366 3550 1474 3617 posse.

186 3649 284 3711 qnare
305 3638 438 3714 praeter
459 3627 757 3714 antiquissimorum
776 3630 926 3696 codicum
948 3630 1214 3719 discrepantiam,
1243 3655 1327 3720 quae
1347 3632 1478 3718 integra

186 3728 333 3794 exhibita
360 3740 426 3810 est,
459 3739 606 3795 veterum
638 3732 817 3797 editionum
852 3733 1062 3819 scripturam,
1097 3734 1154 3799 ubi
1182 3757 1264 3821 opus
1291 3732 1475 3814 videbatur,

185 3829 346 3911 iudicari,
373 3840 413 3894 nt
438 3830 697 3916 intellegeretur,
724 3856 789 3919 quo
814 3835 912 3900 modo
937 3835 1019 3901 haec
1048 3836 1125 3901 olim
1154 3838 1276 3924 scripta
1297 3836 1475 3918 let-rentum

185 3953 289 4017 pauca
309 3933 410 3998 etism
431 3954 475 3998 ex
488 3933 751 4000 Dermstediensi
772 3936 885 4002 codice
906 3947 996 4003 etex
1011 3938 1232 4004 Laurentiano
1247 3950 1298 4020 47,
1320 3949 1340 4012 8
1362 3940 1476 4026 quinto

186 4032 309 4099 decimo
330 4033 464 4099 saeculo
484 4034 622 4123 scripto,
644 4060 708 4124 quo
722 4060 842 4123 genere
856 4038 1014 4105 librorum
1028 4041 1248 4127 antiquissimi
1269 4040 1411 4106 editores
1424 4040 1477 4104 usi

187 4145 273 4218 sunt,
296 4135 471 4223 adscripsi.

264 4238 370 4304 Libro
385 4238 570 4304 decentum
583 4242 696 4306 metris
709 4243 834 4308 subieci
848 4243 996 4310 libellum
1015 4246 1062 4311 de
1083 4242 1221 4311 metris
1235 4244 1476 4310 Horatianis

187 4339 292 4424 ipsum
312 4360 446 4427 quoqne
459 4339 566 4406 Servii
586 4343 714 4409 nomine
735 4346 943 4432 inscriptum,
966 4347 1022 4433 qni
1045 4368 1087 4410 ex
1101 4346 1214 4413 codice
1228 4347 1376 4412 Parisino
1392 4354 1476 4416 7530

188 4440 210 4504 f.
229 4449 359 4513 35—38
385 4464 475 4508 nunc
504 4445 644 4529 primum
670 4444 778 4511 editus
806 4458 865 4512 est
908 4470 1013 4534 neque
1041 4447 1109 4513 ulla
1130 4449 1201 4514 eius
1223 4448 1298 4514 libri
1319 4448 1477 4512 memoria

253 4613 283 4677 ¹)
293 4612 380 4665 Harii
392 4612 484 4666 Servii
491 4615 627 4669 Honorati
639 4618 829 4671 centimetrum
842 4636 876 4671 ex
888 4622 1084 4672 vetustissimis
1096 4621 1299 4687 exemplaribus
1311 4623 1475 4670 correctum.

190 4696 318 4765 Lageam
338 4698 508 4750 Batesomm
530 4701 602 4769 apud
624 4702 936 4756 &celebraremus
959 4705 1286 4760 cmlocctxxxvm.
1304 4720 1322 4753 s
1340 4702 1475 4754 Sentenio

190 4788 316 4847 paratus
338 4798 402 4833 esse
423 4783 569 4837 editionem
591 4788 708 4855 adparet
729 4806 763 4840 ex
784 4792 858 4842 notis
876 4791 1002 4841 Sentenii
1025 4796 1054 4841 et
1072 4791 1208 4856 Lennepii
1231 4792 1260 4839 in
1276 4787 1474 4838 Terentianum

190 4864 318 4919 Ιωιι
334 4884 363 4934 p.
380 4868 431 4919 m
449 4875 478 4919 et
492 4871 552 4924 488.
