3314 5506
222 371 262 435 aa
350 334 352 339 ’
809 371 919 434 raom

272 501 295 543 p.
308 488 407 530 tam-tt
422 489 446 530 Ρ.
1290 500 1320 540 p.
1336 489 1417 530 1²7.ae
1432 488 1456 532 b.

200 561 300 639 ·pitor
319 568 442 638 excepto
459 580 503 632 oo,
526 563 577 638 qui
599 563 629 622 in
651 562 785 638 genetivo
805 580 824 622 u
845 559 934 621 babet
949 569 1016 620 arato
1038 560 1223 619 novissimam
1237 558 1377 640 syllabam
1395 559 1506 622 baben-

223 671 282 725 tem
304 663 455 724 dumtaxat
476 655 695 725 consonantem.
737 681 807 724 nam
830 681 903 724 anus
932 668 961 722 et
981 680 1031 723 sus
1058 662 1142 722 aunis
1164 670 1192 722 et
1213 663 1273 723 suis
1303 661 1414 724 babent
1443 665 1506 744 qui-

221 766 289 827 dem
309 766 339 825 in
358 765 492 843 genetivo
513 784 532 826 ιι
552 772 620 827 autc
641 765 828 826 novissimam
850 763 999 844 syllabam,
1018 771 1115 825 umen
1135 763 1344 843 corripiuntur,
1368 766 1506 845 quoniam

221 868 283 947 ipsa
304 867 459 928 novissima
479 864 589 947 syllaba
611 868 746 944 genetivo
767 873 976 941 consonantem
999 883 1057 926 nou
1079 865 1177 927 babet.
1219 883 1292 944 guas
1313 868 1418 928 tertiae
1439 873 1507 931 sunt

195 968 434 1039 sdeclinationis,
456 971 493 1030 tis
516 969 626 1030 iaciunt
645 971 787 1046 genetivo,
812 985 957 1048 praegnas
979 969 1156 1046 praegnatis.
1200 985 1273 1044 goes
1295 967 1428 1030 similiter
1449 976 1507 1030 ter·

220 1073 277 1133 tiae
296 1079 365 1133 sunt
385 1069 605 1140 declinationis,
627 1087 749 1147 magnes
769 1069 925 1148 magnetis,
952 1069 1099 1149 eubiqoe
1121 1070 1274 1149 producta.
1319 1073 1382 1149 gnis
1404 1071 1507 1134 tertiae

220 1182 289 1236 sunt
315 1172 439 1235 similem
465 1172 599 1234 laniantia
614 1168 809 1255 “genetivum
832 1172 1026 1242 nominativo,
1055 1173 1129 1250 ignis
1149 1171 1236 1234 buius
1257 1173 1348 1251 ignis,
1372 1180 1402 1233 et
1424 1174 1506 1252 siqua

220 1275 297 1339 talia.
342 1292 511 1352 gnoa:·uon
534 1274 630 1335 inveni
651 1273 708 1335 bac
729 1272 838 1353 syllaba
857 1292 964 1335 nomen
986 1275 1110 1335 linitum.
1144 1289 1220 1351 gnus
1241 1276 1338 1336 omnia
1360 1275 1507 1337 secundae

219 1384 287 1439 sunt
308 1375 511 1439 declinationis
533 1378 583 1454 gni
608 1376 743 1437 facientia
767 1376 917 1454 genetivo,
945 1393 1037 1454 agnus
1067 1377 1150 1455 agni,
1178 1394 1303 1455 maguus
1330 1378 1447 1456 magni,
1478 1385 1507 1440 ct

181 1501 205 1543 ιι
219 1480 300 1560 siqua
324 1479 402 1540 talia.

305 1582 361 1642 Pas
388 1581 501 1642 Graeca
524 1587 594 1640 sunt
619 1579 722 1640 tertiae
750 1563 965 1649 declinationis,
1000 1578 1045 1639 dis
1071 1579 1182 1642 iaciunt
1211 1584 1360 1658 genetiuo,
1392 1578 1505 1660 lampas

219 1682 362 1761 lampadis
385 1689 414 1744 et
435 1680 548 1744 similia.
593 1681 814 1763 pesproducta
835 1680 935 1742 Latina
956 1679 1000 1742 rel
1022 1681 1135 1743 Graeca
1161 1685 1263 1747 tertiae
1290 1691 1360 1744 snm
1379 1682 1505 1744 declina·

193 1778 322 1854 tionis,
356 1784 403 1862 pis
430 1784 538 1845 iaciant
563 1784 715 1861 genetivo,
748 1801 863 1862 puppes
886 1783 994 1862 puppis
1021 1782 1125 1863 [tullos
1152 1781 1264 1866 rallis],
1298 1802 1388 1863 rupes
1415 1786 1505 1864 rupis,

221 1885 322 1967 vulpes
337 1885 440 1965 culpis,
464 1893 587 1964 excepto
607 1905 666 1948 uno
689 1883 898 1965 monosyllabo,
919 1886 998 1964 quod
1022 1885 1068 1945 dis
1090 1886 1159 1947 iacit
1176 1887 1319 1963 genetivo,
1342 1904 1395 1964 pes
1414 1887 1506 1964 pedis.

183 2011 207 2053 n
220 2008 255 2051 ex
278 2009 313 2051 eo
335 1989 459 2068 ligurata
481 1989 681 2067 corripiuntur
700 1995 730 2049 et
751 1987 795 2048 dis
818 1986 929 2047 iaciunt
949 1987 1098 2064 genetivo,
1120 1987 1211 2066 alipes
1235 1987 1367 2067 alipedis,
1390 1990 1508 2068 sonipes

195 2091 379 2170 sonipedis.
415 2107 506 2151 uuum
529 2091 672 2169 excipitur
694 2090 731 2150 ab
754 2109 790 2152 eo
813 2077 959 2156 tractum,
974 2089 1052 2168 quod
1074 2091 1103 2150 in
1126 2091 1302 2150 nominativo
1324 2091 1506 2171 producitur,

220 2194 250 2255 in
270 2194 406 2269 genetivo
428 2193 473 2270 pis
491 2191 570 2262 lacit,
595 2192 668 2254 baec
687 2209 759 2270 apes
781 2191 868 2253 buius
889 2192 960 2270 apis.
1005 2210 1072 2253 narn
1096 2191 1132 2252 ab
1153 2210 1187 2252 oo
1209 2192 1304 2253 dictae
1325 2210 1406 2271 apes,
1429 2193 1507 2272 quod

220 2297 283 2356 sine
303 2292 429 2372 pedibus
453 2302 628 2363 nascuntur,
657 2294 733 2354 sicut
754 2291 899 2372 Vergilius
921 2294 958 2354 de
980 2294 1026 2354 his
1053 2296 1210 2354 ‘trunca
1237 2293 1396 2373 pedum'.
1441 2313 1508 2355 nam

221 2414 308 2475 apes,
331 2396 355 2455 si
374 2413 426 2474 pas
448 2396 641 2480 corripueris,
665 2394 867 2457 barbarismos
892 2396 955 2456 erit.
1000 2414 1071 2475 apes
1092 2398 1204 2458 Graece
1227 2396 1394 2473 significans
1415 2396 1508 2457 borni·

183 2517 288 2561 nonem
312 2498 375 2559 sine
397 2496 462 2558 liliis
489 2482 612 2558 dicunt
642 2515 695 2576 pes
719 2504 855 2576 correpta
878 2497 979 2558 Latina
1008 2516 1066 2558 non
1088 2506 1214 2559 tractaa
1238 2497 1313 2576 pede
1338 2497 1375 2558 tis
1399 2497 1510 2559 iaciunt

220 2599 367 2680 genetivo,
398 2607 429 2661 ut
450 2617 577 2678 praepes
604 2600 767 2679 praepetis,
796 2599 903 2678 lrospes
930 2596 1075 2682 bolspitis,
1106 2608 1229 2679 excepto
1250 2618 1329 2687 guno,
1360 2599 1439 2678 quod
1466 2601 1509 2679 pis

221 2704 304 2772 lacit,
334 2719 393 2762 non
416 2701 467 2770 tis,
497 2719 626 2780 aucupes
654 2702 741 2765 buius
761 2703 893 2780 aucupis.
939 2720 1007 2762 nam
1038 2703 1090 2782 qui
1113 2720 1223 2782 anceps
1245 2701 1386 2772 declinat,
1420 2709 1508 2764 errat.

221 2805 318 2874 omnia
349 2820 421 2882 ceps
448 2804 603 2864 terminata
630 2804 668 2864 tis
691 2803 801 2865 iaciunt
828 2802 981 2880 genetivo,
1010 2822 1154 2883 praeceps
1183 2803 1367 2885 praecipitis,
1401 2821 1510 2883 anceps

221 2907 364 2985 ancipitis.
409 2911 562 2985 praeterea
585 2906 762 2967 nominativo
786 2904 892 2986 plurali
914 2905 1070 2967 'terentius
1098 2924 1229 2986 aucupes
1252 2908 1339 2976 dixit,
1368 2907 1509 2984 ‘pisca-

183 3028 209 3068 ιι
222 3016 323 3071 tores
349 3011 545 3085 aucupes';
577 3008 655 3069 unde
678 3007 777 3069 docuit
798 3009 975 3069 nominativo
997 3007 1139 3085 singulari
1159 3027 1290 3087 aucupes
1311 3007 1421 3069 debere
1442 3008 1508 3078 dici,

221 3128 280 3172 aon
300 3128 417 3189 auceps.
448 3127 515 3170 narn
537 3117 696 3189 aucupetes
716 3110 836 3172 dixisset
850 3129 975 3171 numero
998 3108 1114 3191 plurali.
1144 3111 1190 3189 pis
1204 3110 1305 3171 Latina
1323 3110 1369 3171 dis
1389 3110 1509 3180 iaciunt,

221 3211 294 3292 lapis
317 3212 431 3291 lapidis,
454 3213 566 3274 Graeca
585 3220 636 3273 aut
656 3213 700 3273 dis
723 3220 774 3274 aut
794 3213 854 3292 pis,
878 3214 956 3290 aspis
975 3212 1097 3290 aspidis,
1126 3213 1214 3292 iaspis
1238 3212 1370 3291 iaspidis,
1393 3211 1511 3291 Serapis

222 3314 341 3395 Serapis
364 3312 408 3375 rel
428 3314 592 3394 Serapidis,
622 3317 720 3376 omnia
742 3314 941 3376 declinationis
963 3316 1076 3375 tertiae.
1121 3314 1196 3375 baec
1215 3315 1333 3393 senapis
1356 3313 1443 3375 buius
1465 3333 1510 3375 se·

222 3417 319 3496 napis,
349 3416 426 3479 sicut
443 3415 564 3478 Plautus
584 3418 615 3477 in
635 3416 790 3482 Pseudolo.
835 3416 882 3478 alii
904 3416 1009 3478 melius
1036 3420 1145 3495 genere
1173 3424 1279 3478 neutro
1306 3414 1512 3478 indeclinabile

183 3539 210 3580 oo
223 3519 281 3580 boc
300 3520 411 3599 senapi,
434 3520 509 3580 sicut
522 3519 580 3582 boc
596 3520 717 3598 gummi.
747 3539 803 3600 pos
822 3520 1027 3601 producuntur
1052 3526 1081 3581 et
1095 3525 1163 3580 suot
1180 3517 1382 3581 declinationis
1399 3519 1510 3581 tertiae.

221 3621 247 3680 si
268 3621 329 3680 sint
349 3622 467 3699 generis
488 3622 660 3691 communis,
685 3623 722 3683 tis
745 3622 856 3683 iaciunt
878 3624 1023 3701 genetivo,
1046 3630 1078 3683 ut
1097 3621 1147 3682 bic
1167 3628 1196 3683 et
1216 3622 1289 3682 baec
1310 3639 1402 3699 nepos
1423 3620 1513 3682 buius

222 3723 351 3800 nepotis:
382 3725 512 3801 quamvis
533 3723 617 3785 multi
645 3723 718 3784 baec
740 3725 836 3802 neptis
858 3726 970 3792 dicant,
1002 3742 1059 3784 non
1082 3724 1155 3784 baec
1177 3742 1279 3803 nepos.
1326 3725 1415 3783 unius
1443 3741 1512 3784 vero

222 3824 339 3902 generis
361 3841 416 3902 pos
437 3826 592 3886 terminata
622 3827 665 3885 ris
685 3825 794 3886 iaciunt
815 3826 966 3903 genetivo,
993 3825 1041 3886 lric
1062 3824 1146 3904 lepos
1174 3826 1262 3889 buius
1281 3824 1400 3904 leporis.
1444 3843 1512 3886 nam

223 3925 303 4006 quod
323 3926 419 4005 Arpos
436 3925 577 4005 legimus,
594 3925 607 4005 d
622 3944 747 3988 numero
769 3945 886 4005 semper
910 3926 1016 4006 plurali
1036 3926 1211 3989 declinatur.
1256 3946 1312 4008 pos
1330 3935 1467 4007 correpta
1488 3929 1512 3989 si

185 4027 339 4088 uiolenta
361 4027 485 4097 luerint,
510 4028 612 4091 Latina
634 4047 694 4088 uon
716 4039 786 4090 sunt
807 4038 836 4089 et
857 4029 1004 4099 secundae
1027 4027 1228 4092 declinationis
1250 4033 1281 4111 pi
1303 4031 1440 4092 facientia
1462 4049 1512 4108 ge·

224 4130 352 4197 nativo..
374 4146 431 4208 pus
453 4129 555 4192 Latina
575 4130 722 4192 secundae
743 4139 812 4192 sunt
833 4129 1050 4201 declinationis
1078 4132 1107 4209 pi
1131 4132 1242 4195 iaciunt
1258 4135 1408 4211 genetiuo,
1427 4131 1514 4212 lupus

409 4313 447 4354 'is
529 4314 547 4354 io
625 4315 644 4354 is
721 4315 839 4369 pissaspes

297 4367 327 4420 la
346 4383 445 4435 puppes
466 4368 545 4421 ualles
568 4385 645 4436 rupes
669 4369 760 4436 uulpes
783 4378 890 4436 excepto
909 4370 943 4420 B.
980 4371 1057 4420 ‘illud
1079 4386 1169 4436 asspes
1192 4372 1321 4436 legendam
1345 4387 1401 4425 erae
1421 4371 1513 4438 alipes,

222 4437 247 4490 d.
264 4455 289 4494 e.
310 4438 401 4504 Alpea'
418 4440 521 4490 coniecit
540 4437 743 4492 Linderommosr
761 4455 854 4506 saepes
869 4442 976 4490 notuisse
993 4442 1092 4490 videtur
1107 4443 1130 4491 ia
1146 4445 1188 4507 qui
1203 4443 1250 4493 doc
1264 4441 1410 4506 adscripsit.
1437 4457 1515 4508 rupea

223 4510 311 4576 rupis,
337 4509 427 4575 rulpes
446 4510 546 4575 vulpis,
571 4527 671 4579 puppes
689 4511 795 4576 puppis,
821 4520 926 4577 excepto
945 4510 1072 4561 Sacerdos
1087 4527 1114 4575 p.
1135 4513 1169 4562 54
1251 4514 1283 4564 14
1307 4513 1398 4578 uulpes
1416 4512 1514 4578 uulpis.

223 4578 1375 4648 Ammmummwmmfflmmmmmfflwmffifflfflhwm
1432 4583 1515 4633 wa

224 4663 254 4700 co
272 4648 391 4716 ssgurata]
410 4649 537 4700 Priscian.
554 4665 581 4713 p.
601 4651 652 4702 703
739 4650 771 4701 18
787 4649 928 4718 Vergilius]
946 4667 1034 4718 georg.
1053 4652 1168 4704 1111310
1240 4652 1418 4718 ld'signilicat
1434 4652 1515 4704 homi·

224 4719 432 4770 nemsineflliia
451 4722 511 4786 (om.
531 4717 631 4782 dictant)
658 4720 787 4773 Sacerdos
803 4736 830 4784 p.
852 4724 886 4773 bl
972 4721 1226 4786 aaarrcupisnuius
1245 4724 1394 4789 aucupisB
1481 4725 1513 4775 2t

224 4787 369 4855 Terentius]
388 4786 501 4840 Euareia.
521 4791 580 4852 112,
594 4793 628 4843 at
681 4792 713 4841 27
734 4801 776 4840 aut
794 4793 834 4857 pis
850 4800 893 4841 ιιιιῑ
911 4792 960 4849 dis,
981 4801 1006 4839 ut
1025 4793 1104 4856 iaspis
1121 4790 1198 4842 buius
1217 4795 1296 4859 iaspis
1315 4793 1356 4844 uel
1375 4793 1516 4860 iaspidis5

217 4847 232 4892 t
295 4859 329 4910 ao
348 4860 373 4907 n
391 4862 550 4927 pseudorege
569 4861 613 4912 n:
632 4863 718 4912 rraoe.
739 4861 832 4914 reme.
854 4863 887 4911 ιιι
907 4865 931 4923 n,
950 4862 984 4912 aa
1003 4863 1040 4927 (ι.
1059 4861 1111 4912 arr
1130 4861 1166 4925 a)

548 5128 560 5169 i
