3314 5506
225 388 287 450 416
806 383 929 446 sunni

1288 504 1311 546 p
1324 491 1425 535 tvos-as
1436 490 1460 535 r.

224 571 341 649 paniam
374 573 494 649 pergo’,
525 569 580 630 ‘dc
605 571 762 650 Campania
792 573 906 644 venio',
929 572 979 631 ‘in
1000 570 1157 651 Campania
1177 575 1271 635 snm'.
1313 591 1332 634 e
1364 573 1506 633 contrario

224 673 343 732 nomina
373 673 531 733 civitatium
559 690 719 752 numquam
748 673 896 751 recipiunt
921 674 1172 753 praepositiones,
1207 672 1324 754 mando
1351 674 1507 754 iunguntur

223 774 286 834 vice
309 772 525 834 adverbiorum.
564 792 665 836 verum
688 783 787 836 tamen
809 776 835 834 si
858 775 894 836 ad
917 773 1013 836 locum
1034 776 1216 854 significant,
1239 778 1398 838 accusativi
1418 776 1516 838 torma

223 875 371 955 sequenda
399 884 456 946 est,
484 885 518 938 ut
543 877 769 956 ‘Carthaginem
795 876 902 947 vado';
929 879 955 938 si
983 876 1021 937 de
1047 876 1128 949 loco,
1157 877 1321 940 secundum
1355 879 1527 958 septimun

198 976 385 1057 eloquimur,
415 986 447 1039 ut
468 979 661 1058 ‘Cartbagine
683 980 804 1050 venio';
835 981 860 1041 si
881 981 913 1041 iu
934 979 1018 1049 loco,
1046 977 1154 1060 duplex
1175 979 1277 1058 regula
1299 987 1354 1042 ost
1398 998 1465 1041 nam
1485 989 1533 1055 si

224 1098 332 1141 nomen
354 1080 443 1141 luerit
465 1081 611 1143 secundae
634 1080 854 1153 declinationis,
878 1081 1049 1144 adverbium
1071 1082 1103 1141 in
1125 1080 1190 1144 loco
1212 1082 1245 1143 dt
1266 1080 1430 1143 secundum
1451 1081 1533 1144 lore

222 1201 299 1243 mam
322 1184 467 1261 genetivi:
499 1183 623 1245 dicimus
645 1185 725 1245 euim
753 1183 837 1244 ‘lleli
865 1183 934 1253 lui’,
964 1184 1146 1245 ‘beneventi
1172 1183 1243 1254 lui',
1265 1185 1405 1264 quoniam
1425 1182 1528 1260 buius

223 1283 300 1354 Deli,
331 1284 417 1344 buius
439 1285 600 1347 Beneventi
628 1288 779 1365 genetivus
801 1293 855 1347 est.
891 1288 917 1347 si
945 1294 1042 1348 autem
1065 1303 1173 1346 nomen
1195 1287 1254 1346 erit
1273 1285 1396 1347 alterius
1416 1286 1520 1357 cuius.

223 1403 349 1466 eumque
377 1385 596 1458 declinationis,
625 1396 695 1449 tuuc
721 1388 848 1450 formam
870 1389 1023 1469 sequimur
1044 1386 1132 1448 dativi
1154 1405 1254 1448 casus:
1285 1387 1411 1449 dicimus
1431 1392 1511 1463 enim

186 1507 210 1547 ro
223 1487 412 1566 ‘Carthagini
435 1488 505 1556 iui'.
528 1488 652 1550 ‘Tiburi
674 1489 743 1560 lui’,
767 1491 906 1570 quoniam
928 1492 997 1552 huic
1016 1490 1200 1568 Carthagini,
1223 1489 1294 1551 hnic
1314 1488 1417 1551 'libori
1436 1488 1503 1558 dau-

222 1609 273 1651 vus
295 1598 349 1650 est.
394 1591 547 1653 sciendum
574 1599 620 1652 cst
646 1609 717 1653 sene
744 1611 836 1672 panca
860 1593 978 1654 nomina
1000 1591 1046 1652 bis
1068 1590 1179 1670 regulis
1199 1589 1385 1672 repugnare,
1413 1598 1443 1652 ut
1461 1607 1498 1658 est

221 1691 360 1754 Narbone
382 1694 412 1752 in
435 1692 607 1773 Philippicis
629 1693 793 1764 Ciceronis,
824 1696 920 1755 ‘curu
945 1703 982 1756 tu
1004 1693 1175 1755 Narbone
1207 1712 1357 1756 mensas
1383 1693 1492 1776 bospi-

222 1796 311 1855 tium
335 1799 613 1857 connumeres':
643 1795 786 1857 debuerat
807 1797 885 1856 enim
908 1795 1006 1857 dicere
1028 1794 1168 1858 Narboni.
1212 1797 1283 1856 item
1307 1793 1440 1874 Vergilius
1454 1799 1492 1855 ait

220 1895 353 1957 ‘'l'uria
376 1897 601 1976 Cartbagine
631 1899 692 1978 qui
720 1916 816 1958 nunc
838 1898 1058 1978 Exspectat’
1083 1897 1193 1978 [iuquit
1214 1896 1416 1978 Cartbagine}
1438 1913 1491 1957 uon

184 2018 208 2057 ro
222 1998 406 2077 Carthagini,
434 2000 513 2080 quod
541 2008 604 2062 erat
630 1999 760 2078 regulae.
804 2000 855 2060 sed
879 2000 982 2062 Cicero
1005 2001 1162 2079 antiptosiu
1185 1999 1255 2061 lecit
1276 2000 1410 2079 liguram,
1428 1998 1493 2059 l'er·

220 2099 306 2181 gibus
336 2120 404 2162 vero
427 2105 515 2164 metri
546 2104 749 2163 necessitatem
773 2109 882 2162 mutata
905 2101 1006 2181 regula
1029 2103 1163 2164 servavit.
1207 2100 1383 2180 generaliter
1402 2109 1496 2162 buen-

221 2205 291 2264 dum
307 2200 321 2287 l}
338 2213 382 2266 est
403 2205 482 2284 quod
505 2204 651 2266 adverbiis
673 2222 732 2264 uon
756 2203 844 2264 debet
866 2205 1006 2282 coniungi
1027 2205 1205 2285 praepositio
1227 2205 1389 2285 separatim.
1414 2216 1500 2263 nemo

220 2308 298 2368 enim
323 2308 394 2367 dicit
422 2307 478 2368 ‘de
500 2326 568 2369 sero
577 2311 598 2378 ’,
627 2306 680 2367 ‘de
702 2307 825 2376 modo';
856 2306 933 2367 uude
955 2324 1011 2366 nec
1034 2305 1088 2366 ‘de
1109 2311 1214 2367 maue'
1238 2305 1335 2367 dicere
1356 2303 1501 2365 donnus,

220 2409 298 2488 quod
325 2409 460 2490 plerique
489 2411 519 2470 in
548 2428 603 2470 usu
632 2408 750 2472 babent.
795 2409 846 2469 sed
875 2410 1012 2489 quoniam
1041 2407 1166 2486 legimus
1194 2408 1291 2469 ‘dum
1319 2424 1414 2469 mane
1431 2423 1503 2464 uo·

182 2517 326 2583 novum’,
359 2512 389 2572 id
422 2520 466 2572 cst
498 2514 635 2592 quoniam
670 2511 795 2591 legimus
823 2511 879 2571 boo
907 2512 1003 2590 ipsum
1032 2528 1119 2571 mane
1145 2511 1203 2571 iam
1237 2526 1344 2570 nomen
1369 2508 1502 2569 cussum

221 2614 324 2693 (genus
346 2615 425 2674 enim
448 2633 507 2674 non
530 2614 636 2693 recipit
656 2615 714 2673 uisi
736 2613 870 2693 nomen),
895 2612 1029 2674 videmur
1051 2613 1077 2672 ei
1105 2611 1223 2672 adicere
1249 2630 1336 2692 posse
1356 2606 1501 2690 praeposi·

219 2717 339 2777 tionem.
371 2735 462 2796 quare
485 2717 576 2776 tutius
597 2714 757 2795 loquuntur
779 2717 829 2795 qui
854 2723 884 2775 ct
905 2714 999 2776 solum
1022 2712 1191 2775 adverbium
1207 2715 1271 2773 sine
1291 2712 1499 2793 praepositione

219 2829 348 2900 pouunt,
372 2827 405 2878 ut
427 2825 530 2879 ‘mane
552 2818 664 2886 venit’‚
689 2826 718 2878 et
740 2817 855 2897 quando
878 2815 978 2878 volunt
1000 2815 1108 2876 addere
1130 2817 1388 2895 praepositionem,
1407 2825 1492 2891 genus

220 2923 416 3000 coniungunt,
446 2929 479 2981 ut
508 2919 563 2979 ‘de
592 2921 689 2999 primo
711 2938 797 2980 mane
820 2921 932 2980 venio'.
975 2920 1033 2979 iam
1057 2920 1136 2979 enim
1158 2936 1217 2979 non
1240 2918 1353 2979 videtur
1372 2911 1485 2993 iungiei

181 3026 297 3103 ospacti
320 3025 461 3085 orationis
484 3040 559 3103 quae
582 3028 626 3081 est
647 3039 750 3100 mane,
774 3020 825 3080 sed
848 3039 923 3100 quae
945 3029 992 3081 est
1013 3022 1118 3100 primo.

713 3242 761 3303 DE
783 3240 1003 3304 PAR'llClPlO.

302 3382 491 3461 participium
515 3381 624 3441 dictum
649 3388 705 3450 est,
729 3380 813 3459 quasi
834 3379 1037 3458 particapium.
1082 3377 1170 3440 babet
1191 3380 1270 3440 enim
1292 3387 1387 3458 partes
1405 3394 1419 3435 a
1436 3389 1470 3432 ut·

219 3485 299 3543 mine
322 3483 407 3553 duas,
432 3502 524 3560 genus
546 3492 577 3543 et
598 3501 712 3551 casum,
736 3501 752 3542 a
774 3480 866 3542 verbo
887 3482 973 3551 duas,
997 3489 1112 3560 tempus
1134 3488 1164 3540 et
1185 3481 1430 3559 significationem,
1445 3470 1470 3531 ab

219 3594 344 3665 utroque
367 3585 453 3655 duas,
477 3603 632 3645 numerum
661 3592 690 3644 et
719 3584 856 3662 liguram:
887 3583 953 3643 ideo
981 3583 1017 3644 ab
1041 3590 1179 3662 utroque,
1203 3584 1341 3661 quoniam
1361 3589 1471 3642 numerus

181 3710 205 3751 oo
220 3695 249 3747 et
270 3690 362 3765 figura
385 3696 443 3747 tam
467 3689 580 3747 nomini
602 3685 740 3746 accidunt
762 3704 849 3766 quam
872 3685 977 3755 verbo;
1000 3684 1048 3745 illa
1070 3702 1140 3744 vero
1162 3683 1231 3745 bina
1253 3685 1299 3746 his
1320 3692 1422 3745 tantum
1437 3693 1470 3737 w

218 3789 331 3859 cidunt,
355 3808 371 3848 a
393 3788 499 3868 quibus
521 3788 686 3849 trabuntur.

303 3891 419 3951 Genera
446 3889 669 3969 participiorum
700 3899 768 3951 sunt
789 3890 875 3960 baec,
899 3889 1092 3950 masculinum
1116 3887 1290 3950 femininum
1313 3896 1434 3950 neutrum
1450 3886 1479 3938 tl

218 4011 315 4053 omne.
360 3991 553 4052 masculinum
583 3994 769 4071 participium
798 3994 829 4052 iu
856 4012 891 4053 us
920 3991 1028 4071 syllaba
1056 3992 1245 4062 terminatur,
1274 3990 1432 4051 femininum
1451 3998 1483 4047 1,

218 4102 356 4155 neutrum
378 4113 444 4164 um,
472 4102 504 4153 ut
525 4092 617 4155 lectus
640 4093 713 4154 lecta
736 4094 859 4165 lectum,
888 4093 1018 4154 lecturus
1044 4092 1155 4154 lectura
1177 4092 1336 4163 lecturum,
1358 4083 1492 4169 legendnS

181 4216 206 4258 ss
219 4195 342 4274 legenda
364 4194 531 4273 legendum.
568 4214 635 4256 num
658 4195 731 4256 baec
753 4204 821 4258 sunt
843 4196 901 4256 duo
924 4204 1071 4276 tempora,
1095 4197 1286 4275 praeteritum
1309 4203 1337 4256 et
1357 4193 1485 4253 tuum·

218 4316 292 4378 quae
322 4315 432 4376 genera
458 4299 620 4359 secuudum
649 4296 765 4377 regulas
793 4317 865 4379 quas
888 4298 1014 4360 diximus
1035 4295 1175 4358 dividunt.
1218 4297 1378 4377 praesentis
1396 4299 1486 4354 autem

288 4555 317 4608 ll
338 4569 480 4619 repugnare
498 4570 515 4612 ς
533 4556 692 4621 pugnareP
779 4555 811 4605 12
829 4553 1090 4620 infilippicisP:li
1111 4551 1153 4615 30,
1172 4553 1204 4602 75
1273 4550 1393 4616 hospitum
1405 4541 1472 4594 cades
1556 4599 1558 4602 ,

218 4627 376 4676 besontinus
393 4626 478 4690 Serpit
487 4643 515 4690 p.
533 4627 583 4681 521
599 4627 640 4677 ed.
656 4626 731 4678 Liud.
805 4624 837 4677 13
851 4639 1024 4674 cornuovncres
1041 4624 1066 4672 P
1135 4620 1277 4688 Vergilius]
1300 4622 1360 4673 Aen.
1377 4605 1466 4695 ”Ilm

288 4698 320 4746 lb
337 4697 450 4745 seruauit
468 4711 484 4752 ς
502 4698 602 4745 sanauit
618 4698 643 4744 P
715 4697 744 4746 17
764 4696 893 4745 aduerbiis
913 4696 938 4744 id
958 4705 996 4744 est
1012 4694 1073 4742 solis
1092 4694 1180 4757 positis
1195 4706 1212 4748 5
1285 4691 1315 4742 19
1331 4685 1394 4750 dnm]
1405 4685 1463 4740 Wl-

215 4781 301 4831 9eorp.
321 4765 423 4818 111325
492 4766 526 4815 20
540 4767 566 4815 id
585 4776 623 4814 cst
639 4765 685 4815 boc
702 4767 787 4830 ipsum
801 4782 874 4816 mane
893 4766 942 4815 ium
959 4779 1048 4815 nornen
1059 4763 1175 4813 ellectum
1195 4770 1232 4811 est
1249 4752 1463 4824 <reformidat

217 4839 335 4897 quonium
355 4835 403 4885 boc
420 4837 505 4901 ipsum
522 4852 595 4885 mane
612 4839 662 4885 iam
681 4851 771 4886 nomen
801 4838 916 4886 ellectum
941 4846 978 4887 est
1065 4833 1100 4884 34
1123 4825 1243 4895 lecturus]
1264 4824 1403 4880 lecturos?
1546 4830 1549 4856 ³

215 4905 249 4956 35
267 4906 430 4971 praeteritum
448 4922 466 4963 ς
483 4921 605 4972 praesens
623 4906 648 4954 P
