3314 5506
544 112 752 175 uxebantur.
774 112 813 175 IN
835 111 1015 174 DONll'l'Vll
1037 111 1108 174 Llll.
1131 111 1143 173 l
1431 117 1493 182 533

253 220 384 264 recrea.
399 221 452 264 nv.
1278 219 1360 272 esso
1374 219 1400 263 aa
1415 219 1441 263 ν.

285 301 351 364 Νοο
373 319 468 372 secus,
491 307 579 380 atque
599 301 630 360 in
653 297 759 360 litteris
774 301 879 369 evenit,
903 298 988 361 nobis
1002 298 1040 360 de
1060 307 1183 360 accentu
1198 296 1384 361 memorium
1407 307 1453 361 eat
1472 320 1492 358 a

199 401 340 474 aldtndo,
365 399 372 487 Ι
395 420 471 483 quae
495 411 592 464 tamen
616 399 727 482 liquido
750 403 889 480 cognosci
911 419 971 462 non
993 409 1103 482 potest,
1126 400 1184 462 nisi
1206 398 1397 480 longitudinis
1419 420 1492 483 quo·

199 522 259 584 que
280 505 356 566 ratio
378 503 530 565 habeatur.
574 503 606 563 in
628 504 691 563 eius
712 504 791 564 enim
813 500 908 584 aliqua
931 510 1014 583 parte
1037 520 1101 564 esse
1124 499 1212 562 debet
1233 502 1264 563 id
1286 503 1364 583 quod
1388 503 1492 566 altissi-

198 623 280 667 mum
304 613 358 665 est.
403 605 543 685 denique,
567 622 635 665 cnm
657 603 780 665 verbum
803 606 985 674 enuntietur,
1009 603 1106 684 aliqua
1127 605 1157 664 in
1181 623 1217 665 eo
1238 604 1348 685 syllaba
1371 623 1491 668 neeesse

198 715 245 768 eat
266 725 415 769 summum
443 706 514 768 illud
543 708 623 768 vocis
643 705 790 784 fastigium
814 705 975 785 possideat;
1002 706 1052 767 sed
1082 724 1158 786 qnae
1180 707 1363 786 potissimum
1386 709 1424 769 sit
1446 723 1516 778 ea,t

197 809 360 870 menstrui
382 827 441 870 non
463 816 562 888 potest
582 808 638 868 nisi
660 824 714 889 per
735 816 903 888 temporum
924 806 1138 887 syllabarumve
1155 825 1326 878 numerum,
1349 811 1399 890 qni
1421 829 1490 890 pro·

196 911 264 991 prie
286 908 477 989 longitudinis
500 919 553 970 est.
598 918 793 991 quapropter,
825 910 879 971 etsi
900 910 1032 970 metricis
1054 909 1168 970 videtur
1191 909 1383 990 [syllabarum
1406 921 1490 974 natu·

197 1009 279 1093 ram]
303 1011 341 1073 ad
363 1012 526 1092 rythmicos
547 1009 626 1073 solos
640 1013 790 1092 pertinere
814 1021 979 1092 temporum
996 1011 1183 1073 dinumerare
1199 1012 1364 1085 intervalla,
1381 1022 1488 1083 umen,

195 1115 265 1195 quia
290 1112 391 1176 titulus
412 1115 556 1193 propositi
579 1122 734 1194 utramque
756 1113 867 1193 tlagitat
895 1115 1109 1194 cognitionem,
1140 1114 1249 1194 nequid
1278 1115 1357 1195 qnod
1385 1115 1422 1177 ad
1444 1115 1487 1176 di·

195 1213 326 1275 scendos
348 1224 488 1277 accentus
509 1218 638 1295 pertinet
660 1216 762 1277 deesse
784 1216 934 1286 rideatur,
962 1216 1000 1277 de
1021 1214 1102 1277 verbi
1124 1214 1525 1295 longitudinedieendumu

194 1325 256 1388 est,
280 1334 315 1379 ea
336 1315 398 1378 sola
421 1317 616 1396 adtingentes,
639 1336 715 1398 quae
737 1320 822 1399 operi
843 1319 1008 1380 necessaria
1030 1317 1217 1379 ridebuntur.
1247 1317 1400 1397 longitudo
1421 1337 1486 1380 rer·

193 1417 302 1481 borum
331 1417 445 1480 dnahus
473 1421 503 1479 in
531 1417 620 1480 rehus
648 1428 705 1490 est,
734 1429 868 1500 tempore
896 1429 925 1481 et
955 1418 1082 1500 syllabis.
1128 1428 1245 1499 tempus
1266 1418 1303 1481 ad
1325 1419 1486 1500 rythmicos

193 1521 340 1602 pertinet,
363 1519 491 1601 syllabae
513 1520 549 1581 ad
571 1523 720 1584 metricos.
764 1523 843 1583 inter
864 1521 1025 1602 rythmicos
1048 1530 1078 1583 et
1099 1522 1238 1584 metricos
1261 1521 1403 1584 dissensio
1425 1541 1483 1584 non

193 1621 275 1684 nulla
297 1628 357 1693 est,
380 1623 458 1702 quod
481 1622 618 1702 rythmici
640 1624 669 1685 in
692 1641 779 1684 versu
811 1622 993 1702 longitudine
1015 1626 1094 1684 vocis
1116 1634 1250 1703 tempora
1271 1625 1433 1685 metiuntur
1455 1634 1485 1686 et

192 1723 281 1785 huius
308 1741 465 1785 mensurae
492 1723 643 1786 modulum
673 1725 784 1787 iaciunt
804 1733 920 1806 tempus
941 1724 1159 1796 brevissimum,
1182 1727 1213 1786 in
1236 1744 1295 1806 quo
1317 1744 1384 1787 cum
1406 1745 1482 1806 quae
1495 1737 1519 1779 ¹³·

191 1823 303 1906 syllaba
333 1807 483 1887 enuntiata
511 1827 563 1896 sit,
592 1825 712 1888 brevem
739 1829 853 1897 vocari;
881 1829 997 1888 metrici
1026 1836 1124 1889 autem
1151 1845 1288 1889 versuum
1311 1846 1480 1889 mensuram

191 1925 312 2009 syllabis
340 1926 587 2007 conprehendunt
615 1935 644 1988 et
671 1927 758 1989 huius
786 1927 936 1990 modulum
965 1927 1107 2009 syllabam
1135 1928 1254 1991 brevem
1288 1928 1480 2000 arbitrantur,

191 2038 309 2108 tempus
332 2037 429 2090 autem
453 2027 657 2090 brevissimum
681 2027 823 2108 intellegi,
853 2030 931 2111 quod
960 2033 1191 2092 enuntiationem
1214 2030 1402 2092 brevissimae
1424 2030 1480 2112 syl·

190 2128 278 2192 labae
300 2130 463 2192 cohaerens
486 2129 699 2211 adaequaverit
730 2132 830 2212 itaque
844 2132 981 2212 rythmicl
996 2132 1179 2213 temporibus
1200 2131 1341 2213 syllabas,
1365 2134 1480 2194 metrici

191 2240 326 2312 tempora
355 2230 474 2312 syllabis
495 2232 609 2293 liniunt.
655 2251 750 2314 neque
773 2234 851 2296 enim
875 2234 980 2302 relert,
1010 2244 1125 2315 tempus
1146 2235 1178 2295 in
1200 2233 1310 2314 syllaba
1333 2252 1411 2305 esse,
1441 2249 1517 2296 anau

190 2335 379 2414 intempore
408 2332 548 2411 syllabam
577 2333 723 2405 dicamus,
753 2334 822 2397 dum
849 2336 939 2398 modo
971 2336 1104 2398 discendi
1131 2354 1217 2399 causa
1239 2354 1412 2398 concessum
1436 2346 1481 2397 est

190 2453 255 2496 eam
283 2453 412 2510 moram,
446 2453 504 2515 qua
533 2434 629 2497 brevis
657 2436 767 2518 syllaba
796 2436 918 2508 dicitur,
949 2455 1038 2500 unum
1068 2447 1098 2499 et
1124 2437 1329 2500 brevissimum
1363 2445 1480 2516 tempus
1516 2516 1520 2523 Ι

189 2555 315 2607 recare;
338 2555 395 2618 qua
418 2554 488 2598 rero
510 2535 597 2616 longa
620 2539 787 2618 protertur,
815 2539 873 2601 duo
895 2548 1028 2620 tempora
1051 2540 1218 2621 appellare,
1242 2541 1304 2621 ipsa
1326 2541 1404 2620 cogit
1427 2558 1478 2599 na·

189 2646 273 2710 tura,
297 2657 364 2700 cum
387 2636 545 2719 loquimur.
577 2638 697 2703 brevem
718 2637 943 2723 μονόχρονον,
966 2640 1083 2722 longam
1106 2639 1266 2725 δίχρονον
1286 2639 1476 2724 appellamus.

188 2741 247 2802 duo
280 2741 359 2802 enim
393 2739 482 2821 longa
511 2739 622 2821 syllaba
654 2740 744 2804 habet
776 2752 924 2823 tempora,
959 2744 1113 2822 positionis
1146 2753 1176 2805 et
1208 2751 1345 2812 naturae:
1378 2742 1476 2803 brevis
1489 2758 1514 2799 aa

188 2849 311 2904 naturae
344 2841 434 2904 habet
464 2850 577 2906 tantum
611 2845 699 2906 modo
733 2843 903 2927 [Terentius
936 2842 1082 2927 rhythmis
1110 2844 1214 2908 scribit
1243 2843 1409 2909 comoedias
1431 2842 1476 2907 rel

186 2939 332 3028 Plautus}

694 3113 743 3175 DE
763 3113 968 3177 POSlTVlllS.

271 3266 421 3328 Posituras
454 3273 572 3347 oportet
604 3285 742 3329 vocemus
772 3285 844 3349 quas
872 3268 978 3330 Graeci
1003 3264 1118 3342 θέσεις
1145 3267 1308 3351 appellant,
1342 3273 1473 3352 quaein

184 3368 312 3448 legendo
341 3367 413 3430 dant
439 3369 553 3448 copiam
581 3371 713 3449 spiritus,
743 3388 780 3430 ne
808 3370 1028 3432 coadunatione
1056 3371 1181 3433 deliciet
1225 3371 1280 3433 hae
1307 3379 1369 3434 tres
1396 3382 1472 3446 sunt,
1486 3385 1512 3426 ³⁰

185 3487 311 3550 quarum
340 3469 493 3532 diversitas
519 3469 615 3532 tribus
642 3473 758 3553 punctis
787 3470 902 3533 diverso
924 3471 1114 3554 locopositis
1137 3473 1355 3537 demonstratur
1375 3476 1407 3537 in
1430 3474 1473 3538 di·

184 3572 352 3634 stinctione.
397 3571 448 3633 nbi
470 3573 548 3634 enim
569 3571 675 3652 plenus
697 3580 741 3634 est
762 3590 880 3644 sensus,
909 3574 966 3635 hoc
987 3583 1033 3637 est
1054 3575 1104 3637 ubi
1127 3576 1159 3638 tit
1180 3574 1309 3639 clausula
1337 3575 1474 3640 diodonis

183 3827 340 3880 mm
354 3827 523 3894 pamm
539 3842 610 3892 ease,
628 3835 747 3879 accentu
766 3835 846 3880 eutem
860 3833 992 3894 prupra'oaa
1008 3846 1065 3884 eeae
1080 3833 1233 3885 altitudime
1246 3832 1344 3884 uidetur
1359 3833 1475 3886 duom

179 3899 375 3966 prmadeua:
396 3897 432 3960 es.
450 3897 579 3952 Pmeeiem
597 3899 630 3948 de
652 3906 748 3952 aeceat.
771 3912 799 3961 p.
820 3899 897 3953 taso.
918 3911 1056 3963 praeterea
1078 3905 1151 3954 etima
1175 3903 1206 3953 de
1225 3904 1316 3954 eadere
1331 3912 1473 3954 eeoeatrwa

182 3968 304 4034 sortasse
320 3967 422 4019 ebertus
438 3971 579 4032 expositam
594 3975 652 4018 erut
719 3969 737 4019 4
755 3967 780 4017 iu
799 3970 855 4019 eius
872 3969 1000 4021 sillabaO
1069 3975 1085 4023 5
1104 3973 1165 4023 illud
1185 3971 1206 4022 0
1223 3973 1334 4025 illumL
1404 3974 1472 4024 leat

184 4053 233 4092 oar.
255 4035 276 4087 0
346 4038 393 4088 etei
410 4037 443 4087 ad
461 4038 580 4088 metricos
600 4037 700 4088 ridetur
720 4036 875 4102 syllabarum
897 4048 996 4105 natura,
1015 4042 1048 4093 ad
1065 4041 1223 4109 rhythmicos
1242 4043 1324 4093 aolum
1342 4044 1469 4108 pertinere

184 4107 294 4160 mucia
309 4109 393 4159 editor
408 4107 610 4159 Viadubonenaia
678 4107 696 4159 8
710 4106 876 4161 denumerare
891 4108 938 4160 LO
1006 4112 1024 4163 a
1041 4120 1173 4178 utramque
1189 4110 1220 4163 10
1239 4122 1372 4177 utrumqne
1389 4113 1414 4164 L

181 4176 365 4245 cognationem
383 4177 408 4226 L
478 4177 511 4227 ad
528 4177 665 4228 discendus
679 4176 726 4231 Lo
796 4177 830 4229 10
845 4179 974 4231 adesseO
1043 4180 1076 4233 13
1094 4184 1217 4233 dissentio
1234 4180 1255 4232 0
1327 4183 1359 4234 15
1376 4183 1402 4232 in
1420 4197 1470 4245 quo

182 4263 243 4299 eum
262 4261 328 4312 quae
352 4247 451 4312 syllaba
470 4249 600 4297 enuntiata
626 4249 660 4297 sit
681 4248 789 4300 Weila'ua
806 4251 891 4300 amiel.
906 4266 961 4304 nou.
980 4250 1068 4315 philol.
1086 4251 1203 4305 r.nxx1
1222 4253 1260 4316 (a.
1280 4251 1358 4315 1855)
1371 4266 1400 4313 p.
1419 4253 1470 4302 ⁴02

181 4337 209 4385 in
233 4345 393 4397 quocumque
415 4333 514 4398 syllaba
535 4335 663 4385 enuntiata
686 4332 814 4399 (syllabae
833 4337 948 4389 nuntiata
965 4333 1004 4402 L)
1018 4338 1052 4389 ait
1070 4335 1117 4388 hO
1206 4339 1237 4388 tt
1261 4348 1285 4388 et
1306 4336 1382 4389 haina
1404 4355 1419 4388 a
1442 4347 1469 4389 ut

180 4404 261 4457 lanius
279 4402 304 4453 h
321 4401 437 4454 huiuaO
506 4404 541 4457 18
560 4405 757 4456 enuntiationem
781 4405 888 4458 Weiliaa
905 4410 923 4462 l.
942 4423 965 4458 c.
986 4408 1157 4458 enuntiatione
1174 4406 1221 4458 LO
1290 4409 1324 4459 2¹2
1344 4422 1394 4470 qua
1412 4408 1470 4458 bre-

180 4473 292 4525 niaaima
311 4471 441 4523 sillabaO
510 4475 544 4526 23
562 4477 663 4541 cogitur
681 4472 811 4524 natarat)
880 4479 915 4529 24
931 4492 1102 4529 monocronon
1121 4477 1224 4545 longam
1243 4477 1363 4527 dlcronon
1381 4477 1470 4540 (dino-

178 4557 276 4595 etnnon
295 4541 419 4678 light)fi
450 4544 510 4662 '1²⁵
532 4554 647 4611 tempora
665 4542 701 4595 Oe
719 4552 819 4611 tempus
839 4545 863 4594 Ι,
948 4549 984 4601 29
1004 4549 1075 4616 greci
1094 4547 1208 4599 thenaiaa
1225 4547 1400 4614 appellentl,
1440 4596 1443 4601 ,

179 4613 215 4666 32
234 4613 279 4663 nbi
318 4620 326 4660 t
357 4621 384 4661 nt
421 4623 430 4661 t
