3314 5506
232 356 289 420 ue
817 305 929 419 reem

279 487 300 526 p.
315 473 404 514 rto-as
418 471 444 513 tt.
1301 485 1324 527 p.
1338 470 1387 514 tta.
1397 472 1425 515 14
1436 471 1462 515 V.

228 552 257 605 31
277 545 345 605 1133
369 544 425 603 hec
446 560 609 612 monemus,
632 550 664 603 ut
685 543 768 614 haec,
792 563 867 623 3333
889 552 1006 623 reporta
1028 543 1147 615 luerint,
1170 543 1249 605 salvo
1268 561 1380 623 genere
1403 563 1455 606 sne
1475 543 1506 606 ad

227 645 337 706 similes
359 646 469 705 lernras
489 646 606 723 generis
626 644 779 706 masculini
802 645 998 707 declinentur.
1018 643 1023 728 Ι

312 748 353 809 lle
377 764 419 806 es.
465 764 668 827 quaecumque
696 748 813 808 nomina
844 749 961 826 generis
989 747 1119 808 seminini
1147 745 1271 809 ablativo
1299 765 1371 809 casu
1401 749 1508 809 numeri

227 848 425 928 singulariae
453 848 548 910 littera
577 849 771 909 terminantur
805 857 835 912 et
859 850 1037 923 nominativo
1066 867 1136 910 casu
1162 850 1278 910 numeri
1303 849 1463 929 singularis
1481 868 1509 911 33

201 951 331 1015 alitteris
353 950 541 1018 deliniuntur,
562 959 596 1011 ut
617 949 654 1012 ah
669 950 725 1012 hac
741 950 889 1031 Zacyntho
906 952 980 1013 haec
995 951 1169 1032 Zacynthos,
1192 951 1267 1013 haec
1286 950 1324 1012 ad
1346 951 1407 1013 hoc
1419 970 1509 1013 exem·

226 1053 306 1135 plum
329 1050 528 1113 declinantur:
561 1053 677 1113 numeri
704 1051 862 1130 singularis
893 1053 966 1114 haec
986 1052 1150 1133 Zacynthos
1176 1052 1265 1114 huius
1287 1053 1430 1134 Zacynthi
1449 1055 1509 1115 huic

226 1154 373 1236 Zacyntho
405 1153 481 1214 hanc
507 1153 687 1233 Zacynthum
722 1154 925 1233 eZacynthos
956 1154 992 1215 ah
1025 1155 1080 1215 hac
1107 1155 1267 1236 Zacyntho.
1312 1155 1388 1217 haee
1412 1173 1509 1218 333131

227 1258 370 1337 pluralem
398 1255 494 1316 lacere
524 1255 727 1334 prohihentur.
770 1259 812 1317 sic
834 1265 863 1317 et
892 1255 946 1318 alia
974 1258 1091 1336 generis
1119 1256 1410 1326 133131313333133,
1441 1276 1510 1338 3333

227 1359 352 1421 ahlatire
380 1376 449 1419 casu
477 1359 592 1418 numeri
619 1357 775 1437 singularis
799 1377 816 1417 o
838 1357 933 1419 littera
960 1360 1157 1420 terminantur
1186 1364 1215 1418 et
1241 1359 1423 1421 nominative
1449 1377 1508 1420 casn

190 1462 343 1523 innumeri
365 1459 520 1538 singularis
538 1478 572 1520 es
587 1459 690 1520 litteris
708 1460 895 1528 deliniuntur,
917 1460 954 1521 ad
976 1459 1143 1541 exemplum
1158 1458 1297 1541 Zacynthi
1319 1458 1508 1522 declinantur.

227 1581 307 1625 nunc
335 1563 364 1622 in
393 1561 448 1623 hac
478 1562 571 1622 lerrua
599 1564 717 1639 generis
744 1562 889 1632 seminini,
918 1581 976 1643 333
1003 1563 1129 1643 diximus
1154 1561 1280 1624 ablativo
1305 1582 1379 1627 casu
1400 1565 1508 1625 nnmen'

225 1664 383 1744 singularis
404 1665 524 1724 nemina
547 1683 564 1724 ο
587 1663 681 1725 littera
704 1666 856 1726 terminari
879 1671 908 1725 31
929 1666 1106 1725 nominative
1129 1674 1199 1726 casu
1221 1665 1339 1725 numeri
1360 1664 1508 1745 singularis

227 1786 261 1828 33
275 1767 378 1828 litteris
396 1766 599 1854 delinirihec
618 1783 782 1835 menemus,
805 1766 884 1843 quod
907 1786 940 1826 cr
960 1785 992 1827 33
1009 1766 1075 1846 plus
1093 1784 1182 1844 quam
1201 1767 1428 1829 decemnovem
1441 1770 1507 1837 3331,

227 1869 282 1930 hec
311 1875 355 1930 est
389 1887 476 1947 quam
505 1869 732 1930 decemnovem
765 1871 898 1936 nemina,
928 1886 986 1929 nen
1020 1868 1132 1945 possint
1165 1867 1309 1930 exhiheri.
1354 1869 1392 1931 de
1421 1870 1507 1930 terma

121 1970 123 1974 ’
190 1994 213 2033 rs
226 1973 343 2050 generis
363 1971 504 2039 seminini,
528 1989 584 2050 qua
608 1969 731 2031 ablativo
752 1988 821 2030 casu
843 1972 958 2029 numeri
979 1967 1136 2047 singularis
1157 1972 1275 2030 nemina
1297 1989 1316 2030 o
1338 1970 1437 2034 littera
1455 1978 1507 2032 ter·

226 2075 374 2134 minantur
394 2082 423 2134 et
445 2074 623 2133 nominativo
643 2089 714 2133 casu
736 2060 852 2132 numeri
867 2071 1022 2150 singularis
1037 2090 1070 2131 es
1086 2070 1190 2132 littoris
1208 2072 1398 2143 definiuntur,
1423 2091 1507 2154 3333-

224 2182 287 2235 tum
309 2176 382 2235 ratie
404 2174 553 2254 poscebat,
576 2176 772 2235 tractavimus.
789 2169 802 2256 ΙΙ

310 2277 351 2337 lle
378 2295 406 2336 o.
451 2294 653 2356 quaecumque
686 2278 804 2337 nomina
831 2277 948 2352 generis
976 2274 1107 2336 seminini
1137 2273 1260 2336 ablativo
1294 2294 1365 2337 casu
1399 2278 1507 2337 numeri

225 2376 380 2455 singularis
409 2396 426 2437 ο
455 2377 552 2440 littera
577 2379 771 2438 terminantur
804 2386 833 2438 et
860 2379 1040 2438 nominative
1068 2395 1138 2437 casu
1168 2379 1284 2438 numeri
1308 2377 1507 2456 singulariae

186 2501 211 2541 re
224 2478 319 2540 littera
340 2467 544 2547 deliniuntur,¹
558 2486 590 2540 ut
608 2488 677 2558 puta
701 2478 737 2539 ah
758 2479 813 2539 hac
835 2481 931 2559 Gyaro
958 2479 1032 2540 haec
1053 2481 1164 2558 Gyaro,
1185 2479 1258 2539 haec
1281 2478 1395 2541 scilicet
1416 2487 1507 2560 aptota

224 2599 289 2641 esse
308 2569 506 2659 reperiuntur,
530 2589 559 2641 et
580 2580 646 2641 ideo
668 2581 705 2641 ad
728 2581 783 2640 heo
807 2581 972 2660 exemplum
996 2579 1195 2641 declinantur:
1219 2583 1334 2643 numeri
1357 2581 1506 2661 singularis

224 2683 298 2744 haec
317 2685 414 2763 Gyaro
443 2681 530 2743 herlus
550 2685 645 2763 Gyaro
675 2684 745 2744 huic
766 2685 861 2763 Gyaro
890 2683 964 2742 hanc
987 2682 1083 2762 Gyaro
1111 2701 1129 2741 e
1151 2684 1246 2761 Gyaro
1272 2681 1310 2744 ah
1330 2682 1387 2744 hac
1406 2685 1505 2764 Gyaro.

223 2783 296 2864 haec
319 2802 474 2845 numerum
498 2782 642 2863 pluralem
670 2786 766 2846 lacere
793 2784 1000 2864 prehibeptnr.
1046 2786 1089 2844 313
1111 2791 1140 2844 31
1163 2782 1219 2844 3113
1240 2786 1359 2862 generis
1382 2786 1505 2847 feminini

224 2887 350 2956 nemina,
374 2905 450 2966 3333
472 2886 597 2947 ablativo
618 2906 687 2948 3333
710 2889 825 2947 numeri
850 2885 1006 2963 singularis
1028 2904 1046 2943 e
1071 2885 1166 2947 littera
1185 2888 1384 2948 terminantur
1409 2894 1438 2948 31
1459 2905 1504 2947 33

184 3009 210 3051 aa
225 2989 362 3049 minetire
383 3007 452 3049 3333
481 2990 596 3048 numeri
618 2989 776 3067 singularis
795 3009 812 3048 o
832 2989 926 3050 littera
951 2988 1143 3056 deliniuntur,
1166 2989 1203 3048 ad
1224 2988 1393 3071 exemplum
1415 2992 1503 3071 Gyaro

222 3098 321 3170 aptota
341 3089 453 3151 scilicet
474 3088 668 3151 declinantur.
714 3109 791 3152 nuuc
813 3095 841 3151 in
862 3090 918 3150 hac
939 3091 1033 3151 lerma
1056 3092 1173 3168 generis
1194 3089 1334 3159 13313131,
1358 3110 1416 3172 333
1438 3092 1502 3152 dixi·

222 3212 288 3254 mus
307 3191 433 3253 ablatire
456 3211 525 3253 casu
548 3193 663 3254 numeri
681 3193 838 3270 singularis
858 3194 975 3252 nentina
999 3210 1016 3251 o
1036 3192 1132 3252 littera
1152 3193 1304 3254 terminari
1326 3201 1357 3253 31
1377 3196 1502 3256 nemina

221 3298 278 3356 tire
300 3315 370 3357 casu
397 3297 514 3356 numeri
542 3295 696 3374 singularis
720 3313 738 3353 e
759 3293 855 3356 littera
882 3288 1011 3362 deliniri,
1038 3293 1095 3354 h'ec
1118 3311 1288 3363 menemus,
1317 3295 1398 3374 qued
1419 3314 1454 3357 ex
1478 3316 1501 3357 er

222 3398 287 3476 plus
308 3417 395 3478 quam
418 3396 506 3458 xxvt
528 3399 606 3466 soni,
631 3398 688 3458 hec
709 3404 753 3457 331
774 3397 840 3475 plus
862 3415 950 3476 quam
976 3381 1068 3455 XXVl'
1088 3398 1219 3465 nemina,
1242 3414 1301 3456 neu
1325 3400 1440 3477 possint
1461 3418 1500 3459 33

167 3519 209 3570 xee
222 3499 326 3561 hiberi.
371 3501 408 3562 de
439 3500 533 3561 lerma
567 3502 683 3579 getreris
711 3500 855 3568 seminini,
893 3517 950 3576 333
969 3496 1094 3558 ablativo
1117 3517 1185 3559 casu
1216 3501 1332 3560 numeri
1354 3499 1499 3579 singulari

220 3603 339 3662 nemina
361 3622 379 3663 3
399 3600 494 3663 littera
514 3603 709 3663 terminantur
732 3610 761 3662 31
783 3602 961 3662 nominativo
980 3619 1049 3661 casn
1068 3602 1184 3661 numeri
1206 3599 1363 3678 singularis
1379 3621 1396 3662 e
1414 3600 1498 3664 littera

220 3701 408 3773 deliniuntur,
432 3712 582 3783 quantum
607 3706 680 3765 ratio
705 3703 853 3781 poscebat,
876 3704 1072 3763 tractavimus.

306 3805 347 3867 [13
369 3824 480 3883 genere
502 3814 617 3866 nerttre.
659 3806 756 3865 neutri
779 3806 895 3882 generis
916 3805 1043 3874 nomina,
1068 3823 1143 3884 3333
1164 3803 1288 3864 ablatire
1308 3823 1376 3867 casn
1392 3823 1496 3867 numer

219 3907 374 3985 singularis
402 3907 535 3969 olittcra
564 3908 778 3976 terminantur,
807 3905 880 3967 haec
904 3906 1082 3966 nominative
1111 3924 1180 3967 3333
1209 3908 1325 3967 3333331
1353 3907 1496 3986 singulari

182 4028 206 4070 33
220 4011 350 4089 3313333
371 4009 417 4068 his
437 4010 538 4069 lormis
559 4009 738 4069 definiuntur
757 4015 951 4085 tantumum
972 4027 1040 4069 eum
1060 4009 1120 4068 ium
1141 4026 1209 4069 rum
1232 4027 1276 4069 us.

305 4111 346 4172 De
367 4129 428 4171 um.
472 4129 675 4191 quaecumque
707 4113 827 4172 nemina
856 4112 973 4188 generis
1003 4113 1100 4172 neutri
1136 4109 1259 4170 ahlativo
1290 4129 1360 4172 casu
1393 4130 1494 4174 numer

218 4213 376 4289 singularis
398 4232 416 4273 e
437 4211 533 4274 littera
560 4216 754 4274 terminantur
784 4221 813 4274 et
835 4214 1011 4273 nominativo
1037 4232 1107 4274 3333
1135 4214 1251 4272 numeri
1280 4213 1440 4292 singularis
1461 4234 1492 4276 ur

218 4314 323 4376 litteris
347 4321 414 4395 post
435 4322 643 4377 consonantem
661 4317 849 4386 deliniuntur,
873 4323 905 4374 ut
926 4323 994 4393 peta
1018 4314 1054 4376 ah
1073 4315 1130 4375 hec
1145 4313 1256 4394 temple
1277 4315 1334 4376 hoc
1355 4317 1493 4396 templnn

218 4416 291 4478 haec
312 4418 348 4478 ad
371 4418 427 4478 hec
447 4418 613 4498 exenrplnm
636 4419 836 4480 declinantur:
864 4419 979 4478 rrrrrueri
1002 4417 1159 4493 singularis
1181 4418 1238 4482 hoc
1260 4417 1403 4497 templum
1424 4419 1493 4485 huie

179 4519 319 4598 retempll
341 4520 409 4580 huic
433 4521 540 4599 temple
564 4522 620 4583 hec
642 4521 784 4601 templum
808 4541 825 4579 e
848 4519 988 4598 templum
1008 4519 1045 4580 ah
1070 4521 1126 4580 hoc
1147 4519 1272 4598 temple,
1303 4523 1421 4581 numeri
1449 4522 1493 4602 ple

216 4766 427 4888 sonesRelllcinnt
448 4767 484 4816 Be
499 4781 602 4832 perraro
620 4784 698 4820 senes
717 4770 831 4821 alliciunt
849 4785 864 4817 r
955 4768 1093 4832 33133333
1111 4767 1134 4816 li
1151 4776 1238 4833 aptota
1257 4768 1280 4816 B
1380 4770 1417 4822 35
1438 4790 1470 4823 ns
1482 4780 1493 4822 ‘r

216 4853 265 4887 333
