3314 5506
671 385 885 447 PRAEFATIO
1355 398 1420 445 aru
1502 456 1504 461 ¹

128 573 313 656 1111111Ρς
345 580 420 653 125,
442 579 483 642 29
506 575 667 635 Sallustius
692 592 747 635 vos
768 583 822 635 aot
843 568 1055 655 vestimentum]
1084 576 1228 635 sallustius
1249 575 1421 634 necessaria

130 688 158 738 et
178 679 318 752 difficilis
338 681 419 738 rollo
441 694 515 738 vaso
537 684 591 737 aul
613 678 813 737 castanentum
831 672 874 735 P:
898 681 1035 757 unoque
1056 671 1128 735 loco
1150 673 1288 758 quaein
1310 672 1422 736 codice

131 777 279 842 Parisino
313 798 415 863 prave
445 775 637 859 interposita
665 784 742 838 sunt
766 773 796 837 R
821 775 856 837 in
885 774 1030 858 margine
1062 771 1228 859 adscripta
1259 774 1421 857 praebuit.

132 880 208 943 item
231 885 282 960 87,
298 887 340 949 30
362 883 401 942 cle
421 897 438 940 e
459 876 489 940 R
511 875 684 962 adscriptis
706 877 740 940 in
761 877 907 961 margine
929 874 993 955 his,
1017 879 1167 939 ablativus
1188 896 1278 939 casas
1299 880 1422 954 quondo

132 1003 149 1043 e
167 987 322 1062 11111111
343 985 466 1060 quando
487 989 632 1059 coneptu
654 984 844 1064 1111ῃί111111,
868 997 952 1062 quae
974 997 1032 1061 pro
1055 981 1092 1040 de
1113 997 1130 1039 e
1151 977 1273 1063 recepit
1294 976 1331 1040 P.
1360 977 1422 1041 Bo·

134 1084 277 1147 biensem
298 1103 428 1169 quoque
456 1081 599 1146 codicem
627 1080 670 1144 ad
698 1080 834 1166 stirpem
855 1078 1007 1143 Vaticani
1028 1099 1128 1165 prope
1151 1076 1305 1143 accedere
1327 1079 1421 1165 eique

134 1187 179 1249 ita
200 1185 338 1249 similem
366 1205 437 1248 esse
464 1184 606 1269 repperi,
635 1192 672 1246 ut
700 1192 873 1268 utrumque
901 1179 1020 1244 librum
1047 1202 1090 1244 ex
1112 1179 1224 1245 eodem
1246 1179 1421 1266 archetypo

135 1286 321 1371 diligentim
344 1287 387 1350 ab
409 1306 448 1349 eo
475 1286 531 1370 qui
552 1284 748 1349 Vaticanum
774 1282 962 1368 descripsit,
991 1283 1097 1346 minus
1125 1280 1298 1366 diligenter
1319 1304 1340 1347 a
1360 1282 1422 1346 Bo-

135 1389 237 1453 biensi
258 1386 392 1452 librario
415 1408 569 1473 expresso
592 1376 726 1450 ductum
748 1407 819 1450 esse
840 1385 910 1450 veri
931 1383 1037 1449 simile
1059 1385 1111 1448 sit.
1145 1405 1220 1448 nam
1241 1385 1275 1448 in
1297 1405 1423 1448 summa

135 1491 314 1576 scripturae
336 1488 546 1553 similitudine
568 1498 677 1553 tamen
704 1489 737 1551 in
759 1487 915 1551 Bobiensi
943 1486 1053 1551 codice
1075 1485 1140 1550 alia
1162 1486 1333 1550 brevitatis
1356 1495 1422 1550 stu·

135 1591 189 1656 dio
210 1593 244 1656 in
266 1590 481 1677 conpendium
502 1590 636 1654 redacta
657 1599 748 1669 sunt,
777 1588 842 1652 alia
863 1587 998 1653 arbitrio
1025 1587 1150 1653 librarii
1178 1597 1314 1653 mutata.
1357 1609 1422 1674 quo

134 1693 172 1757 fit
191 1704 229 1758 ut
250 1715 366 1779 pauca,
387 1714 471 1779 quae
492 1693 527 1756 in
542 1690 701 1757 Vaticano
716 1691 828 1756 codice
843 1700 996 1776 corrupta
1017 1701 1102 1773 sunt,
1126 1690 1346 1757 emendatiora
1368 1712 1423 1755 ex-

133 1795 245 1861 hibeat
265 1794 448 1860 Bobiensis.

218 1897 353 1963 Praeter
379 1896 438 1962 hos
467 1896 576 1978 libros,
600 1896 782 1982 dequibus
811 1894 896 1976 dixi,
918 1894 983 1960 duo
1005 1894 1213 1981 Neapolitani
1240 1917 1260 1960 a
1287 1893 1422 1959 Ianellio

133 1999 268 2065 indicati
289 2009 366 2065 sunt
387 1998 482 2064 catal.
501 1997 648 2063 biblioth.
665 2019 747 2062 mus.
762 1997 904 2062 Borbon.
927 2020 960 2082 p.
977 2004 1026 2077 12,
1049 1996 1252 2062 Borbonicus
1264 1995 1321 2080 ,lv
1335 1997 1367 2060 A
1383 2003 1422 2064 15

135 2103 325 2167 chartaceus
352 2101 481 2166 saeculo
515 2101 627 2186 quinto
655 2099 780 2165 decimo
807 2091 860 2163 uel
894 2107 987 2164 sexto
1020 2098 1146 2164 decimo
1179 2100 1333 2184 scriptus,
1366 2098 1423 2182 qui

134 2204 211 2269 olim
238 2204 310 2268 Iani
337 2203 503 2268 Parrhasii
529 2202 607 2282 fuit,
635 2210 668 2266 et
694 2200 896 2265 Borbonicus
924 2200 972 2266 IV
995 2202 1025 2265 Α
1051 2208 1090 2270 16
1116 2201 1307 2266 chartaceus
1329 2207 1423 2264 sexto
1467 2235 1475 2255 ι

135 2307 259 2372 decimo
282 2305 412 2371 saeculo
435 2306 585 2390 scriptus.
609 2304 667 2368 hos
690 2302 743 2367 vel
766 2324 808 2367 ex
822 2303 977 2368 Bobiensi
999 2313 1077 2384 tum,
1100 2324 1174 2367 cum
1195 2304 1322 2388 integer
1343 2310 1422 2383 erat,

135 2409 186 2473 vel
209 2430 252 2472 ex
273 2407 434 2473 Vaticano
456 2406 635 2491 descriptos
658 2427 729 2470 esse
751 2405 921 2490 probabile
942 2415 1001 2469 est.
1023 2405 1188 2470 Parrhasii
1210 2414 1318 2470 autem
1341 2404 1423 2469 libro

135 2533 213 2575 usus
240 2531 310 2574 esse
338 2508 469 2574 videtur
494 2508 621 2572 Pierius
643 2507 852 2587 Valerianus,
880 2509 936 2591 qui
963 2508 997 2571 in
1019 2508 1287 2593 castigationibus
1309 2507 1423 2592 Vergi-

134 2612 229 2677 lianis
250 2611 374 2675 Romae
397 2633 426 2675 a.
443 2618 521 2680 1521
547 2610 643 2675 editis
665 2631 708 2673 ex
729 2619 798 2674 arte
812 2607 911 2674 Probi
935 2607 1024 2692 (nam
1047 2611 1093 2674 ita
1113 2607 1233 2675 librum
1253 2610 1424 2695 inscripse-

134 2724 185 2778 rat
205 2712 414 2798 Parrhasius)
436 2733 501 2776 non
522 2711 613 2776 nulla
633 2710 753 2777 attulit.

218 2815 273 2880 Ex
294 2816 345 2880 his
367 2835 451 2901 quae
473 2814 513 2878 de
534 2813 626 2878 libris
649 2835 746 2877 manu
769 2814 897 2898 scriptis
921 2814 1069 2898 exposita
1088 2824 1165 2880 sunt
1186 2815 1267 2879 satis
1289 2813 1426 2901 adparet

135 2923 167 2983 in
190 2940 278 2983 nova
299 2917 441 2982 editione
464 2918 603 3001 primum
625 2915 732 2980 locum
747 2915 955 2980 tribuendum
969 2914 1071 2980 fuisse
1094 2916 1282 3003 apographo
1304 2915 1425 2981 codicis

134 3020 286 3097 Vaticani
310 3019 381 3103 (R).
423 3019 534 3103 itaque
561 3016 657 3082 huius
684 3015 888 3103 potissimum
914 3018 1107 3104 scripturam
1130 3018 1274 3083 exhibui.
1320 3042 1340 3083 1
1360 3041 1426 3106 qua

136 3121 293 3208 siquando
319 3120 468 3185 Romana
495 3120 594 3184 editio
620 3141 662 3183 ex
692 3119 805 3183 eodem
831 3118 915 3185 libro
947 3121 1053 3185 minus
1086 3130 1237 3187 accurate
1269 3141 1426 3206 expressa

136 3223 315 3309 discrepat,
338 3221 417 3287 editi
439 3222 634 3308 exemplaris
656 3222 849 3307 scripturam
871 3244 889 3285 r
909 3222 1018 3287 littera
1039 3223 1198 3305 indicavi3
1226 3224 1425 3288 consentien-

136 3336 200 3389 tem
221 3325 392 3409 ntriusque
413 3322 609 3410 exemplaris
637 3325 831 3408 scripturam
853 3327 1014 3388 communi
1036 3324 1066 3388 R
1087 3325 1215 3389 litterae
1237 3326 1329 3409 signo
1351 3345 1424 3390 con-

136 3427 231 3491 tineri
254 3424 353 3491 volui.
398 3448 441 3490 ex
463 3425 616 3489 Bobiensi
638 3425 763 3507 codice,
787 3427 880 3491 cuius
902 3427 1096 3511 scripturam
1119 3449 1160 3490 ex
1180 3426 1425 3491 Vindobonensi

138 3528 277 3593 editione
299 3529 433 3612 petitam
455 3526 483 3590 B
506 3528 615 3592 littera
643 3527 802 3608 indicaui,
829 3549 973 3613 eaquae
995 3527 1048 3593 vel
1074 3529 1194 3594 rectius
1220 3551 1318 3615 quam
1339 3529 1373 3592 in
1394 3527 1425 3592 R

138 3630 260 3715 scripta
280 3641 356 3695 sunt
377 3629 430 3694 vel
452 3628 560 3715 aliquo
583 3628 678 3693 modo
701 3629 923 3694 memorabilia
944 3652 1014 3695 esse
1035 3630 1231 3695 videbantur
1253 3630 1424 3717 adscripsi.

138 3731 194 3796 «ed
216 3730 258 3796 de
281 3735 352 3795 eius
374 3732 535 3817 scriptura
557 3753 621 3816 quo
643 3732 762 3796 certius
778 3741 955 3812 constaret,
979 3733 1077 3795 etiam
1099 3733 1127 3796 si
1148 3733 1228 3797 nihil
1250 3733 1425 3799 adnotave-

137 3844 212 3898 runt
233 3833 373 3898 editores
394 3831 677 3913 vindobonenses,
700 3835 853 3918 quoniam
874 3833 959 3899 hunc
981 3835 1123 3898 maxime
1145 3835 1190 3899 1111
1212 3837 1315 3902 111111
1339 3845 1424 3916 1111,

137 3935 299 4001 interdum
327 3935 476 4000 editionis
499 3933 763 4000 Vindobonensis
792 3936 954 4021 scriptura
981 3958 1038 4023 pro
1066 3935 1150 4002 libro
1178 3961 1276 4003 manu
1305 3940 1425 4024 scripto

139 4037 323 4102 exhibenda
349 4035 422 4102 fuit
467 4035 606 4123 denique
634 4059 675 4102 ex
703 4037 859 4101 Parisinis
886 4039 1052 4103 codicibus
1073 4062 1193 4126 pauca,
1216 4062 1299 4127 quae
1320 4041 1426 4105 conie-

138 4149 247 4205 cturae
270 4138 341 4204 loco
363 4137 515 4204 habenda
536 4148 627 4219 sunt,
650 4138 815 4204 adnotavi.
859 4142 989 4205 omnino
1017 4152 1125 4206 autern
1146 4164 1187 4206 ne
1209 4144 1243 4207 in
1265 4143 1425 4208 Vaticano

139 4242 267 4328 quidem
289 4241 401 4307 codice
422 4240 504 4306 illud
526 4250 657 4305 secutus
679 4263 765 4322 sum,
787 4250 825 4305 ut
846 4242 942 4327 plane
963 4245 1092 4328 integra
1112 4245 1291 4330 scripturae
1307 4244 1425 4310 disere·

138 4346 249 4430 pantia
270 4343 418 4408 exhibita
439 4342 597 4429 quidquid
619 4341 772 4407 librarius
795 4345 998 4429 peccavisset
1011 4368 1085 4410 cam
1100 4344 1282 4432 pulvisculo
1304 4347 1425 4411 exhau-

138 4448 242 4512 rirem.
287 4466 364 4510 nam
386 4466 446 4510 nec
466 4446 537 4531 ipse
559 4444 642 4509 liber
664 4455 731 4510 tam
752 4444 905 4530 religiosa
924 4467 1038 4532 opera,
1062 4469 1144 4532 quae
1167 4447 1240 4511 aliis
1262 4449 1425 4532 scriptori·

138 4548 196 4614 bus
217 4551 291 4614 iure
311 4546 514 4634 inpenditur,
538 4546 655 4631 dignus
675 4568 746 4611 esse
761 4547 951 4627 videbatur,
975 4558 1008 4612 ct
1028 4549 1188 4634 quaedam
1209 4571 1268 4635 per
1289 4571 1323 4614 se
1345 4553 1424 4615 satis

137 4649 220 4716 levia
242 4661 311 4716 tarn
334 4658 445 4735 aperte
467 4658 621 4733 corrupta
641 4658 750 4730 erant,
772 4658 810 4713 ut
823 4652 1011 4715 memoriam
1025 4651 1179 4716 vitiorum
1201 4650 1328 4736 longius
1351 4674 1421 4737 pro

137 4775 256 4839 pagare
283 4750 401 4817 inutile
430 4749 606 4815 videretur.
649 4751 775 4816 accedit
809 4751 896 4837 quod
932 4773 1051 4839 magna
1086 4775 1162 4838 pars
1198 4774 1309 4818 eorum
1341 4775 1424 4839 quac

137 4854 257 4922 librarii
279 4861 500 4942 peccaverunt
521 4875 584 4918 non
607 4863 671 4918 1111
696 4854 797 4919 errori
819 4853 981 4919 scribendi
1010 4877 1107 4941 quarn
1129 4856 1209 4921 vitio
1237 4858 1424 4940 pronuntia·
