3314 5506
523 402 721 467 lusitavit
743 401 885 464 nuntiat
907 400 1075 464 att-860
1387 399 1445 463 187
1541 434 1544 439 ·

229 519 363 562 .aat.rta.
1251 519 1394 560 amaon.

178 533 314 667 augutam
337 598 365 651 et
392 609 483 670 supra
511 591 588 651 dicta
618 592 713 651 iornta
739 589 896 660 declinari,
928 598 961 651 nt
988 597 1057 669 pute
1086 592 1195 669 aspicio
1224 532 1319 650 silicio
1348 591 1444 651 inicio.

182 691 226 752 sed
248 693 313 754 baec
337 695 510 773 imperativo
534 693 622 753 modo
652 695 792 770 temporis
819 695 983 770 praesentis
1011 695 1040 753 in
1063 711 1152 771 snpra
1176 694 1251 753 dicta
1282 710 1445 770 personae

186 792 262 854 littera
282 802 385 856 tanturn
408 796 619 864 terminantur,
650 802 772 873 utputa
797 796 895 872 aspice
917 793 1001 855 oiiicc
1026 796 1111 855 inice.
1156 796 1199 855 sic
1226 800 1342 855 etcum
1365 813 1446 855 cont·

188 895 305 972 wdone
320 914 369 958 sna
387 898 417 958 in
440 898 543 958 eadent
564 914 689 976 persona
709 896 903 957 declinantur.

254 997 358 1060 tacto
378 1000 465 1060 etilo
486 998 553 1059 talis
575 998 684 1059 locutio
708 999 838 1059 nascitur
858 998 997 1059 calefacio
1019 998 1122 1060 calebo
1146 998 1313 1059 calefactus.
1354 1000 1396 1059 sic
1418 1006 1447 1059 et
1472 1020 1485 1058 a

189 1103 267 1157 cetera
283 1099 352 1169 talia,
370 1120 447 1180 quae
464 1110 588 1180 possunt
608 1120 624 1160 a
647 1100 722 1161 lacio
747 1099 790 1159 vel
813 1101 850 1160 ito
873 1101 1017 1170 accidere,
1041 1107 1109 1160 sunt
1126 1101 1352 1178 pronuntianda.
1397 1102 1446 1161 odi

188 1198 242 1256 uoti
264 1204 368 1263 memini
393 1203 522 1282 speciem
550 1203 712 1280 perfectam
742 1203 894 1262 continent
919 1211 948 1262 et
968 1221 1041 1281 quas
1062 1221 1111 1262 res
1139 1203 1215 1281 regit
1241 1205 1354 1281 species
1378 1222 1446 1282 per·

188 1297 256 1359 tecta.
292 1321 361 1365 nunc
381 1307 550 1384 quaeritur,
572 1323 629 1383 qua
651 1304 688 1364 dc
711 1323 798 1365 causa
821 1306 941 1364 memini
963 1304 1094 1365 iuturum
1117 1312 1234 1382 tompus
1258 1304 1336 1365 modi
1354 1305 1446 1383 impe·

187 1401 256 1459 miti
273 1408 417 1468 contineat.
450 1406 502 1467 sed
525 1406 582 1466 boc
603 1408 728 1466 insonis
750 1413 943 1484 conpetenter
964 1406 1163 1467 tractabimus.
1209 1405 1287 1475 nolo,
1311 1424 1370 1466 non
1393 1408 1445 1476 vis,

187 1515 237 1560 non
253 1504 311 1574 tull,
331 1507 476 1575 nolumus.
500 1527 559 1569 non
581 1507 681 1576 sititis,
706 1508 817 1567 nolunt.
863 1526 943 1568 nnnc
965 1508 1034 1568 nolo
1061 1508 1284 1588 quibusmodis
1312 1506 1355 1569 vel
1378 1526 1445 1587 per·
1459 1527 1485 1568 ro

188 1603 253 1661 sonis
271 1605 386 1680 deiciat,
415 1610 472 1671 boc
493 1612 521 1670 in
547 1612 627 1671 sonis
650 1618 841 1689 conpetenter
863 1610 1063 1672 tractabimus,
1108 1609 1174 1670 volo
1197 1611 1240 1670 vis
1260 1610 1264 1688 l
1283 1609 1344 1670 vult
1365 1609 1446 1671 rolu-

188 1709 327 1772 mttstultis
345 1711 456 1774 volunt.
503 1730 582 1773 nnuc
603 1712 669 1773 tolo
697 1712 921 1790 quibusmodis
950 1711 993 1772 tel
1016 1714 1151 1791 personis
1178 1711 1307 1780 deficiat,
1338 1712 1396 1772 boc
1417 1713 1446 1772 in

189 1805 446 1892 solemneter
467 1812 667 1877 tractabimus.
712 1811 790 1875 malo
813 1815 903 1874 mavis
925 1813 1033 1874 mavult
1055 1813 1202 1874 malumus
1225 1813 1359 1874 mavultis
1385 1832 1447 1874 tua-

189 1900 247 1964 lunt.
281 1930 352 1977 nnnc
372 1915 451 1977 tnslo
472 1915 582 1995 quibos
603 1917 699 1977 modis
722 1914 765 1977 rel
789 1917 925 1995 personis
944 1915 1074 1985 deliciet,
1104 1915 1161 1975 boc
1183 1917 1213 1975 in
1236 1917 1316 1976 sonis
1338 1932 1446 1994 coupe-

191 2010 265 2069 uuor
287 2017 478 2079 meabimus.
522 2018 596 2078 rado
616 2019 661 2080 aio
683 2037 793 2097 quaeso
823 2018 929 2097 quibus
954 2019 1049 2078 modis
1071 2017 1115 2078 vel
1138 2019 1273 2097 personis
1300 2017 1444 2085 deficiant,
1462 2038 1485 2077 n

191 2103 274 2174 bacin
290 2122 362 2181 souis
388 2126 580 2198 conpetenter
605 2118 806 2181 tractabimus.
852 2120 947 2181 audeo
970 2121 1084 2199 gaudeo
1106 2118 1188 2180 soleo
1213 2126 1291 2180 meto
1314 2120 1373 2180 iido
1398 2120 1445 2188 lio,

191 2204 462 2302 imaeuoopasstva
482 2241 547 2284 esse
564 2231 771 2301 nuncupantur
791 2223 846 2283 bac
869 2222 905 2283 de
924 2241 1021 2290 cansa,
1044 2223 1180 2302 quoniam
1201 2240 1258 2290 rea,
1281 2240 1354 2301 quas
1370 2223 1448 2298 regit

190 2306 326 2385 indicativus
348 2324 455 2386 modus
475 2327 622 2402 ipsorum,
646 2326 772 2386 neutrali
796 2325 890 2385 lorma
912 2323 1114 2392 declinantur;
1144 2334 1173 2384 at
1195 2341 1264 2383 vero
1287 2341 1351 2393 res,
1374 2342 1447 2402 quas

191 2415 247 2490 ‘illl
262 2427 364 2502 spectes
386 2427 518 2506 perlecta
544 2429 691 2505 ipsorum,
721 2429 834 2507 passiva
860 2428 953 2487 iorrna
977 2426 1177 2494 declinantur,
1206 2432 1328 2503 utputa
1352 2426 1446 2486 audeo

190 2527 256 2580 'ills
277 2545 345 2590 sum
389 2530 433 2590 sic
460 2535 490 2590 ct
516 2536 614 2589 cetera
646 2547 735 2606 supra
767 2530 858 2597 dicta,
892 2538 924 2589 ut
956 2529 1095 2596 diximus,
1129 2527 1323 2588 declinantur.
1368 2544 1485 2587 nnucro

190 2625 314 2701 lltcdtm,
337 2649 395 2710 qua
420 2630 457 2691 de
479 2649 568 2691 causa
590 2649 606 2691 a
628 2632 667 2690 iio
686 2631 798 2692 infinito
821 2632 909 2692 modo
931 2632 995 2690 deri
1021 2633 1238 2708 pronuntietur.
1277 2647 1369 2708 quare
1390 2629 1447 2689 boc

189 2729 316 2802 litteratus,
339 2733 419 2812 quod
441 2732 497 2792 boc
519 2734 548 2791 in
570 2735 650 2794 sonis
673 2741 866 2813 conpetenter
887 2740 1014 2794 tractare
1036 2730 1221 2793 debebimus.

250 2828 309 2894 Sum
329 2833 453 2895 verbum
476 2834 650 2896 defectivum
681 2836 837 2896 indicativo
864 2836 953 2896 modo
981 2835 1091 2895 dictum
1117 2835 1260 2913 temporis
1284 2836 1447 2912 praesentis

190 2933 274 2993 ”imeri
293 2934 449 3013 singularis
470 2937 582 3014 ligures
601 2937 741 3015 simplicis
756 2954 900 3015 personae
918 2940 1041 3016 primae,
1066 2936 1144 3013 qnod
1160 2935 1355 2997 declinabitur
1372 2937 1423 2995 sic.
1438 2933 1447 3016 ll

190 3027 254 3090 uodo
270 3037 419 3098 indicativo
442 3040 584 3117 temporis
606 3041 771 3118 praesentis
795 3041 911 3100 numeri
932 3038 1089 3115 singularis
1110 3057 1175 3099 snm
1199 3057 1231 3098 es
1254 3047 1307 3108 est,
1331 3039 1446 3098 numeri
1459 3054 1485 3093 aa

177 3119 279 3204 ‚llinis
296 3158 399 3200 snmus
421 3141 492 3201 estis
514 3149 596 3201 sunt:
635 3141 738 3202 eodem
762 3142 851 3201 modo
874 3148 1007 3219 tempore
1027 3142 1186 3219 praeterito
1216 3141 1315 3219 specie
1335 3141 1465 3217 imper.

192 3220 244 3291 '0⁰¹³
268 3243 376 3302 numeri
405 3241 562 3320 singularis
594 3260 674 3303 eram
704 3251 874 3313 eraserat,
908 3245 1023 3303 numeri
1050 3241 1172 3320 pluralis
1207 3260 1325 3302 eramus
1357 3243 1447 3302 eratis

192 3342 263 3397 errat:
290 3343 392 3404 eodem
415 3344 504 3404 modo
527 3344 631 3404 eodem
654 3352 787 3423 tempore
811 3347 908 3422 specie
929 3345 1060 3424 perlecta
1087 3345 1203 3404 numeri
1224 3342 1382 3419 singularis
1406 3342 1446 3401 lui

194 3422 247 3495 '⁰5⁸5
263 3441 323 3515 luit,
353 3447 472 3506 numeri
493 3444 615 3524 pluralis
638 3448 746 3508 luimus
769 3448 864 3508 inistis
886 3447 1005 3507 luerunt
1028 3446 1071 3506 vol
1093 3446 1191 3505 luere:
1231 3445 1334 3505 eodem
1358 3444 1446 3504 modo

193 3532 267 3602 adm
288 3552 420 3626 tempore
447 3549 545 3625 specie
574 3548 860 3628 plusquamperfecto
890 3549 1005 3609 numeri
1027 3546 1183 3624 singularis
1212 3546 1325 3607 ineram
1349 3546 1486 3606 tuerasso

195 3626 273 3716 bea,
290 3651 405 3710 numeri
426 3648 548 3730 pluralis
576 3651 726 3712 ineramus
755 3652 876 3712 lucratis
904 3651 1033 3710 inerant:
1069 3649 1173 3709 eodem
1195 3648 1283 3708 morlo
1313 3655 1448 3727 tempore

193 3727 265 3804 laturo
281 3751 336 3811 sira
355 3753 531 3831 promissivo
551 3751 640 3812 modo
668 3755 783 3813 numeri
806 3752 964 3829 singularis
987 3770 1038 3811 cro
1061 3753 1119 3812 eris
1142 3753 1213 3821 erit,
1246 3752 1362 3810 numeri
1383 3749 1448 3829 plu·

193 3831 352 3913 &sinus
373 3855 456 3914 eritis
477 3863 573 3940 erunt.
619 3855 708 3922 modo
728 3856 900 3933 imperativo
926 3863 1062 3933 tempore
1085 3854 1183 3913 loturo
1210 3855 1326 3914 nutneri
1348 3855 1448 3931 singu·

193 3927 243 3998 11ήῦ
260 3958 312 4013 telo
337 3963 417 4024 esto,
449 3959 567 4017 numeri
595 3956 718 4035 pluralis
752 3965 845 4018 estote
867 3965 962 4017 sunto.
1010 3956 1097 4016 inodo
1119 3956 1232 4016 inlinito
1267 3957 1397 4015 numeris
1421 3963 1450 4014 et

192 4045 293 4114 imnis
311 4057 440 4118 coniusis
461 4064 596 4136 tempore
615 4061 763 4137 praesenti
784 4078 858 4128 esse,
881 4068 1013 4137 tempore
1036 4061 1195 4137 praeterito
1218 4058 1316 4118 luisse.
1361 4057 1449 4116 modo
1463 4067 1488 4109 ³⁵

192 4143 287 4212 “iltuto
314 4159 460 4237 temporis
491 4162 655 4237 praesentis
686 4163 801 4222 numeri
831 4159 988 4237 singularis
1017 4163 1129 4221 utinam
1159 4162 1229 4227 sirn,
1257 4160 1368 4219 utinam
1398 4160 1448 4227 sis,

193 4235 274 4313 “filiu
290 4260 341 4328 sit;
365 4261 484 4321 numeri
499 4260 621 4338 pluralia
644 4263 755 4323 utinam
770 4265 870 4332 simus,
895 4264 1007 4323 utinam
1026 4264 1098 4331 sitis,
1123 4264 1233 4323 utinam
1249 4263 1321 4321 sint:
1345 4261 1449 4322 eodem

191 4342 256 4408 Μ
268 4362 395 4440 tempore
410 4364 573 4441 praeterito
593 4365 691 4443 specie
714 4365 884 4442 imperfecta
906 4367 1021 4426 numeri
1038 4365 1194 4443 singularis
1215 4365 1328 4424 utinam
1342 4381 1448 4432 essem,

235 4517 401 4595 ‚imitatae
418 4533 538 4582 accedere
557 4533 606 4584 aa
690 4534 826 4584 timemini
845 4551 891 4588 om.
913 4536 946 4598 li,
964 4536 1026 4587 add.
1045 4552 1073 4583 ro
1150 4535 1166 4585 a
1184 4533 1348 4583 tractabimus
1367 4549 1381 4578 r
1399 4541 1448 4581 tra·

191 4581 284 4645 mimi·
300 4598 348 4650 RB
414 4601 448 4651 10
466 4604 585 4654 nolumus
602 4620 618 4652 r
635 4605 744 4654 nolimus
763 4605 811 4654 RB
884 4605 912 4654 ll
934 4606 1099 4653 tractabimus
1117 4621 1133 4651 r
1150 4603 1313 4653 tractanimus
1332 4602 1381 4652 RB

191 4645 318 4720 “⁰¹¹littn
336 4671 449 4720 solimus
468 4673 491 4723 R
597 4674 628 4725 13
647 4674 812 4724 tractabimus
829 4691 845 4721 r
864 4675 1027 4723 tractauimns
1043 4675 1092 4724 RB
1181 4674 1308 4722 malumus
1327 4688 1356 4720 ru
1376 4672 1449 4720 mali-

191 4730 260 4782 ΜΒ
336 4741 369 4792 15
386 4742 554 4791 tractabimus
573 4760 588 4791 r
608 4744 772 4793 tructaoimus
792 4744 840 4793 RB
926 4746 968 4792 aio
985 4744 1008 4792 B
1026 4744 1106 4795 aloll
1204 4744 1236 4793 to
1255 4743 1419 4791 tractabimus
1435 4756 1451 4788 r

190 4794 320 4859 miltitirnns
337 4810 386 4860 RB
455 4814 489 4863 22
508 4822 615 4863 tractare
631 4813 782 4864 debenimns
797 4813 960 4878 (debebimus
974 4812 1002 4879 r)
1023 4815 1046 4864 R
1065 4813 1229 4863 tractabimus
1248 4812 1273 4861 B
1343 4810 1376 4861 at
1395 4821 1449 4860 esto

190 4866 313 4929 “litero
331 4890 384 4930 este
401 4880 452 4930 RB
