3346 5506
230 387 291 451 378
804 383 943 448 nudari

279 490 425 542 pac-vsa..
463 508 466 513 ,
536 508 544 515 --
626 507 629 514 ·
665 512 668 518 -
805 509 842 519 .,
942 505 946 512 ·
1295 493 1471 547 parma-v.
1539 512 1542 517 -

228 571 379 649 praescius
401 569 514 639 lutura3
538 570 594 631 alia
615 568 787 642 ablativum,
810 577 843 631 ut
856 556 1004 632 secundus
1025 571 1197 655 altomulo,
1221 571 1295 634 alter
1316 571 1443 653 aSyllaa
1466 571 1521 634 alia

228 671 387 750 septimum
409 689 525 743 casum,
550 679 582 733 ut
603 671 709 750 diguus
735 668 749 756 ΙΙ
773 690 911 741 munere,
934 679 1047 734 mactus
1069 673 1185 735 virtute.

314 771 419 833 Omnia
442 775 561 834 nomina
583 772 707 835 ablativo
730 792 800 835 casu
827 773 969 853 singulari
996 775 1126 854 quinque
1152 773 1261 837 litteris
1289 774 1440 837 vocalibus
1462 784 1521 837 ter·

229 874 393 943 minantur,
422 873 474 934 sed
497 878 531 935 ea
554 875 705 936 dumtaxat
726 894 801 955 quae
829 893 889 937 uon
917 884 987 937 suut
1013 884 1127 956 aptota:
1163 878 1194 938 iu
1223 875 1282 939 iius
1309 879 1391 938 enlm
1419 875 1523 955 regula

202 991 289 1035 anon
312 983 437 1035 tenetur.
481 994 684 1058 quaecumque
708 980 826 1039 uomina
848 976 974 1039 ablativo
996 995 1066 1039 casu
1087 977 1230 1056 singulari
1251 998 1268 1040 a
1289 977 1387 1040 littera
1409 978 1523 1040 luerint

228 1078 398 1147 terminata,
422 1079 587 1155 genetivum
611 1076 755 1158 pluralem
777 1079 807 1139 in
830 1098 895 1140 rum
919 1077 1060 1159 syllabam
1082 1080 1215 1150 mittunt,
1238 1079 1366 1142 dativum
1389 1087 1420 1141 et
1442 1078 1522 1141 abla-

228 1181 317 1240 tivum
336 1179 370 1239 in
392 1180 431 1249 is,
455 1185 486 1238 ut
508 1178 544 1239 ab
567 1181 623 1241 bac
644 1182 740 1251 illusa,
765 1180 868 1241 barum
891 1181 1056 1250 Musarum,
1080 1178 1127 1241 bis
1148 1190 1179 1242 ct
1200 1180 1238 1243 ab
1260 1181 1306 1241 bis
1328 1182 1430 1244 blasio.
1470 1200 1524 1243 ne·

228 1299 310 1341 cesse
339 1287 384 1340 est
411 1287 508 1341 autem
536 1289 638 1342 contra
667 1283 743 1343 banc
771 1281 902 1362 regulam
931 1280 1117 1343 declinentur
1149 1300 1183 1344 ea
1209 1283 1339 1353 nomina,
1362 1282 1524 1364 inquibus

228 1400 336 1461 genera
360 1381 554 1442 discernenda
577 1391 659 1452 sunt,
690 1391 722 1444 ut
743 1382 779 1444 ab
802 1384 858 1445 bac
887 1383 955 1455 dea,
983 1384 1088 1445 barum
1112 1382 1249 1453 dearum,
1279 1384 1327 1445 bls
1352 1391 1383 1445 et
1408 1382 1449 1446 ab
1477 1384 1524 1445 ivis

143 1552 147 1558 ,
191 1497 215 1538 ιο
228 1484 352 1553 deabus,
377 1502 422 1554 ue,
446 1484 471 1543 si
493 1483 556 1544 (leis
578 1485 747 1556 dixerimus,
770 1485 850 1555 deos,
875 1502 934 1546 non
956 1485 1026 1547 deas
1047 1485 1213 1563 siguificare
1234 1485 1396 1547 videamur.
1431 1502 1524 1563 quae·

159 1571 160 1574 ¹
228 1604 354 1665 cumque
376 1586 494 1645 nomina
518 1584 643 1646 ablativo
665 1605 735 1648 casu
757 1585 899 1665 singulari
921 1605 938 1647 c
961 1586 1056 1648 littera
1072 1595 1208 1667 correpta
1230 1587 1341 1648 luerint
1353 1588 1524 1656 terminata,

228 1689 396 1764 genetivum
419 1685 562 1766 pluralem
586 1689 616 1747 in
638 1707 687 1749 um
704 1687 844 1768 syllabam
865 1689 997 1759 mittunt,
1021 1687 1148 1749 dativum
1173 1695 1203 1750 et
1223 1687 1380 1750 ablativum
1402 1689 1434 1748 in
1457 1687 1523 1760 bus,

228 1796 260 1849 ut
281 1787 318 1849 ab
342 1789 398 1849 boc
420 1790 547 1869 pariete,
570 1788 677 1850 borum
700 1792 858 1869 parietum,
882 1791 929 1852 bis
951 1798 981 1850 ct
1002 1788 1039 1850 ab
1061 1789 1107 1851 his
1121 1789 1293 1869 parietibus.
1324 1797 1430 1851 contra
1445 1790 1525 1852 banc

228 1889 360 1968 regulam
382 1892 548 1952 invenimus
569 1890 607 1951 ab
629 1891 687 1951 boc
710 1910 790 1962 vase,
814 1892 920 1953 borum
944 1909 1095 1962 vasorum,
1118 1891 1165 1951 bis
1187 1899 1216 1952 et
1237 1889 1274 1952 ab
1297 1892 1344 1953 bis
1367 1894 1452 1954 vasis.
1498 1894 1525 1953 si

190 2003 214 2044 1⁵
229 2009 297 2052 vero
326 1992 507 2072 eproduota
535 1993 645 2052 luerint
667 1995 836 2064 terminata,
865 1995 1031 2072 genetivum
1061 1991 1204 2072 pluralem
1232 1995 1262 2052 iu
1289 2011 1356 2054 rum
1379 1992 1523 2074 syllabam

228 2095 361 2162 mittant,
379 2094 511 2155 dativum
535 2102 564 2155 et
586 2092 743 2154 ablativum
765 2095 795 2154 iu
818 2094 887 2165 bus,
911 2101 943 2155 ut
964 2094 1000 2155 ab
1023 2094 1078 2155 bac
1094 2112 1141 2164 re,
1165 2093 1269 2155 barum
1285 2113 1401 2165 rerum,
1423 2094 1473 2156 bis
1495 2101 1526 2155 et

227 2195 263 2256 ab
287 2195 457 2264 blembas:
482 2204 512 2256 et
532 2195 606 2257 baec
628 2193 729 2273 regula
752 2198 873 2276 proprie
895 2196 1028 2256 seminini
1050 2197 1169 2274 generis
1191 2204 1318 2274 putatur.
1363 2214 1524 2275 quaecum·

228 2315 284 2376 que
307 2299 426 2358 nomina
450 2295 575 2358 ablativo
597 2314 667 2357 casu
690 2296 831 2376 singulari
853 2299 863 2359 i
891 2296 987 2357 littera
1016 2297 1126 2358 luerint
1154 2299 1323 2367 terminata,
1352 2299 1524 2374 genetivum

227 2398 371 2478 pluralem
399 2400 431 2458 in
459 2399 519 2459 ium
550 2396 690 2477 syllabam
714 2399 848 2469 mittunt,
878 2398 1004 2460 dativum
1034 2405 1063 2458 et
1084 2397 1241 2460 ablativum
1271 2398 1396 2468 iabus,
1425 2408 1459 2460 ut
1486 2398 1526 2460 ab

189 2510 214 2550 ²⁰
227 2500 283 2560 bac
305 2501 410 2580 puppi,
434 2500 538 2560 barum
561 2501 719 2580 puppium,
742 2501 789 2562 bis
811 2510 840 2562 et
861 2500 898 2561 ab
916 2495 922 2583 Ι
941 2501 987 2562 lais
1008 2499 1165 2580 puppibus.
1195 2500 1379 2561 huiusmodi
1401 2502 1524 2563 nomina

228 2619 327 2663 casum
350 2603 546 2663 accusativum
569 2600 714 2681 pluralem
737 2610 859 2682 propter
881 2601 1076 2663 differentiam
1098 2601 1204 2663 melius
1225 2603 1255 2662 in
1279 2603 1413 2682 isquam
1437 2605 1470 2663 iu
1491 2621 1527 2663 es

226 2702 366 2783 syllabam
389 2704 563 2772 terminant,
585 2711 619 2764 ut
640 2704 693 2764 bas
714 2705 822 2783 puppis
850 2704 930 2764 navis
958 2702 1057 2764 clavis.
1102 2721 1205 2765 eorum
1234 2711 1333 2765 autem
1356 2704 1525 2774 nominum,

227 2823 301 2885 quac
324 2806 459 2883 genetivo
481 2824 551 2866 casu
573 2803 679 2884 plurali
701 2806 731 2864 in
753 2807 814 2866 ium
829 2802 970 2885 syllabam
986 2805 1067 2866 exire
1082 2812 1221 2885 possunt,
1243 2806 1321 2865 trina
1342 2803 1446 2881 regula
1463 2813 1525 2866 est:

226 2924 284 2966 una
308 2924 410 2968 eorum
433 2915 493 2975 est,
516 2926 590 2987 quae
615 2909 792 2968 nominativo
815 2925 883 2967 casu
898 2903 1040 2985 singulari
1062 2925 1082 2966 n
1105 2914 1135 2967 et
1155 2926 1171 2967 s
1192 2906 1298 2966 litteris
1313 2907 1526 2976 terminantur,

189 3020 214 3060 2⁵
227 3016 260 3069 ιιι
281 3027 367 3069 mons
389 3010 548 3076 ordiatium:
578 3007 669 3070 altera
698 3027 816 3079 eorum,
845 3026 923 3097 quae·
942 3006 1068 3069 ablativo
1090 3026 1159 3069 casu
1181 3006 1322 3087 singulari
1344 3026 1361 3068 e
1384 3016 1526 3087 correpta

227 3111 369 3170 liniuntur
397 3120 427 3170 et
454 3110 593 3169 lenviuina
622 3118 704 3179 sunt,
734 3119 766 3171 ut
794 3109 829 3171 ab
860 3109 915 3170 bac
943 3108 1026 3170 clade
1049 3110 1154 3171 barum
1178 3109 1303 3170 cladium
1329 3108 1435 3188 [caede
1458 3128 1525 3171 cae·

228 3211 340 3292 diuur];
372 3213 456 3271 tertia
480 3230 599 3280 eorum,
622 3208 635 3293 ll
656 3231 730 3292 quae
753 3211 878 3272 ablativo
907 3229 975 3271 casu
998 3210 1141 3289 singulari
1163 3213 1173 3270 i
1195 3210 1289 3270 littera
1314 3211 1525 3282 terminantur,

227 3322 258 3374 ut
280 3312 317 3373 ab
341 3313 395 3373 bac
417 3315 489 3374 resti
513 3313 617 3374 barum
641 3315 772 3375 restium.
810 3312 860 3373 sed
885 3313 957 3372 baec
972 3311 1074 3390 regula
1098 3313 1185 3372 etiam
1208 3313 1404 3372 accusativum
1421 3330 1525 3374 casum

226 3415 405 3493 singularem
428 3415 577 3476 interdum
601 3434 655 3493 per
677 3417 687 3474 i
709 3413 836 3474 litteram
859 3413 987 3493 profert,
1010 3421 1043 3474 ut
1057 3414 1133 3474 banc
1148 3415 1267 3482 restim,
1290 3413 1368 3473 banc
1388 3415 1524 3493 puppim.

189 3518 333 3576 alvorum
367 3515 458 3576 multa
492 3517 641 3577 cernimus
677 3516 889 3577 cousuetudine
929 3520 1105 3576 conmutata.
1161 3532 1364 3594 quaecumque
1401 3516 1525 3575 nomina

228 3616 352 3678 ablativo
380 3636 451 3678 casu
479 3617 622 3696 singulari
644 3638 661 3678 o
683 3616 781 3678 littera
804 3618 914 3677 luerint
935 3618 1111 3687 terminata,
1135 3617 1301 3695 genetivum
1323 3613 1469 3694 pluralem
1493 3618 1524 3676 iu

228 3737 293 3779 rum
316 3717 458 3797 syllabam
482 3721 615 3789 mittunt,
639 3719 767 3780 dativum
791 3726 820 3778 ct
842 3716 998 3778 ablativum
1015 3719 1044 3776 in
1060 3719 1101 3786 is,
1124 3727 1157 3777 ut
1179 3717 1216 3778 ab
1232 3717 1289 3777 boc
1312 3715 1398 3778 docto
1414 3717 1524 3779 borum

228 3820 382 3880 doctorum
412 3821 456 3881 bis
487 3829 516 3881 et
544 3819 580 3880 ab
609 3820 654 3881 lris
682 3819 785 3881 doctis.
831 3827 932 3879 contra
962 3820 1039 3879 banc
1062 3819 1195 3897 regulam
1217 3819 1384 3879 invenimus
1406 3816 1445 3879 ab
1468 3818 1524 3879 bac

228 3921 315 3982 (laturo
338 3921 495 3983 danaorum
518 3920 653 3983 domibus
676 3931 705 3983 et
726 3922 763 3983 ab
779 3922 835 3982 lrcc
856 3922 960 3998 iugero
983 3923 1153 3999 iugerorum
1176 3919 1337 3999 iugeribus.
1368 3918 1421 3979 scd
1444 3920 1524 3980 scire

296 4107 312 4158 3
327 4123 360 4156 aa
376 4122 487 4158 caninus
500 4122 621 4158 nostrata:
632 4109 711 4157 anta‘r
726 4120 786 4156 casu
797 4104 887 4156 Omnia
896 4108 932 4156 S:
944 4107 1033 4156 Omnia
1045 4106 1149 4165 -379,
1161 4106 1178 4156 li
1190 4107 1320 4156 existimet
1331 4106 1413 4158 Diem.
1433 4121 1461 4168 p.
1470 4105 1524 4156 279

226 4194 292 4295 itt
310 4177 602 4312 ,tdttlittttil
613 4178 656 4296 a?
664 4186 755 4295 titt
765 4176 833 4295 titt
843 4176 958 4312 {titii
971 4174 1524 4311 ἓῗῗὲῖἷὶῗιὶῗῖιῖἷῗῖοῒοῖἶιιῗῖἓῗὶξίῗὲέ

227 4316 389 4367 declinaris
427 4315 456 4366 10
472 4314 701 4380 ne-vidoauntr]
721 4316 978 4367 sed-uidemurL
1014 4315 1161 4364 sicliisLS
1191 4315 1338 4365 ›uoudea‘aS
1373 4316 1405 4365 lt
1423 4315 1522 4364 iuueni·

228 4401 285 4434 mus
300 4394 327 4434 ut
345 4386 376 4434 ab
396 4386 442 4436 SP
513 4386 541 4435 17
558 4387 633 4435 rebus
647 4386 678 4434 ab
693 4384 741 4434 lrac
755 4387 839 4450 specie
853 4385 942 4434 barum
956 4386 1099 4451 specierum
1114 4384 1155 4434 bis
1172 4394 1197 4434 et
1215 4385 1245 4433 ab
1264 4384 1305 4434 bis
1323 4383 1459 4448 speciebus
1476 4384 1522 4433 scd

227 4456 290 4504 baec
308 4456 333 4503 P
385 4456 418 4505 22
435 4462 493 4516 post
512 4457 592 4505 clavis
605 4457 659 4510 ιἰις
676 4457 764 4505 addita
782 4464 840 4505 suat
856 4455 927 4517 llaec,
944 4456 1002 4518 quia
1015 4455 1122 4520 puppim
1140 4455 1225 4502 uauim
1240 4453 1333 4503 clauim
1351 4464 1376 4503 et
1388 4468 1439 4502 nou
1457 4467 1522 4517 pup-

228 4541 285 4589 pem
314 4539 404 4573 nauem
435 4525 546 4574 clauom:
575 4526 659 4574 evadent
685 4526 801 4576 videatur
825 4527 905 4584 fuisse
933 4528 957 4574 ivr
986 4525 1023 4581 P,
1052 4525 1099 4575 aed
1125 4531 1216 4585 postea
1245 4524 1330 4573 deleta
1400 4523 1434 4573 23
1458 4538 1522 4587 quae

227 4596 372 4660 genetibum
389 4608 476 4642 casam
497 4594 619 4658 pluralem
637 4595 661 4641 in
686 4596 737 4643 ium
759 4598 779 4646 S
847 4596 880 4643 24
900 4608 949 4642 una
970 4609 1056 4643 eorum
1077 4593 1246 4643 Llia'ovvredes
1259 4608 1288 4655 p.
1308 4592 1359 4641 282
1378 4594 1463 4657 prims
1479 4607 1521 4641 co·

228 4680 282 4713 rum
302 4665 327 4712 P
344 4665 426 4728 prima
443 4679 513 4711 crum
531 4665 551 4712 S
620 4679 685 4726 quae
707 4663 877 4714 dominatibus
896 4663 1035 4727 singularis
1054 4679 1068 4710 ιι
1088 4672 1113 4711 et
1131 4679 1143 4712 s
1162 4662 1253 4712 litteris
1279 4662 1456 4712 terminantS

227 4733 261 4783 25
277 4749 291 4782 e
305 4740 448 4797 correptum
463 4733 550 4781 linitur
570 4732 692 4782 feminina
710 4734 732 4784 S
801 4735 835 4784 26
852 4733 929 4781 caede
947 4733 1063 4782 caedium
1080 4749 1127 4782 om.
1144 4730 1202 4797 LP,
1222 4733 1254 4782 ab
1272 4731 1320 4779 lvac
1337 4730 1416 4780 caede
1432 4730 1522 4780 barum

227 4802 342 4851 caedium
360 4806 533 4865 superscripta
550 4804 647 4851 arentin
668 4803 692 4850 P
776 4801 901 4868 asperi
921 4810 987 4851 etm
1009 4803 1117 4852 litteram
1135 4803 1161 4851 P
1230 4800 1346 4850 reiertS
1414 4800 1523 4866 puppim

227 4871 293 4921 lrauc
307 4873 393 4921 turrim
411 4871 437 4920 P
484 4870 519 4923 33
536 4872 680 4922 iuuenimus
700 4881 727 4921 ut
746 4873 778 4922 ab
793 4872 840 4921 bae
860 4872 973 4923 domos
1028 4871 1062 4922 at
1081 4872 1157 4922 domo
1175 4871 1298 4922 domuum
1311 4868 1433 4920 domibus
1451 4876 1476 4919 et
1490 4869 1521 4919 ab
