3314 5506
216 391 279 450 414
798 381 919 443 sautu

1279 500 1302 543 p.
1316 488 1415 531 troo-va
1424 488 1447 530 v.

216 569 343 631 neutrali
366 568 457 631 verbo
486 576 516 629 et
538 568 650 646 agentis
677 569 843 629 invenimus
865 568 1124 644 significationem,
1147 574 1181 629 ut
1202 575 1286 636 nato,
1309 575 1340 629 et
1359 569 1513 649 patientis,

216 681 250 732 ut
272 671 387 750 vapulo.
432 673 500 732 item
529 673 559 730 in
588 670 747 749 deponenti
777 669 881 739 verbo,
905 669 956 730 ubi
977 667 1039 730 sola
1061 670 1162 749 utique
1185 668 1287 731 debuit
1308 689 1372 733 esse
1392 671 1520 751 passiva

195 774 404 851 significatio,
433 781 461 833 et
489 773 602 850 agentis
633 789 691 832 non
722 789 880 852 numquam
909 772 1070 842 invenitur,
1093 778 1127 832 nt
1147 777 1193 833 est
1214 770 1330 852 loquor.
1372 771 1520 844 conlusio

217 883 315 935 antem
344 876 508 935 communis
535 872 618 934 verbi
650 872 766 934 casibus
794 880 976 953 segregatur.
1022 890 1089 933 nam
1117 873 1143 932 si
1171 874 1371 935 accusativum
1406 893 1520 949 omnm

191 977 334 1055 siungas,
364 978 476 1054 agentis
498 983 556 1046 est,
587 982 620 1035 ut
641 976 783 1035 criminor
805 974 902 1043 illnm;
933 976 958 1035 si
981 972 1157 1047 ablativum,
1180 976 1333 1055 patientis,
1355 984 1389 1038 nt
1407 977 1518 1049 ovim

216 1098 273 1139 nor
294 1078 332 1139 ab
354 1077 414 1138 illo.

302 1180 448 1259 Tempora
476 1186 545 1239 sum
566 1179 709 1259 quinque:
739 1196 893 1259 praesens,
917 1177 995 1259 qnod
1019 1179 1130 1257 agitur,
1153 1185 1186 1240 ut
1206 1177 1292 1258 lego;
1315 1181 1502 1260 praeteritum

218 1282 429 1360 inperfectum,
458 1281 536 1360 quod
559 1282 700 1341 omissum
723 1288 769 1340 est
791 1287 820 1340 et
842 1298 902 1339 non
924 1280 1109 1360 conpletum,
1132 1288 1166 1342 ut
1187 1279 1338 1361 legebam
1364 1291 1493 1364 praeteri

132 1395 137 1404 ·
219 1392 280 1443 tum
303 1383 484 1463 perlectum,
508 1381 586 1462 quod
610 1381 778 1461 conpletum
801 1389 847 1441 est
868 1379 955 1460 pardo
970 1390 1051 1452 ante,
1075 1390 1112 1443 ut·
1122 1381 1196 1462 legi;
1220 1386 1411 1464 praeteritum
1423 1385 1487 1465 plne·

180 1502 205 1544 m
218 1484 488 1566 quamperlectum,
511 1483 590 1563 quod
613 1483 781 1563 conpletum
798 1490 844 1543 est
857 1482 945 1553 olim,
968 1491 1000 1544 ut
1021 1483 1166 1562 legeram;
1189 1485 1339 1555 futurum,
1361 1487 1433 1568 quod
1448 1489 1481 1548 in·

219 1589 326 1656 minet,
350 1595 383 1648 ut
405 1586 511 1666 legam.
556 1583 635 1646 unde
658 1588 758 1647 vitiose
779 1583 918 1645 locuntur
941 1587 991 1665 qni
1013 1585 1115 1646 dicunt
1135 1587 1292 1666 ‘expecta
1314 1589 1398 1650 modo
1417 1606 1478 1666 egre·

219 1688 306 1749 ‹liov.'
344 1708 411 1749 nant
440 1690 565 1765 iungunt
593 1689 834 1765 significationem
864 1688 991 1748 futuram
1022 1698 1051 1748 ct
1077 1705 1218 1768 praesens
1253 1690 1391 1771 temlipus.
1427 1691 1475 1751 item

219 1793 269 1870 qui
299 1791 400 1851 dicunt
433 1792 517 1850 ‘eras
546 1788 599 1849 tibi
627 1789 693 1868 lego
724 1790 899 1850 lectioneru'
927 1791 1029 1849 vitiose
1058 1788 1207 1850 locuntur.
1252 1810 1320 1853 nam
1346 1811 1408 1853 cum
1429 1789 1474 1867 lego

220 1894 384 1972 praesentis
406 1893 549 1970 temporis
571 1893 622 1961 sit,
646 1910 712 1951 cras
734 1910 803 1951 vero
826 1891 995 1951 adverbium
1019 1892 1165 1961 futurum,
1188 1895 1292 1974 utique
1313 1895 1382 1954 baec
1395 1893 1473 1953 locutio

183 2013 207 2052 rs
222 2014 280 2055 non
304 1996 450 2055 cohaeret.
496 1993 680 2054 tractandum
709 1995 796 2053 etiam
819 1991 905 2057 illud.
929 2012 965 2052 au
990 2010 1059 2053 sana
1082 2003 1160 2055 esset
1181 1993 1292 2056 locutio
1314 1996 1394 2065 haec,
1413 1996 1473 2053 ‘cras

221 2096 345 2175 legam’.
369 2116 405 2156 an
428 2098 512 2157 ‘cras
534 2095 626 2174 lcgo’.
652 2096 734 2156 ‘cras
756 2096 850 2174 lego',
875 2101 906 2154 ut
928 2094 1068 2164 diximus,
1091 2096 1227 2157 vitiosum
1251 2106 1308 2165 est;
1332 2101 1420 2157 ‘cras'
1436 2112 1472 2153 au·

220 2206 280 2257 tem
303 2198 435 2276 ‘legam'
460 2198 524 2258 ideo
549 2216 606 2258 non
630 2197 701 2257 nulli
728 2199 865 2258 vitiosum
888 2197 1031 2264 indicant,
1062 2199 1203 2277 quoniam
1225 2199 1284 2262 duo
1307 2198 1396 2260 lutura
1413 2194 1473 2274 quasi

220 2300 249 2360 in
272 2298 349 2360 aliud
373 2301 502 2360 futurum
526 2318 580 2360 nos
602 2299 748 2360 dilierunt.

305 2402 384 2462 llodi
407 2404 485 2462 varie
509 2410 640 2480 tcnqtora
663 2402 819 2479 recipiunt.
850 2400 1022 2462 indicativus
1044 2402 1122 2461 enirn
1146 2404 1245 2462 omnia
1268 2404 1391 2483 quinque
1407 2415 1473 2478 supra

182 2523 207 2564 oo
228 2505 303 2564 dicta
327 2503 416 2563 babet
437 2512 585 2580 tempora;
609 2505 796 2583 imperativus
819 2521 888 2562 vero
911 2503 969 2563 duo
998 2511 1124 2573 tantum,
1148 2523 1291 2583 praesens
1312 2513 1342 2564 et
1359 2504 1472 2565 luturvm:

221 2608 365 2686 optativus
393 2608 463 2674 tria,
495 2606 546 2666 sed
577 2608 737 2683 geminata:
768 2623 836 2664 uana
858 2622 999 2687 praesens
1021 2613 1051 2665 et
1072 2606 1269 2685 inperfectum
1291 2626 1345 2687 pro
1365 2610 1472 2668 unoest:

221 2709 291 2768 item
314 2707 479 2787 perlectum
504 2716 532 2767 et
555 2706 876 2787 plusquamperfectum
900 2706 987 2767 babet
1010 2714 1040 2767 et
1060 2707 1202 2769 loturum.
1242 2710 1427 2770 coniunctius
1444 2709 1474 2762 tot

223 2818 355 2890 tempora
379 2809 482 2877 habet,
506 2819 577 2889 quot
599 2817 629 2869 et
650 2809 833 2869 indicativus.
879 2810 1037 2870 infinitivus
1059 2811 1115 2869 tria
1138 2809 1228 2871 babet
1250 2818 1392 2891 tempora.
1411 2822 1473 2886 prae·

221 2931 288 2974 sens
311 2915 501 2992 praeteritum
535 2913 673 2972 iuturunr.
719 2910 770 2971 sed
793 2913 869 2971 seire
892 2911 1033 2971 debemus
1055 2913 1086 2971 in
1108 2912 1247 2973 omnibus
1268 2903 1384 2992 passivis
1402 2906 1474 2968 verbis

183 3017 381 3096 as-praeterita
407 3025 556 3094 tempora,
585 3013 615 3072 id
638 3022 682 3073 est
703 3014 866 3093 perlectum
890 3022 919 3074 et
940 3013 1279 3093 plusquamperfectum,
1303 3014 1404 3076 habere
1421 3007 1474 3071 ulte·

220 3120 299 3179 rinra
328 3119 494 3194 praeterita.
534 3134 675 3193 personas
697 3134 800 3175 onvnes
823 3115 902 3174 modi
931 3124 1099 3194 segregatas
1122 3116 1232 3177 babent
1254 3117 1362 3197 absque
1380 3112 1474 3175 nunu,

220 3219 270 3279 ubi
293 3219 432 3280 contusae
455 3226 536 3286 srrnt,
561 3225 592 3277 ut
615 3217 750 3278 divimus
783 3218 888 3278 modus
910 3227 1006 3278 autem
1029 3220 1219 3298 imperativus
1243 3218 1332 3280 habet
1353 3211 1474 3278 difficulta-

221 3331 279 3381 tem
304 3340 512 3400 personarunt,
536 3339 610 3399 quae
633 3319 699 3380 talis
722 3329 774 3380 est.
813 3321 906 3397 prima
930 3337 1055 3397 persona
1078 3322 1107 3379 in
1130 3329 1264 3399 tempore
1287 3319 1423 3400 praesenti
1440 3313 1474 3373 de

220 3425 294 3493 licit,
323 3424 376 3484 sed
405 3427 434 3483 in
467 3442 590 3484 numero
618 3421 773 3499 singulari;
803 3431 933 3482 ceterum
963 3423 994 3481 in
1024 3439 1147 3483 numero
1176 3421 1284 3502 plurali
1312 3440 1371 3483 non
1394 3415 1474 3481 delicit.

181 3525 285 3585 ntideo
309 3536 406 3586 antem
429 3526 554 3586 delicere
581 3524 725 3594 creditur,
754 3526 892 3603 quoniam
920 3542 1007 3584 omne
1034 3526 1240 3604 imperativum
1269 3526 1299 3585 in
1327 3523 1408 3586 alium
1425 3533 1474 3598 pitr

220 3627 311 3697 cedit,
342 3627 371 3687 id
400 3637 444 3688 est
472 3627 600 3688 secunda
628 3644 752 3704 persona
783 3628 920 3686 nascitur.
965 3627 996 3685 in
1024 3635 1159 3705 tempore
1181 3645 1252 3687 vero
1274 3627 1370 3687 futuro
1390 3619 1473 3684 amir

221 3747 343 3788 urrvnero
366 3729 507 3806 singulari
530 3748 616 3806 quam
641 3730 670 3787 in
695 3745 818 3787 numero
841 3726 947 3806 plurali
970 3730 1063 3807 prima
1086 3746 1213 3807 persona
1236 3728 1348 3797 delicit:
1374 3717 1473 3787 secunde

221 3850 288 3890 vero
317 3838 346 3890 et
372 3833 456 3891 tertia
485 3832 514 3890 in
543 3848 666 3891 numero
695 3829 836 3907 singulari
865 3848 923 3889 uno
951 3831 1039 3892 modo
1062 3831 1271 3910 proferuntur,
1300 3837 1334 3892 ut
1352 3829 1471 3906 tegiuto

220 3931 307 4008 legito
331 3931 392 4001 ille,
417 3941 448 3991 ut
471 3942 515 3992 est
537 3931 613 4010 apud
638 3930 788 4008 Virgilium

182 4051 207 4091 aa
373 4035 510 4092 tertius
532 4032 708 4110 Argolica
732 4032 797 4092 hac
820 4033 925 4111 galea
951 4043 1153 4096 contentus
1176 4035 1286 4097 abito.

221 4153 288 4194 vtam
311 4135 335 4193 si
358 4134 452 4194 dicam
475 4133 563 4212 legito
586 4134 676 4211 legat,
701 4133 788 4213 legito
812 4136 929 4215 quidem
954 4139 1010 4197 erit
1031 4145 1147 4214 tempus
1171 4137 1318 4208 lutnrum,
1340 4136 1408 4213 legat
1425 4140 1473 4188 sero

220 4253 372 4315 praesens.
417 4238 486 4296 item
510 4237 597 4296 tertia
619 4255 745 4315 persona
769 4240 887 4300 numeri
914 4237 1036 4318 pluralis
1058 4239 1104 4298 his
1125 4238 1237 4317 regulis
1259 4240 1427 4300 continetur:
1442 4230 1472 4287 in·

220 4338 342 4399 dicatiro
372 4338 459 4398 nrodo
490 4347 623 4416 tempore
650 4341 799 4417 praesenti
832 4343 914 4402 tertia
939 4358 1065 4418 persona
1088 4359 1213 4401 numero
1236 4340 1341 4421 plurali
1360 4359 1376 4398 o
1396 4328 1473 4408 antidii

221 4450 249 4501 et
272 4442 340 4501 lacit
363 4440 439 4500 hane
461 4460 617 4519 personam
641 4443 807 4521 imperativi
830 4442 909 4501 modi
924 4460 978 4520 per
993 4461 1096 4504 omnes
1111 4445 1347 4522 coniugationes,
1362 4450 1390 4501 nt
1402 4436 1473 4500 arnoni

182 4553 351 4615 tvamauto,
381 4540 505 4626 rlcllcent
534 4544 675 4614 docento,
704 4542 806 4622 legunt
833 4543 966 4622 legunto,
991 4547 1125 4605 nutriunt
1147 4547 1315 4616 nutriunto;
1344 4541 1414 4623 quod
1430 4550 1473 4596 ser·

220 4664 322 4705 vovere
346 4646 486 4715 maiores,
510 4654 541 4706 ut
564 4647 603 4705 ait
624 4645 762 4706 lloratius

291 4818 320 4867 ll
341 4818 457 4884 egrediar
475 4819 516 4873 Ρς
588 4818 619 4868 15
638 4815 715 4883 esset]
735 4818 802 4872 sitq
870 4817 904 4866 25
922 4816 1041 4866 ulteriora
1055 4816 1360 4882 praeteritaeulterlora
1375 4819 1477 4883 praetem

220 4886 245 4935 P
312 4887 346 4938 34
364 4891 433 4953 opud
452 4885 599 4955 Virgilium]
620 4887 686 4939 Aen.
700 4887 724 4935 V
740 4886 791 4936 314
859 4888 892 4938 41
908 4885 1037 4954 Horatius]
1055 4889 1087 4938 de
1100 4895 1152 4943 art.
1165 4897 1236 4952 poet.
1254 4888 1304 4941 100
