3346 5506
227 381 267 442 72
815 379 928 442 enos!

279 512 300 551 p·
316 494 435 540 liwll.
1303 508 1326 549 p.
1339 495 1420 537 258.ὅῖ
1435 493 1463 534 V.
1491 509 1500 523 =

228 567 453 630 concluduntur.
497 584 568 627 sane
589 568 675 628 etiam
698 567 756 628 hoc
777 569 983 637 munemus,iu
1003 567 1060 628 hac
1083 567 1176 628 lorma
1197 566 1315 645 generis
1332 566 1437 635 omnia,
1456 570 1512 646 qua

228 670 354 731 diximus
380 671 411 729 iu
439 669 564 746 positivo
593 669 686 746 gradu
717 672 894 730 nominativo
917 688 985 730 casu
1013 662 1129 730 numeri
1152 666 1308 746 singularis
1334 668 1452 728 nomina
1480 686 1515 727 us

227 769 333 832 litteris
354 769 479 838 deliniri,
503 769 582 848 quod
604 788 641 831 ex
663 789 695 831 ca
720 770 813 831 lorma
836 771 902 850 plus
924 788 1011 850 quam
1030 778 1092 857 tres
1110 772 1185 839 soni,
1205 770 1261 831 hoc
1284 777 1437 849 est-quam
1460 771 1513 830 tria

227 871 360 940 uomina,
393 854 588 950 nonpossint
609 871 750 933 exhiberi.
793 875 863 934 item
889 875 917 933 iu
946 872 1002 933 lvac
1030 872 1138 938 forma.
1166 890 1223 952 qua
1246 871 1372 932 diximus
1399 873 1516 949 generis

202 973 325 1036 somnis
345 973 464 1033 nomina
492 973 521 1032 iu
544 974 667 1052 positivo
691 973 783 1052 gradu
806 974 981 1036 nominativo
1000 992 1070 1036 casu
1092 975 1209 1035 numeri
1231 971 1386 1050 singularis
1409 991 1444 1035 us
1468 972 1515 1034 lit-

228 1077 299 1137 teris
321 1075 450 1144 definiri,
479 1075 645 1154 quaeritur,
675 1093 731 1153 qua
755 1077 791 1138 de
814 1092 901 1136 cansa
923 1085 1005 1137 votus
1031 1077 1126 1136 omnis
1153 1076 1271 1152 generis
1297 1093 1361 1136 csse
1391 1074 1515 1137 dicatur.

228 1176 283 1239 uae
305 1176 341 1237 de
363 1193 466 1244 causa,
496 1178 636 1256 quoniam
665 1195 868 1256 quaecumque
898 1176 1036 1238 vocabula
1063 1175 1221 1239 masculina
1247 1177 1423 1238 nominativo
1445 1195 1515 1239 casu

228 1279 343 1340 numeri
366 1275 520 1356 singularis
543 1296 578 1338 us
599 1275 703 1339 litteris
723 1279 902 1362 deliniuntur
929 1286 959 1340 et
976 1276 1101 1339 ablativo
1125 1297 1195 1340 casu
1222 1279 1336 1339 numeri
1357 1277 1517 1358 singularis

228 1379 314 1442 evel
335 1381 346 1439 i
367 1377 462 1441 littera
484 1380 696 1449 terminantur,
723 1380 814 1450 haec,
839 1383 863 1442 si
887 1400 922 1442 ex
948 1397 1000 1442 sua
1022 1382 1121 1460 specie
1146 1380 1284 1442 vocabula
1308 1381 1447 1441 lemiuioa
1470 1378 1515 1441 vel
1548 1434 1553 1443 .

191 1504 215 1544 ro
230 1488 334 1543 neutra
356 1482 454 1545 lacere
475 1491 607 1560 possunt,
631 1484 749 1561 generis
771 1485 867 1544 omnis
889 1500 953 1544 esse
974 1483 1209 1562 pronuntiantur.
1254 1482 1291 1542 rle
1308 1482 1403 1542 torma
1425 1499 1515 1560 geue·

229 1584 271 1645 ris
290 1585 396 1652 omnis,
420 1602 476 1662 qua
493 1584 522 1642 in
540 1584 664 1661 positivo
680 1584 774 1661 gradu
796 1586 974 1645 nominativo
996 1602 1066 1646 casu
1080 1586 1197 1645 numeri
1218 1583 1374 1662 singularis
1395 1570 1514 1646 uomina

228 1703 263 1746 us
289 1684 392 1746 litteris
422 1685 617 1755 deliniuntur,
651 1686 942 1766 quemadmodum
971 1704 1005 1748 ex
1031 1703 1063 1747 se
1094 1685 1202 1746 iaciant
1230 1686 1445 1765 comparativus
1471 1684 1515 1746 vel

228 1785 420 1867 superlativus
442 1786 560 1866 gradus,
583 1806 639 1849 uec
661 1806 719 1848 non
744 1797 774 1849 et
793 1791 869 1849 intra
893 1795 1032 1867 quantum
1053 1805 1209 1849 numerum
1232 1805 1296 1848 esse
1318 1789 1515 1866 reperiantur,

229 1896 369 1969 quantum
388 1888 463 1949 ratio
484 1888 633 1968 poscebat,
655 1891 852 1951 tractavimus.
867 1886 881 1974 Η

189 2013 213 2054 u
313 1991 355 2053 lle
373 2007 429 2051 am.
475 1991 570 2050 omnis
590 1993 706 2070 generis
730 2009 835 2051 nomen
855 1998 908 2061 est,
932 1991 1010 2073 quod
1033 1994 1063 2053 in
1082 1992 1205 2070 positivo
1227 1991 1322 2068 gradu
1344 2009 1391 2052 am
1413 1991 1516 2052 litteris

228 2093 376 2162 definitur,
398 2093 426 2152 id
450 2099 652 2172 estnequam.
697 2094 753 2154 hoc
775 2094 854 2155 idem
877 2112 983 2154 nomen
1007 2096 1036 2154 iu
1058 2094 1181 2172 positivo
1203 2092 1296 2170 gradu
1319 2100 1378 2153 tam
1401 2094 1515 2154 numeri

227 2193 383 2272 singularis
410 2211 499 2273 quam
527 2192 648 2272 pluralis
669 2201 767 2273 uptote
793 2194 971 2266 declinatur,
999 2196 1055 2256 uoc
1077 2203 1122 2257 est
1143 2213 1197 2274 per
1221 2213 1324 2256 omncs
1347 2212 1433 2256 casus
1456 2213 1516 2256 uno

227 2315 300 2357 sono
323 2296 545 2375 pronuntiatum
566 2297 595 2356 in
618 2298 814 2375 comparativo
837 2306 933 2358 autem
960 2317 995 2359 ex
1017 2315 1125 2376 genere
1147 2299 1295 2357 communi
1317 2297 1456 2377 nequior,
1479 2316 1515 2359 cx

228 2414 336 2476 genere
364 2403 471 2458 neutro
496 2398 557 2458 sivo
579 2397 718 2458 adverbio
747 2400 871 2477 nequius
901 2400 997 2462 lacere
1024 2398 1200 2461 declaratur.
1245 2399 1295 2459 sed
1319 2398 1436 2477 maudo
1464 2416 1515 2460 ne·

189 2501 315 2577 nquius
339 2501 440 2578 generi
460 2505 567 2561 neutro
588 2499 633 2560 vel
653 2501 772 2580 quando
793 2500 930 2562 adverbio
956 2509 1160 2580 comparetur,
1183 2503 1211 2561 in
1231 2499 1434 2578 superioribus
1456 2501 1514 2562 iam

227 2601 297 2662 satis
322 2600 513 2662 ostendimus.
558 2608 589 2660 at
609 2619 677 2663 vero
697 2603 728 2662 iu
745 2601 922 2681 superlativo
942 2604 1036 2681 gradu
1057 2588 1166 2680 genere
1187 2600 1348 2673 masculino
1370 2582 1514 2680 nequissi-

227 2721 303 2772 mus
325 2719 436 2780 genere
459 2703 598 2765 lemiuiuo
620 2705 807 2783 nequissima,
830 2722 939 2783 genere
958 2712 1063 2766 neutro
1086 2702 1303 2789 neqvvialsimum
1328 2704 1425 2765 lacere
1447 2721 1515 2784 pro·

228 2806 388 2866 nuntiatur.
419 2821 498 2866 nunc
513 2807 672 2885 quaeritur,
693 2807 801 2884 quade
821 2824 908 2867 causa
927 2824 1052 2886 nequam
1071 2808 1164 2866 omnia
1178 2807 1295 2883 generis
1309 2824 1374 2866 esse
1390 2806 1513 2867 dicatur.

228 2925 318 2986 quave
340 2905 397 2967 hoc
419 2923 586 2976 monemus,
610 2908 747 2985 quoniam
774 2926 976 2987 qrvaccumquc
999 2927 1047 2969 res
1069 2907 1128 2968 sola
1157 2909 1320 2986 reperitur,
1349 2906 1514 2986 exemplum

188 3026 214 3067 aa
228 3026 286 3068 non
314 3007 403 3078 habet
426 3026 442 3068 a
471 3027 529 3087 quo
560 3010 740 3085 corrugatum
770 3019 800 3070 ct
821 3010 902 3077 ideo,
933 3027 1020 3087 qvvem
1043 3011 1078 3070 arl
1101 3010 1220 3070 modum
1246 3010 1281 3070 ad
1303 3027 1407 3070 sonum
1428 3026 1515 3070 suum

227 3110 399 3171 confirmata
421 3128 486 3172 esse
504 3112 662 3189 reperitur,
686 3128 806 3172 necesse
824 3120 868 3171 cst
889 3117 921 3171 ut
936 3113 978 3171 sic
999 3113 1168 3190 accipiatur.
1199 3111 1236 3170 sle
1259 3113 1377 3172 nomine
1397 3111 1515 3188 generis

227 3212 331 3281 omnis,
354 3210 432 3291 quod
455 3213 484 3272 iu
506 3213 629 3291 positivo
652 3213 746 3290 gradu
768 3230 822 3291 per
837 3230 940 3273 onmes
962 3231 1047 3273 casus
1069 3231 1115 3273 am
1138 3212 1240 3274 litteris
1258 3213 1404 3282 delinitur,
1427 3229 1514 3294 quem

226 3316 262 3377 ad
283 3315 402 3377 modum
425 3332 479 3393 per
499 3332 603 3376 omnes
623 3314 733 3391 gradus
752 3324 838 3376 sonet
859 3315 1050 3376 ostendimus.

310 3417 386 3479 Sane
416 3418 582 3495 quaeritur,
609 3434 667 3498 qua
696 3417 732 3478 de
758 3434 845 3478 causa
872 3434 1005 3478 summus
1031 3418 1150 3478 intimus
1177 3427 1326 3478 extremus
1347 3415 1467 3477 ultimus
1486 3425 1516 3478 et

188 3535 214 3575 ao
227 3527 322 3580 cetera
349 3519 415 3580 talia
442 3519 554 3597 positivi
587 3527 616 3579 et
643 3538 701 3580 uon
727 3519 895 3599 superlativi
921 3519 1030 3597 gradus
1057 3537 1121 3580 esse
1152 3520 1350 3596 reperiuntur
1395 3518 1452 3579 hac
1479 3518 1516 3580 tle

227 3638 323 3690 causa,
345 3621 482 3699 quoniam
507 3622 603 3682 omnia
626 3623 743 3682 nomina
769 3622 886 3697 generis
910 3620 1023 3682 scilicet
1043 3619 1196 3681 masculini
1217 3619 1384 3699 superlativi
1407 3620 1516 3700 gradus

204 3724 356 3801 exceptis
384 3721 477 3783 tribus
497 3721 543 3783 hia
569 3722 727 3792 anomalis,
757 3723 787 3783 id
808 3730 852 3783 est
873 3724 983 3802 optimo
1013 3724 1140 3801 pessimo
1170 3722 1312 3791 maximo,
1339 3724 1516 3784 nominativo

226 3842 297 3885 casu
315 3825 430 3884 numeri
449 3823 605 3900 singularis
627 3823 741 3886 duabus
763 3823 808 3885 lais
827 3826 929 3886 lormis
951 3825 1130 3886 deliniuntur
1153 3832 1274 3892 tautum,
1299 3826 1392 3885 rimus
1415 3827 1515 3894 simus,
1549 3892 1554 3900 ,

226 3933 259 3986 ut
280 3932 350 4004 puta
371 3926 549 4003 nigerrimos
570 3925 764 3993 doctissimus.
796 3944 876 3987 nunc
897 3944 963 3988 curu
984 3944 1118 3987 summus
1139 3928 1258 3987 intimus
1277 3933 1428 3987 extremus
1450 3925 1515 3986 ulti·

188 4043 212 4086 ao
227 4045 294 4088 mus
322 4033 351 4087 et
372 4035 468 4089 cetera
496 4024 571 4086 talia
589 4029 767 4088 nominativo
795 4047 865 4090 casu
891 4028 1006 4090 numeri
1035 4028 1190 4107 singularis
1218 4047 1277 4089 non
1306 4027 1398 4088 isdem
1426 4046 1514 4105 supra

227 4128 312 4189 dictis
331 4129 433 4190 formis
460 4109 779 4211 deliniantursutique
806 4133 862 4192 iam
893 4148 951 4191 non
978 4128 1160 4207 superlativi,
1189 4131 1240 4191 secl
1264 4131 1379 4208 positivi
1405 4129 1516 4206 gradus

226 4231 346 4292 nomina
364 4247 428 4292 esse
450 4232 686 4309 pronuntiantur.
731 4233 800 4293 item
823 4243 852 4294 ct
873 4232 927 4293 alia
948 4233 1037 4299 ratio,
1067 4250 1124 4310 qua
1148 4232 1310 4310 probantur
1333 4232 1406 4293 haec
1426 4248 1514 4310 supra

227 4331 303 4393 dicta
325 4333 444 4393 nomina
472 4334 603 4411 positivi,
632 4351 691 4394 non
717 4335 888 4412 superlativi
916 4333 1025 4411 gradus
1052 4352 1116 4393 esse
1145 4333 1378 4411 pronuntianda:
1407 4331 1517 4395 scilicet

226 4435 365 4513 quoniam
392 4435 489 4495 omnia
518 4437 638 4496 nomina
668 4437 697 4496 in
725 4435 901 4515 superlativo
930 4428 1038 4511 gradu,
1069 4437 1198 4513 exceptis
1227 4435 1321 4496 tribus
1348 4433 1517 4496 nominihus

296 4638 328 4690 16
346 4636 394 4690 hoc
411 4638 478 4689 idem
495 4638 521 4688 B
538 4638 629 4690 hacid
646 4642 727 4691 estlt
799 4640 830 4691 18
848 4653 910 4692 sono
928 4639 954 4689 B
972 4639 1078 4697 aourrll
1135 4640 1165 4691 111
1184 4606 1326 4689 declaratur
1347 4639 1371 4688 B
1388 4640 1516 4692 debeatll

295 4708 327 4759 21
352 4709 552 4759 ostendimusll
576 4711 741 4760 tractauimua
759 4710 784 4760 B
868 4711 901 4758 22
927 4712 1135 4775 pronuntiatura
1153 4725 1188 4760 ex
1206 4710 1291 4760 codice
1310 4711 1430 4760 Parisino
1448 4710 1517 4762 vtro

226 4779 420 4845 pronuntiantur
437 4778 487 4829 IlB
573 4780 607 4831 28
625 4790 698 4831 solvet
714 4797 727 4830 a
744 4793 779 4828 ear
793 4778 879 4829 codice
897 4779 1015 4829 Parisino
1032 4780 1100 4832 15111
1119 4788 1208 4829 sonent
1228 4779 1266 4830 ll:
1284 4782 1309 4829 v'a
1326 4779 1352 4830 B
1368 4781 1420 4845 lepv'
1435 4782 1518 4847 nequit

296 4847 330 4900 311
349 4850 400 4898 iam
417 4864 466 4898 nou
484 4850 510 4900 B
526 4863 576 4899 aon
596 4850 646 4898 iam
664 4849 685 4898 11
