3314 5506
220 393 261 457 28
808 395 919 457 raoni

167 527 169 531 ¹
272 524 293 565 p.
312 511 367 552 tm.
378 512 403 554 ts
417 513 441 555 P.
1304 525 1326 566 p.
1341 513 1419 553 taam
1433 511 1458 553 t.

180 580 196 606 '
224 587 366 663 genetivo,
390 603 476 646 carus
498 587 568 655 cari,
590 590 725 646 austerus
746 586 865 652 austeri,
884 585 977 644 mirus
997 585 1074 644 miri.
1119 582 1174 644 lrac
1200 585 1322 654 ratione,
1344 584 1374 645 id
1398 593 1443 645 est
1463 602 1507 645 se·

222 686 335 747 eundae
355 685 565 756 declinationis,
591 688 677 749 etiam
694 687 805 746 Graeca
822 686 939 746 nomina
959 685 1149 756 declinantur,
1170 687 1301 766 quamvis
1323 704 1381 747 aon
1403 688 1510 749 faciant

221 787 299 850 aliud
319 805 430 866 genus,
453 797 486 849 ut
507 788 648 851 Tartarus
666 787 798 859 Tartari,
817 788 966 866 Gargarus
989 788 1120 865 Gargani.
1165 787 1238 848 haec
1260 795 1358 849 tamen
1382 807 1508 850 numero

221 889 361 968 singulari
383 896 452 951 sunt
471 891 640 959 masculina,
663 888 953 970 pluralitereneutra,
976 891 1052 972 sieut
1075 889 1223 951 Maenalus
1246 889 1386 951 Maenala.
1433 910 1509 970 quae

195 1011 291 1057 sacro
315 993 415 1055 Latina
438 992 515 1054 aliud
536 1010 629 1072 genus
656 1010 713 1052 non
737 991 847 1052 faciunt
873 1008 924 1050 rus
947 993 1114 1061 terminata,
1139 1000 1262 1072 quartae
1290 1001 1359 1053 sunt
1379 992 1508 1055 declina·

220 1096 308 1157 tionis
329 1102 358 1157 et
379 1114 432 1155 rus
451 1095 561 1156 faciunt
577 1095 729 1171 genetivo,
752 1092 801 1153 hic
821 1110 927 1154 currus
950 1094 1037 1154 buius
1059 1112 1174 1155 currus.
1219 1095 1405 1172 excipiuntur
1426 1104 1508 1177 quat·

220 1196 297 1269 tuor,
320 1216 413 1258 unum
435 1198 461 1257 ri
483 1197 592 1258 faciens
613 1197 756 1275 genetivo,
778 1195 909 1272 quamvis
932 1194 1009 1256 alind
1032 1213 1125 1274 genus
1146 1214 1183 1257 ex
1205 1214 1237 1257 se
1259 1213 1318 1257 non
1342 1197 1437 1266 faciat,
1460 1199 1509 1259 hie

223 1317 327 1361 neurus
341 1299 429 1360 huius
445 1300 539 1368 muri;
562 1297 687 1359 alterum
706 1296 908 1358 indifferenter
927 1297 1106 1358 declinatum
1128 1298 1274 1360 secundae
1296 1296 1507 1369 declinationis,

220 1403 247 1462 ri
270 1402 381 1463 iaciens
402 1403 545 1478 genetivo,
569 1407 598 1462 et
614 1408 735 1480 quarme
750 1417 811 1469 rus,
834 1398 908 1460 haec
922 1399 1023 1460 laurus
1043 1399 1131 1460 buius
1145 1398 1219 1464 lauri
1241 1407 1269 1461 et
1290 1399 1377 1461 buius
1392 1400 1507 1464 laurus:

184 1525 210 1568 to
223 1501 312 1565 ebera
334 1502 394 1563 duo
417 1500 633 1582 monosyllaba,
659 1521 735 1583 quae
756 1502 859 1562 tertiae
880 1509 948 1562 sunt
968 1501 1170 1563 declinationis
1191 1504 1215 1563 is
1237 1501 1281 1563 rel
1303 1505 1344 1564 ris
1372 1504 1509 1565 facientia

221 1603 371 1685 genetivo,
399 1604 472 1666 baec
493 1623 564 1684 grus
593 1605 692 1682 gruis,
722 1605 778 1664 boc
799 1620 851 1665 rus
871 1605 958 1665 ruris.
1003 1605 1060 1665 lroc
1088 1613 1186 1664 tamen
1215 1612 1381 1683 teneamus,
1412 1609 1508 1668 omnia

155 1788 158 1794 Ι
221 1706 422 1787 monosyllaba
442 1708 547 1768 tertiae
570 1724 634 1767 esse
656 1705 858 1767 declinationis
880 1707 905 1766 is
927 1707 1061 1768 facientia
1076 1708 1218 1784 genetivo,
1243 1686 1377 1785 exceptis
1394 1708 1509 1771 duobus

222 1810 341 1888 quintae
362 1809 564 1870 declinationis
586 1810 612 1868 ei
629 1811 771 1887 separatis
786 1810 919 1888 genetivo
939 1808 1113 1881 facientibus
1130 1827 1146 1869 e
1161 1810 1189 1868 in
1207 1810 1340 1887 genetivo
1361 1818 1507 1891 correpta,

222 1928 289 1990 spes
311 1912 384 1990 spei,
409 1930 457 1972 res
480 1911 532 1972 rei.
563 1912 720 1972 ,rationem
743 1929 832 1990 supra
855 1912 951 1972 docui.

135 2036 140 2049 ‘
184 2037 208 2078 rs
306 2015 375 2075 Sas:
398 2014 453 2074 bae
474 2011 582 2093 syllaba
611 2012 723 2074 nullum
744 2031 852 2074 nomen
880 2014 1008 2091 repperi.
1053 2031 1100 2073 ses
1122 2015 1277 2074 terminata
1296 2014 1408 2075 Graeca
1432 2024 1508 2085 sunt,

221 2115 421 2177 indifferenter
444 2112 637 2184 declinantur,
661 2122 691 2175 et
711 2117 823 2193 primae
845 2115 1045 2176 declinationis
1063 2135 1112 2176 sae
1129 2117 1267 2194 genetivo
1290 2122 1318 2176 et
1336 2119 1440 2178 tertiae
1458 2119 1507 2188 sis,

221 2226 253 2280 ut
274 2217 432 2298 Cambyses
450 2216 609 2297 Cambysae
631 2216 677 2277 rel
697 2216 854 2296 Cambpsis,
879 2218 982 2278 l‘erscs
1004 2218 1111 2278 l’ersae
1134 2217 1178 2278 rel
1201 2218 1306 2284 l‘ersis.
1340 2236 1407 2278 uam
1430 2220 1507 2299 quod

221 2319 376 2381 Sallustius
406 2319 446 2379 ait
476 2319 533 2379 ‘ad
562 2317 699 2378 bellum
728 2318 834 2379 Persi
862 2320 1169 2390 Macedonienm',
1198 2338 1256 2379 non
1285 2319 1508 2383 declinationem

223 2423 352 2491 mutarit,
372 2422 423 2483 sed
440 2423 559 2498 antiqua
573 2438 645 2488 usus
661 2428 705 2481 est
727 2422 950 2490 consuetudine,
966 2418 979 2506 ll
995 2422 1122 2483 dativum
1145 2423 1243 2501 posuit
1259 2439 1314 2499 pro
1334 2423 1339 2499 l
1358 2425 1506 2500 genetivo:

182 2546 208 2588 m
222 2531 251 2585 et
265 2523 367 2585 Cicero
384 2521 600 2601 ‘filiumque
620 2523 741 2582 Verri’
764 2541 818 2601 qno
835 2523 942 2592 Verris,
960 2532 988 2584 et
1003 2524 1147 2601 Vergilius
1162 2525 1328 2584 ‘inmitis
1342 2523 1507 2586 nchtttt’.

220 2627 260 2694 sis
275 2627 372 2686 omnia
394 2625 497 2711 tertiae
514 2624 717 2685 declinationis
739 2626 902 2694 terminata,
925 2627 949 2685 is
972 2626 1080 2686 faciunt
1103 2627 1245 2703 genetivo,
1270 2625 1370 2685 Latina
1390 2627 1509 2706 quidem

220 2728 276 2799 sis,
304 2727 352 2788 bic
372 2726 449 2787 ensis
469 2725 557 2787 buius
581 2727 673 2795 ensis,
703 2729 859 2805 peregrina
885 2730 926 2788 sis
954 2727 998 2788 rel
1021 2728 1080 2797 dis,
1110 2727 1182 2788 baec
1204 2727 1257 2788 lsis
1284 2726 1372 2788 buius
1390 2728 1445 2788 lsis
1465 2728 1510 2790 sel

222 2829 316 2898 lsidis,
342 2828 415 2889 haec
429 2827 507 2888 basis
529 2828 616 2890 buius
634 2827 712 2889 basis
733 2828 777 2889 vel
798 2828 915 2898 basidis,
940 2831 1029 2890 cassis
1051 2831 1140 2891 cassis
1163 2829 1206 2890 rel
1227 2829 1358 2897 cassidis,
1380 2832 1510 2911 quamtis

220 2929 366 3009 Vergilius
388 2929 462 2991 baec
486 2930 596 2990 cassida
626 2930 789 2992 declinavit.
833 2949 882 2992 sos
908 2950 983 3011 pura
1009 2932 1142 2992 Latinum
1171 2932 1283 2992 nullum
1311 2935 1430 3011 repperi
1450 2941 1509 2994 ter·

181 3056 206 3098 rs
222 3035 371 3102 minatum,
392 3050 484 3093 unum
504 3033 652 3095 Graecum
674 3032 731 3110 legi
753 3035 781 3094 in
805 3032 941 3094 Sallustio
964 3034 1110 3095 secundae
1133 3033 1333 3095 declinationis
1355 3036 1378 3093 si
1401 3035 1510 3096 faciens

220 3131 365 3215 genetivo,
389 3134 462 3196 haec
484 3135 597 3195 Amisos
618 3133 705 3195 buius
727 3135 826 3196 timisi.
872 3154 942 3195 sons
971 3143 1110 3213 correpta
1131 3138 1161 3195 in
1185 3137 1281 3196 medio
1301 3135 1416 3197 babens
1436 3155 1454 3196 n
1473 3139 1510 3198 tis

220 3238 323 3308 faciet,
354 3239 454 3298 insons
480 3237 619 3298 insontis:
651 3238 695 3298 sie
716 3237 863 3298 Horatius.
908 3256 978 3297 sons
1007 3256 1065 3298 nan
1098 3237 1164 3316 legi.
1212 3237 1364 3299 Sallustius
1386 3256 1510 3300 numero

219 3338 326 3420 plurali
360 3346 517 3418 utrumque
549 3339 730 3400 ‘insontis
763 3342 818 3401 sic
851 3342 906 3402 uti
939 3341 1087 3402 sontis’.
1133 3341 1168 3401 de
1197 3360 1216 3401 n
1247 3346 1275 3400 et
1305 3359 1319 3399 s
1347 3342 1510 3401 terminatis

219 3443 455 3523 frequentissime
476 3442 572 3503 docui.
604 3460 655 3503 sus
670 3444 824 3504 terminata
846 3446 966 3523 propria
984 3442 1029 3503 rel
1052 3443 1128 3504 aliud
1151 3462 1243 3521 genus
1266 3462 1300 3502 ex
1321 3460 1353 3502 se
1376 3443 1510 3503 facientia

181 3544 367 3609 resecandae
395 3551 463 3604 sunt
491 3543 705 3613 declinationis,
738 3547 761 3607 si
784 3546 895 3607 faciunt
918 3547 1065 3624 genetivo,
1094 3545 1182 3606 Nisus
1203 3545 1278 3613 Nisi,
1309 3544 1463 3623 proprium
1484 3551 1510 3606 et

220 3648 416 3726 participium.
460 3644 633 3724 appellativa
664 3666 735 3709 vero
769 3649 997 3709 nonfacienda
1033 3648 1110 3708 alind
1144 3665 1237 3725 gentis
1271 3654 1392 3726 quartae
1424 3653 1509 3709 erunt

220 3748 429 3816 declinationis,
452 3765 503 3806 sus
526 3749 636 3808 faciunt
655 3750 797 3826 genetivo,
819 3748 867 3809 hie
883 3768 1005 3810 occasus
1025 3749 1112 3811 ludus
1127 3767 1258 3810 occasus
1290 3765 1357 3808 nam
1382 3747 1509 3827 plausus,

220 3851 245 3911 si
266 3849 304 3909 sit
325 3849 526 3927 participium,
550 3848 638 3910 huius
661 3848 769 3927 plausi,
798 3852 822 3909 si
845 3869 952 3911 nomen
974 3852 1179 3929 appellativum
1207 3870 1265 3911 non
1294 3852 1404 3912 faciens
1433 3850 1509 3912 aliud

221 3970 257 4012 ex
273 3969 305 4012 se
320 3967 423 4028 genus,
446 3943 533 4010 buius
549 3949 683 4028 plausus:
707 3953 783 4011 sicut
802 3952 884 4012 nisus
906 3954 1088 4032 participium
1113 3955 1177 4028 nisi,
1199 3952 1403 4032 appellativum
1424 3955 1509 4015 unius

290 4188 322 4239 18
341 4183 489 4252 Sallustius]
510 4189 536 4237 in
554 4189 638 4255 prims
656 4188 761 4240 historia
779 4191 907 4242 Gdanmaa
923 4208 952 4256 p.
967 4192 1015 4246 52:
1034 4192 1069 4254 ef.
1088 4209 1169 4256 supra
1184 4209 1214 4257 p.
1234 4191 1299 4244 taus
1369 4191 1403 4243 20
1420 4191 1508 4242 filium·

219 4274 268 4324 qne
286 4257 373 4325 Verri]
395 4260 430 4322 cf.
450 4258 601 4309 aasentias
624 4263 744 4325 supplem,
763 4263 917 4326 quaestionis
939 4262 972 4311 de
994 4262 1159 4313 declinatione
1183 4263 1290 4328 eoadem
1308 4262 1404 4313 Latina
1425 4280 1508 4314 recon-

219 4330 310 4381 ditione
325 4327 422 4395 (Bona,
442 4345 466 4377 a.
489 4328 569 4391 1861)
585 4345 612 4392 p.
634 4330 667 4378 tv
720 4329 828 4397 isaaritis]
852 4333 929 4396 Vcrp.
944 4331 1008 4382 Aen.
1024 4334 1032 4381 l
1046 4333 1093 4383 30:
1114 4334 1219 4383 immitis
1234 4332 1326 4383 Achilli
1346 4349 1392 4397 pro
1407 4333 1508 4383 Acbiltir

219 4408 244 4450 et
261 4399 372 4450 infelicis
391 4399 458 4451 Ulixi
479 4396 573 4466 (Vera.
585 4399 649 4448 Aen.
669 4400 856 4459 titulasti)
875 4416 921 4466 pro
936 4402 1019 4452 Ulixis
1038 4403 1170 4453 I’atseltias
1223 4402 1256 4454 23
1276 4401 1368 4466 cassis]
1382 4402 1507 4454 I'riscian,

216 4486 245 4535 p.
260 4470 313 4523 689
382 4470 414 4519 21
435 4466 576 4534 Vergilius]
590 4468 656 4520 Aen.
671 4470 707 4520 Xl
721 4472 771 4521 775
841 4471 875 4520 ’26
894 4470 954 4521 haee
975 4472 1075 4521 Amisos
1093 4471 1170 4523 lruitts
1189 4473 1272 4521 Amisi
1292 4470 1421 4522 Sacerdos
1435 4488 1464 4536 p,
1480 4472 1507 4525 bi

220 4539 284 4605 haec
303 4541 413 4591 camisos
431 4537 508 4588 buius
527 4539 613 4588 eamisi
633 4540 666 4597 B,
686 4542 753 4606 quod
765 4538 877 4605 defendit
889 4541 1002 4592 Kritzius
1019 4543 1044 4591 in
1057 4544 1121 4594 Sati.
1136 4545 1192 4593 list.
1205 4542 1297 4607 sraprn.
1313 4559 1341 4607 p.
1355 4542 1415 4593 306.
1437 4545 1507 4594 Araia

220 4611 290 4661 urbas
304 4613 330 4659 in
349 4617 439 4675 quarto
455 4608 616 4660 historiarum
632 4610 695 4661 libra
712 4630 729 4661 a
747 4610 867 4661 Sallustio
883 4615 1026 4663 retentionem
1042 4614 1137 4676 saetam
1164 4628 1220 4663 esse
1237 4619 1344 4662 testatur
1361 4613 1506 4664 Priscianus

216 4695 246 4744 p.
265 4679 316 4732 830
335 4680 413 4746 (Sall.
432 4678 490 4729 dist.
509 4679 553 4728 llll
574 4677 587 4727 1
605 4680 646 4730 ed.
664 4679 761 4737 Kritz.)
849 4681 881 4730 27
905 4681 981 4732 faciet
998 4698 1015 4738 ς
1034 4683 1127 4732 facient
1147 4684 1170 4732 B
1257 4680 1355 4747 insons]
1377 4683 1412 4746 cs.
1432 4696 1506 4745 supra

218 4765 246 4814 p.
267 4750 333 4800 ltro
351 4749 478 4803 hirciae,
492 4765 521 4814 p.
538 4749 586 4799 751
675 4749 804 4819 Horatius]
828 4768 905 4804 carm.
926 4753 947 4801 ll
969 4752 1008 4811 ln,
1027 4753 1061 4804 211
1080 4755 1166 4802 insons
1184 4752 1316 4813 Cerberus,
1336 4760 1386 4802 sat,
1407 4753 1416 4800 l
1435 4754 1461 4812 b,
1479 4753 1506 4805 bi

222 4835 301 4887 purus
319 4830 344 4869 et
362 4822 450 4871 insons
504 4816 652 4884 Sallustius]
674 4821 748 4874 Catil,
767 4820 796 4872 16
866 4822 900 4872 28
919 4823 983 4871 sieut
1002 4825 1116 4880 sontisa
1186 4822 1220 4874 29
1239 4823 1343 4887 propria
1361 4822 1506 4887 prcueld

220 4891 326 4958 propris
346 4898 405 4939 strat
423 4888 466 4939 uel
485 4889 615 4940 Sacerdos
632 4907 659 4954 p.
680 4889 713 4941 so
