3314 5506
252 261 265 293 Ι

633 390 842 453 dernuretel
867 388 1019 452 128-33
1409 440 1412 446 .
1433 389 1472 452 ta

245 507 275 548 ,1
394 535 402 548 .
1282 508 1346 548 ,1.
1396 504 1420 546 1.

184 520 253 658 1111αέ
277 507 507 657 {mesenatis
533 578 704 644 adhibetur,
732 579 761 637 in
789 577 898 638 Latinis
921 596 1092 659 numquam.
1138 577 1185 640 bir
1207 507 1341 639 borpbrii
1358 506 1407 639 ¹in
1428 581 1471 639 ier

183 679 257 740 anila
280 681 403 740 uomina
418 682 538 759 repperi
554 678 722 748 terminaia;
745 682 796 758 qui
817 682 970 748 invenerit,
994 679 1100 740 doceat
1114 683 1268 741 rationem.
1306 683 1352 740 ior
1368 681 1471 741 tertiae

181 791 245 843 sarnt
264 781 482 851 declinationis,
502 783 545 842 ris
567 783 677 843 iaciunt
699 782 849 858 genetivo,
873 801 890 841 o
912 784 941 841 in
964 783 1142 842 nominativo
1164 790 1310 860 correpta,
1330 784 1361 842 in
1382 800 1471 861 gene·

181 885 237 944 tiro
256 884 419 965 producta,
447 883 496 944 bic
518 884 641 945 ethaeo
665 885 759 959 maior
781 885 916 952 maioris,
939 886 1024 963 peior
1044 884 1161 962 peioris.
1207 885 1252 970 iur
1273 883 1327 944 bar
1349 882 1403 944 iter
1426 883 1471 944 lrir

179 984 233 1046 ior
255 984 332 1045 bur:
355 984 402 1045 bis
424 985 543 1065 syllabis
566 984 679 1046 nullum
702 1003 811 1046 nomeu
833 988 1018 1047 terminatur.
1497 1011 1510 1050 1

263 1088 322 1148 lar
344 1089 449 1148 tertiae
471 1086 674 1148 declinationis
696 1095 756 1156 est,
786 1088 827 1148 ris
847 1087 917 1148 lacit
939 1089 1090 1164 genetivo,
1114 1087 1165 1148 bic
1185 1087 1243 1148 Lar
1265 1087 1352 1148 buius
1373 1087 1471 1148 Laris:

179 1188 302 1250 Plantas
320 1192 404 1266 ‘ego
426 1208 503 1250 sum
526 1190 595 1250 Lar
624 1187 848 1257 lamiliaris’,
876 1188 1021 1267 Vergilius
1049 1190 1384 1269 ‘Pergameumque
1405 1189 1471 1250 La-

179 1294 283 1350 rem’.
331 1289 415 1352 multi
449 1309 574 1353 numero
606 1308 723 1369 semper
753 1289 859 1370 plurali
893 1289 1047 1352 declinant.
1102 1291 1221 1371 atridam
1259 1291 1360 1352 dicunt
1396 1289 1472 1352 bilar

179 1391 291 1453 debere
312 1392 388 1460 dici;
410 1392 462 1454 sed
487 1391 689 1455 barbarismus
704 1391 719 1475 ΙΙ
732 1401 786 1455 est.
816 1391 918 1453 hilaris
936 1391 994 1470 legi
1013 1399 1043 1453 et
1065 1392 1177 1455 hilarus
1199 1395 1229 1454 in
1244 1393 1393 1475 Terentio.
1428 1391 1473 1454 ler

180 1493 250 1574 [bac
277 1493 390 1574 syllaba
413 1495 473 1556 duo
495 1498 613 1556 numina
646 1499 859 1563 terminantur,
886 1492 955 1556 siler
989 1502 1019 1555 et
1046 1494 1140 1564 celer,
1169 1514 1245 1575 qnae
1271 1496 1375 1556 tertiae
1405 1502 1473 1556 sunt
1485 1517 1512 1558 11

178 1595 402 1678 declinationis]
442 1597 495 1657 lir:
530 1597 644 1658 nullum
674 1615 782 1659 nomeu
814 1599 934 1676 repperi
964 1597 1010 1658 his
1037 1595 1156 1677 syllabis
1184 1600 1384 1659 terminatum.
1427 1595 1474 1657 lor

179 1702 285 1759 tertiae
301 1695 380 1759 'sunt
400 1698 618 1769 declinationis,
645 1720 663 1759 o
686 1704 716 1759 in
739 1700 917 1759 nominativo
938 1705 1090 1778 correpta,
1120 1700 1149 1760 in
1172 1701 1305 1776 genetivo
1330 1696 1472 1776 producta

179 1802 220 1862 ris
234 1799 350 1880 syllaba
365 1800 597 1869 terminatobic
613 1800 693 1862 calor
710 1800 813 1880 pallor,
831 1799 937 1862 caloris
951 1800 1081 1879 palloris,
1092 1781 1180 1862 'color
1198 1800 1322 1870 coloris;
1341 1801 1474 1880 quamvis

177 1901 338 1963 Sallustius
364 1905 502 1979 ‘igitur
531 1902 636 1965 colos
662 1904 891 1980 exsanguis',
920 1904 996 1963 sicot
1026 1901 1109 1964 labos
1139 1911 1168 1964 ot
1198 1901 1291 1964 labor.
1336 1902 1384 1963 lur
1410 1920 1474 1962 mar

181 2006 252 2065 mir:
289 2003 482 2084 trissyllabis
514 2003 593 2066 nulla
622 2006 739 2065 nomina
775 2006 979 2066 terminantur.
1025 2022 1090 2066 mer
1117 2013 1253 2082 correpta
1286 2006 1472 2066 terminatum
1486 2027 1512 2066 11

181 2106 301 2185 repperi
328 2123 438 2168 numen
466 2108 570 2168 tertiae
592 2106 794 2168 declinationis
819 2107 861 2166 ris
883 2107 993 2169 iaciens
1017 2109 1165 2185 genetivo,
1194 2107 1243 2166 bic
1264 2123 1364 2166 romer
1386 2105 1474 2167 buius

182 2210 324 2276 vomeris,
354 2226 389 2268 er
411 2207 520 2288 ubique
541 2217 687 2286 correpta.
724 2208 833 2268 dicitur
857 2217 886 2270 et
907 2211 1016 2277 rornis,
1046 2210 1088 2269 sic
1108 2216 1139 2270 et
1161 2208 1272 2289 iaciens
1295 2208 1472 2285 genetivum.

182 2328 245 2370 ntor
264 2311 373 2372 tertiae
391 2317 461 2370 sunt
483 2309 694 2378 declinationis,
718 2311 759 2370 ris
781 2309 892 2370 iaciunt
911 2312 1055 2387 genetivo,
1078 2312 1141 2371 oin
1161 2311 1339 2371 nominativo
1355 2326 1474 2388 semper

183 2420 336 2490 correpta,
366 2413 396 2471 in
423 2412 573 2490 genetivo,
602 2411 625 2469 si
654 2409 825 2490 appellativa
857 2411 980 2479 luerint,
1009 2413 1168 2491 producta,
1198 2422 1230 2473 ut
1251 2429 1334 2473 aanor
1355 2411 1473 2479 amoris,

183 2516 312 2592 exeeptis
334 2512 466 2582 duobus,
489 2531 566 2593 quae
588 2515 719 2592 quamvis
741 2515 800 2574 sint
820 2513 1006 2591 appellativa,
1030 2522 1128 2575 tamen
1150 2515 1179 2575 in
1199 2516 1204 2589 Ι
1223 2515 1357 2590 genetivo
1379 2513 1473 2573 corri·
1486 2536 1513 2579 so

183 2617 312 2693 1111111111,
333 2633 466 2676 marmor
488 2617 651 2684 marmoris,
676 2633 790 2676 memor
808 2617 963 2686 memoris,
984 2617 1061 2676 sicut
1080 2634 1170 2695 snpra
1192 2616 1295 2677 docui:
1317 2633 1353 2675 or
1374 2616 1474 2676 termi-

184 2726 245 2778 nata
267 2720 402 2784 nomina,
422 2719 447 2778 si
468 2716 578 2777 luerint
598 2716 787 2796 appellativa,
809 2719 837 2778 in
860 2719 993 2797 genetivo
1013 2717 1217 2796 producuntur
1238 2719 1368 2796 exceptis
1389 2723 1474 2796 qnat-

184 2827 256 2890 tnor,
274 2819 370 2880 arbor
391 2816 517 2887 arboris,
540 2836 671 2879 marmor
694 2821 858 2889 marmoris,
879 2838 990 2901 aequor
1013 2820 1163 2899 aequoris,
1188 2838 1302 2881 memor
1324 2820 1473 2881 memoris.

185 2923 302 3001 propria
324 2919 438 3000 ubique
461 2921 659 2999 corripientur
677 2939 795 2999 semper
817 2921 897 2984 rruilo
927 2931 1059 3001 excepto.
1105 2939 1195 2983 unum
1218 2929 1319 2983 contra
1343 2922 1474 2982 omnium

186 3025 327 3084 1111011111
350 3039 385 3083 or
404 3023 682 3084 terminatorumaet
700 3022 795 3103 aliqua
818 3026 991 3121 consonanti
1011 3026 1177 3104 praeposita
1199 3026 1333 3103 genetivo
1351 3024 1393 3084 ris
1413 3040 1473 3083 non
1486 3044 1512 3086 aa

189 3123 259 3194 lacit,
284 3123 340 3185 sed
360 3124 491 3194 discor
509 3125 615 3186 cordis.
653 3145 721 3187 mur
743 3135 772 3187 et
790 3127 852 3205 ipsa
874 3128 977 3186 tertiae
990 3133 1060 3187 suut
1077 3126 1288 3194 declinationis,
1309 3128 1351 3187 ris
1365 3126 1476 3208 iaciunt

188 3228 319 3302 genetivo
340 3243 421 3292 casu,
444 3245 579 3287 murmur
601 3229 761 3289 murmuris
783 3246 907 3289 numeru
928 3246 1047 3306 semper
1069 3226 1221 3304 singulari.

265 3327 329 3390 Nar
351 3328 455 3388 tertiae
477 3337 546 3389 sunt
566 3327 781 3398 declinationis,
804 3331 845 3389 ris
866 3330 972 3390 lactent
991 3333 1137 3404 perreriae,
1160 3329 1218 3391 Nar
1241 3329 1340 3398 Naris,
1366 3345 1490 3413 nornen*

189 3427 328 3492 bominis:
351 3428 496 3506 Vergilius
1011 3431 1016 3443 ’

336 3520 605 3609 11111111111111111·
627 3531 735 3593 albus
757 3550 865 3612 aqua.
1487 3552 1513 3593 ao

188 3649 308 3695 numero
334 3650 454 3710 semper
480 3633 630 3712 singulari.
675 3652 742 3694 nam
772 3633 827 3694 hae
852 3651 941 3694 nares
960 3651 1086 3694 numero
1112 3651 1231 3712 semper
1258 3632 1475 3713 1111111Ιί1111-

187 3735 269 3812 gilius
292 3732 523 3817 [cumgeuere]

337 3843 373 3898 et
394 3843 550 3898 truncas
572 3837 772 3898 inhonesto
794 3834 947 3898 vulnere
971 3855 1089 3899 nares.

186 3955 234 3999 ner
257 3940 307 3999 nir
330 3955 405 3998 nur:
428 3937 474 4000 bis
489 3936 608 4017 syllabis
627 3956 735 3999 nomen
753 3938 866 3999 nullum
884 3941 1004 4018 repperi
1020 3940 1217 4000 terminatum.
1246 3957 1337 4000 unum
1355 3939 1476 4017 repperi

186 4057 236 4103 ner
258 4048 401 4118 correpta
427 4041 614 4102 terminatum
644 4039 847 4101 declinationis
866 4042 970 4101 tertiae
1000 4041 1041 4102 ris
1062 4040 1172 4102 iaciens
1193 4042 1342 4118 genetivo,
1375 4039 1423 4100 hic
1445 4048 1514 4101 etas

186 4140 256 4205 haec
279 4151 309 4204 et
325 4141 384 4201 boc
407 4141 537 4220 degener
558 4140 646 4220 huius
669 4141 838 4219 degeneris:
862 4141 1006 4218 Vergilius
1029 4142 1258 4220 ‘degeneres
1280 4143 1451 4208 animos',
1467 4139 1475 4222 11

251 4314 268 4363 7
288 4308 407 4376 Plautus]
426 4312 512 4362 Aulnt.
525 4313 628 4374 prob‘l
699 4308 842 4378 Vergilius]
860 4312 926 4361 Aen.
944 4312 1030 4362 11741
1113 4312 1130 4364 8
1148 4312 1235 4362 dicnnt
1254 4312 1320 4363 hilar
1336 4312 1419 4376 (corr.
1433 4311 1475 4361 bie

184 4383 229 4447 lar)
241 4384 269 4434 B
285 4383 377 4434 dicunt
389 4381 434 4432 irie
445 4381 482 4430 lar
498 4397 517 4444 p
535 4382 622 4432 dicunt
634 4381 674 4431 bie
688 4382 753 4430 hilar·
770 4396 787 4438 ς
848 4379 879 4430 10
896 4381 987 4430 huc—
1000 4382 1029 4433 ll
1049 4381 1225 4433 declinationis
1242 4384 1267 4433 in
1280 4397 1360 4447 toury.
1376 4383 1436 4431 odd.
1451 4382 1477 4432 B

250 4454 280 4504 ll
303 4454 407 4518 repperi
427 4451 476 4500 lrsc
491 4450 589 4515 s'yllabu
608 4466 624 4508 ς
714 4448 786 4500 12111
803 4453 894 4515 priore
910 4453 964 4502 loco
980 4468 1026 4502 ou.
1046 4451 1072 4501 B
1147 4454 1178 4502 lt
1197 4452 1345 4518 Sallustius]
1365 4452 1421 4504 car.
1444 4453 1476 4502 15

251 4525 282 4574 11
301 4538 332 4572 er
347 4523 445 4586 rtb³que
465 4518 651 4572 Isiader'aunmta
673 4530 698 4569 et
716 4521 808 4582 ubique
826 4521 851 4570 B
951 4520 986 4571 26
1008 4519 1069 4570 iecit
1089 4524 1274 4586 (supericripto
1291 4523 1326 4574 al.
1346 4537 1411 4577 mou,
1429 4521 1474 4571 sed

183 4592 236 4651 dis)
250 4594 346 4643 discor.
363 4591 491 4641 rtiacordis
507 4591 533 4640 11
555 4591 614 4641 lar-it
629 4590 675 4641 sed
693 4590 733 4639 dis
751 4590 849 4640 discors
868 4590 994 4641 discordis
1013 4604 1030 4646 ς
1126 4593 1161 4643 ’18
1182 4593 1302 4655 genetivo
1316 4606 1361 4641 11111.
1382 4590 1408 4640 Β

183 4664 215 4711 db
229 4660 361 4727 sulpurea]
384 4664 465 4726 Verp.
484 4662 542 4710 Aen
569 4661 679 4710 1111511
755 4659 785 4709 31
807 4660 897 4725 plurali
913 4676 969 4710 cum
986 4675 1088 4725 genere.
1110 4663 1235 4727 Virgilius
1252 4673 1277 4711 et
1292 4661 1435 4711 Paeonas.
1451 4678 1476 4713 o.

183 4748 238 4781 enm
257 4748 362 4797 genere,
381 4731 473 4797 qartus
492 4732 564 4780 atiud
579 4731 717 4792 excipiunt
733 4730 848 4793 Verpitii,
863 4746 951 4794 peorp.
972 4730 1082 4781 11113110
1099 4731 1158 4781 boio
1175 4734 1294 4796 geminae
1310 4745 1394 4794 nores,
1413 4733 1478 4782 indt-

182 4804 236 4851 rm'
245 4804 354 4864 petubas
375 4801 576 4863 tammonem,
594 4816 629 4849 ex
645 4802 677 4849 iis
692 4815 757 4864 pune
770 4807 859 4864 posteo
877 4801 909 4849 de
919 4817 943 4851 a.
961 4800 1074 4864 degener
1088 4802 1248 4865 disputantur
1263 4803 1311 4852 tac
1323 4803 1405 4851 intuto
1421 4816 1477 4850 esse

182 4873 301 4922 uidentur.
376 4871 412 4922 ,13
431 4879 457 4919 et
477 4868 591 4936 trituras]
614 4870 772 4935 Verp.Aen.
792 4869 822 4916 Vl
843 4872 892 4919 tut
964 4870 998 4921 to
1016 4867 1168 4936 degeneres]
1189 4871 1338 4936 terpaton
1363 4873 1408 4921 1111
1428 4872 1459 4921 ta
