3346 5506
558 393 766 456 EXPLANAT.
790 393 828 455 IN
851 391 1030 455 nontrvnt
1051 389 1122 454 tte.
1145 391 1158 451 l
1431 393 1492 456 507

594 531 597 537 .
1286 510 1307 550 p.
1321 496 1367 538 stt.
1381 498 1406 537 ts
1419 494 1442 537 L.

209 581 341 644 clamabo
368 579 485 642 videbo.
529 587 597 642 tunt
623 587 720 642 autem
748 579 844 660 aliqua
873 579 960 641 verba
988 578 1169 660 usurpativa,
1199 579 1235 638 de
1264 574 1369 657 quihus
1391 583 1492 656 postea

208 683 395 745 duceremus

290 786 429 866 Sequitur
462 784 498 844 de
532 802 641 862 genere
676 782 844 844 verborum.
889 781 1014 843 diximus
1058 781 1135 863 quod
1169 782 1266 841 omnia
1295 779 1398 851 verba,
1432 781 1492 840 sive

206 889 299 948 activa
320 888 380 948 sint
401 889 462 946 sive
484 888 596 966 passiva
619 890 680 946 sive
702 884 845 946 neutralia
869 887 929 946 sive
952 886 1117 946 communia
1140 886 1200 943 sive
1216 882 1403 962 deponentia,
1420 881 1492 942 duas

206 989 436 1068 significationes
459 987 580 1059 habent,
604 989 726 1048 activam
750 994 779 1047 et
800 988 952 1067 passivam.
1000 1005 1067 1047 nam
1091 995 1119 1046 et
1140 987 1164 1046 si
1187 992 1322 1046 neutrum
1347 986 1397 1054 sit,
1421 986 1491 1045 acti-
1518 1002 1530 1039 s

203 1109 269 1151 vam
293 1089 382 1152 habet
403 1092 646 1169 significationem
668 1099 718 1152 aut
740 1091 899 1170 passivam;
923 1091 997 1149 etsi
1019 1106 1176 1149 commune
1190 1089 1236 1156 sit,
1260 1089 1360 1167 utique
1383 1094 1492 1147 otram·

204 1210 264 1273 que
287 1193 530 1271 significationem
555 1191 658 1262 habct;
689 1200 718 1252 et
746 1194 771 1251 si
793 1191 944 1271 deponens
966 1192 1016 1258 sit,
1046 1192 1189 1269 passivam
1214 1188 1303 1250 habet
1324 1188 1492 1250 declinatio-

204 1313 291 1367 nem,
314 1295 365 1356 sed
389 1295 500 1354 activae
522 1294 744 1373 significationis
766 1301 826 1362 est,
850 1301 882 1353 nt
906 1291 1011 1373 loquor
1034 1294 1192 1353 convicier.
1231 1310 1298 1351 nam
1323 1291 1393 1353 niltil
1417 1291 1492 1351 dilli-

201 1395 290 1457 cilius
321 1414 409 1476 quam
443 1395 614 1456 discernere
646 1413 803 1457 commune
834 1394 956 1456 verbnm
988 1414 1004 1456 a
1035 1395 1203 1475 deponenti.
1248 1393 1383 1474 plerique
1414 1389 1491 1453 enim

199 1490 291 1557 κατὰ
319 1487 526 1580 ἅντίφρασιν
554 1506 658 1577 putant
685 1498 794 1559 diclrtm
826 1515 890 1557 esse
919 1497 1069 1576 deponens
1092 1496 1128 1557 ab
1152 1515 1202 1566 eo,
1225 1495 1302 1576 quod
1327 1514 1342 1555 r
1363 1495 1490 1556 litteram
1507 1508 1530 1548 ιο

200 1617 266 1660 uon
290 1599 433 1680 deponam
457 1598 509 1659 sed
532 1598 637 1661 salsum
660 1610 714 1661 est.
745 1618 813 1660 nam
836 1608 866 1660 ot
881 1602 1046 1661 communia
1069 1619 1084 1660 r
1107 1597 1233 1659 litteram
1250 1615 1310 1658 non
1327 1597 1492 1676 deponunt;

200 1719 279 1780 ergo
303 1710 330 1761 et
354 1703 417 1780 ipsa
439 1701 616 1780 deponentia
640 1703 697 1764 dici
720 1701 893 1762 debuerant.
931 1719 1002 1780 ergo
1024 1703 1064 1763 ita
1086 1699 1278 1761 discernitur:
1302 1698 1352 1760 nbi
1373 1701 1491 1760 invene-

195 1805 247 1863 ris
268 1804 412 1883 passivam
436 1801 660 1866 declinationem
684 1813 714 1865 et
735 1805 857 1864 activam
880 1810 992 1863 tantum
1022 1802 1281 1882 significationem,
1306 1820 1426 1863 necesse
1449 1809 1494 1862 est

196 1904 358 1984 deponens
385 1903 507 1967 verbum
536 1906 587 1977 sit,
616 1915 648 1967 ut
677 1913 722 1967 cst
748 1904 853 1985 loquor
880 1903 995 1974 luctor;
1023 1906 1159 1985 quotiens
1190 1913 1285 1965 autem
1314 1905 1426 1984 passiva
1450 1911 1494 1966 eat

196 2005 375 2076 declinatio,
408 2006 582 2085 significatio
610 2017 706 2070 autern
731 2016 761 2069 et
781 2008 874 2068 activa
896 2016 925 2067 et
946 2008 1073 2087 passiva,
1098 2025 1254 2068 commune
1276 2006 1396 2067 verbum
1420 2005 1492 2070 dici·
1506 2018 1530 2058 ¹⁵

195 2114 267 2176 tur,
291 2115 323 2168 ut
344 2108 485 2168 criminor
508 2108 634 2171 osculor.
679 2108 796 2191 quando
819 2109 884 2169 dico
907 2108 1016 2178 luctor,
1040 2109 1197 2171 declinatio
1220 2109 1280 2170 sola
1305 2110 1418 2189 passiva
1440 2116 1493 2180 est,

194 2217 339 2270 ceterum
362 2210 536 2288 significatio
558 2213 667 2272 activa:
691 2227 746 2288 ego
769 2212 847 2271 enim
870 2209 975 2271 luctor.
1020 2211 1137 2290 quando
1166 2210 1231 2271 dico
1260 2209 1390 2280 osculor,
1414 2209 1494 2271 vides

196 2310 286 2390 quod
310 2319 339 2371 et
360 2310 478 2391 quando
500 2329 555 2390 ago
578 2319 608 2373 et
629 2312 745 2393 qnando
774 2313 871 2393 patior
892 2311 1009 2373 osculor
1031 2312 1106 2375 dico.
1152 2312 1218 2374 ideo
1241 2331 1312 2393 ergo
1334 2312 1382 2373 illa
1405 2313 1493 2374 verba

192 2412 383 2494 deponentia
412 2413 563 2485 dicuntur,
594 2414 672 2494 quod
703 2433 738 2474 ex
767 2414 884 2492 gemina
913 2415 1125 2495 significatione
1153 2432 1241 2477 unam
1271 2415 1436 2494 deponunt,
1465 2414 1493 2475 id

193 2522 251 2601 pst
272 2516 426 2594 passivam.
471 2517 549 2577 cauti
577 2534 649 2596 ergo
676 2535 741 2578 esse
768 2516 910 2578 debemus
937 2518 973 2578 ad
1001 2518 1080 2598 ipsas
1102 2518 1342 2597 significationes,
1366 2525 1399 2579 ut
1419 2519 1493 2579 scia·
1506 2529 1531 2569 ²⁰

194 2632 288 2688 nnus,
312 2617 429 2697 quando
452 2635 610 2681 commune
632 2618 684 2690 sit,
708 2619 825 2699 quando
848 2618 1009 2698 deponens.
1039 2621 1098 2680 iam
1112 2621 1218 2700 incipit
1232 2620 1344 2690 dicere,
1368 2621 1493 2681 activum

192 2717 350 2798 estquod
374 2737 392 2778 o
414 2717 511 2780 littera
533 2721 709 2782 terminatur
732 2728 762 2782 et
790 2728 909 2802 accepta
931 2739 947 2780 r
968 2719 1066 2782 littera
1094 2722 1164 2783 lacit
1190 2741 1226 2782 ex
1249 2741 1280 2784 se
1302 2723 1463 2801 passivum,
1488 2719 1493 2800 l

189 2826 237 2883 {rt
258 2819 326 2900 lego
348 2819 441 2899 legor.
472 2823 542 2883 item
565 2824 712 2903 passivum
736 2823 879 2904 estquod
903 2841 918 2882 r
939 2821 1035 2883 littera
1060 2824 1234 2884 terminatur
1256 2832 1285 2883 et
1307 2841 1340 2883 ea
1364 2823 1492 2884 detracta

189 2922 274 2984 lacit
302 2941 338 2983 ex
366 2941 399 2983 ae
431 2924 573 2995 activum,
603 2932 636 2986 ut
663 2923 771 2987 caedor
798 2923 899 2987 caedo.
944 2943 1011 2985 nam
1034 2943 1130 3004 neque
1153 2925 1276 2984 activum
1301 2942 1365 2986 esse
1388 2930 1492 3002 potest,

187 3026 261 3086 nisi
283 3023 388 3086 iecerit
415 3044 452 3086 ex
478 3044 511 3087 se
538 3027 699 3103 passivum,
729 3044 824 3107 neque
851 3028 1012 3105 passivum,
1041 3026 1099 3086 nisi
1119 3027 1224 3087 lecerit
1245 3045 1281 3087 er
1303 3044 1335 3086 se
1357 3026 1492 3086 activum.
1507 3040 1531 3079 aa

190 3143 273 3189 nam
295 3128 321 3186 si
344 3145 362 3186 o
384 3125 482 3188 littera
509 3129 687 3188 terminetur
715 3135 744 3189 et
773 3129 919 3208 passivum
947 3146 1005 3188 non
1029 3148 1063 3189 ex
1087 3145 1118 3189 se
1142 3127 1259 3199 lecerit,
1284 3125 1417 3188 neutrale
1439 3136 1492 3196 est,

188 3236 235 3290 ut
259 3247 364 3289 curro:
395 3246 455 3289 non
484 3229 564 3289 enim
592 3228 715 3290 dicimus
744 3249 858 3291 curror.
893 3230 936 3288 sic
965 3230 1042 3289 enim
1071 3227 1186 3290 videtur
1214 3247 1278 3289 esse
1300 3247 1388 3288 curro
1411 3230 1492 3307 quasi

184 3323 280 3410 lego.
325 3329 377 3390 sed
406 3328 479 3390 illud
506 3329 575 3391 iacit
603 3331 764 3410 passivum,
793 3339 824 3391 ut
851 3329 949 3408 legam
979 3331 1035 3391 hoc
1057 3339 1176 3409 accepta
1200 3349 1215 3389 r
1238 3328 1333 3391 littera
1356 3331 1492 3391 Latinum

187 3439 345 3501 nonest,
370 3449 484 3492 curror.
528 3433 599 3494 item
622 3432 739 3514 qnando
762 3431 851 3494 habet
878 3449 894 3490 r
916 3431 1058 3502 litteram,
1088 3434 1113 3493 si
1141 3451 1174 3493 ca
1203 3432 1334 3511 deposita
1357 3432 1491 3492 Latinum

186 3533 308 3602 luerit,
336 3533 482 3611 passivum
512 3541 570 3607 est,
599 3542 632 3594 ut
660 3533 772 3596 clamor
801 3533 911 3601 clamo;
940 3535 965 3593 si
994 3540 1091 3594 autem
1114 3535 1237 3596 eandem
1260 3535 1410 3615 deponere
1432 3551 1491 3594 non
1505 3549 1530 3589 so

190 3634 348 3716 potuerit,
372 3642 422 3696 aut
443 3653 600 3696 commune
622 3638 680 3697 erit
700 3643 751 3696 aut
772 3635 942 3714 deponens,
967 3646 998 3697 ut
1019 3637 1161 3697 criminor
1183 3636 1296 3716 loquor.

288 3735 410 3796 Numeri
439 3734 536 3796 verbis
562 3736 640 3798 idem
670 3738 820 3808 accidunt,
851 3740 901 3818 qni
928 3750 957 3799 et
979 3737 1159 3809 nominibus,
1183 3737 1339 3816 singularis
1362 3745 1394 3798 ut
1415 3737 1491 3816 lego,

190 3835 327 3920 pluralis
348 3845 381 3899 ut
402 3836 527 3917 legimus
551 3838 678 3919 [addunt
699 3839 816 3919 quidam
840 3858 1043 3912 communem,
1068 3851 1101 3901 ut
1122 3840 1246 3921 legere].
1278 3841 1389 3917 figurae
1411 3840 1492 3900 simi-

188 3936 270 4002 liter
299 3939 436 4000 accidunt
464 3939 553 4010 duae,
583 3939 722 4020 simplex,
750 3949 784 4002 ut
811 3940 890 4021 lego,
920 3943 1085 4020 conposita,
1116 3951 1146 4004 ut
1168 3942 1302 4022 neglego.
1348 3959 1492 4022 personae

193 4051 265 4104 tres
286 4047 366 4114 sunt,
388 4043 484 4121 prima
507 4061 582 4122 quae
604 4041 684 4114 dicit,
709 4041 783 4123 lego,
806 4045 935 4106 secunda
958 4047 1005 4107 cui
1027 4045 1148 4116 dicitur,
1171 4045 1257 4123 legis,
1280 4045 1365 4105 tertia
1381 4043 1417 4104 de
1433 4062 1490 4123 qua
1504 4059 1529 4100 a,

191 4143 326 4213 dicitur,
349 4140 429 4221 legit.
1144 4218 1146 4220 q

288 4243 434 4323 Tempora
457 4246 513 4306 tria
536 4254 620 4316 sunt,
641 4265 783 4326 praesens
804 4251 996 4328 praeteritum
1024 4257 1054 4309 et
1075 4249 1214 4309 loturum.
1260 4248 1311 4309 sed
1341 4249 1492 4328 praeteriti

191 4347 319 4428 species
351 4354 420 4408 sunt
453 4355 530 4417 tres,
566 4349 729 4427 inperfecta
761 4348 892 4429 perlecta
925 4349 1219 4430 plusquamperfecta.
1265 4369 1405 4428 praesens
1438 4358 1490 4419 est,

197 4467 270 4510 cum
293 4449 399 4528 agitur.
437 4449 622 4511 advertamus
645 4450 731 4510 haec:
761 4452 790 4511 in
815 4449 894 4513 nulla
916 4453 993 4512 enim
1016 4471 1050 4512 re
1072 4453 1115 4512 sic
1137 4451 1168 4511 nt
1190 4452 1381 4514 soloecismus
1403 4451 1491 4511 stiam

198 4567 218 4611 a
246 4548 351 4611 doctis.
396 4568 537 4630 praesens
565 4560 623 4620 est,
655 4550 725 4613 dum
753 4553 863 4630 agitur:
901 4562 1032 4613 ceterum
1065 4555 1089 4612 si
1118 4572 1177 4614 non
1206 4561 1324 4634 agatur,
1357 4571 1417 4612 non
1447 4561 1491 4612 est

274 4754 286 4805 l
306 4753 398 4805 uidebo
417 4762 475 4804 sunt
488 4756 533 4808 FS
551 4756 642 4806 uidebo
656 4756 731 4805 tertia
750 4757 776 4806 iu
790 4771 830 4806 am
849 4766 876 4806 nt
895 4756 952 4822 lego
972 4757 1057 4822 legam
1071 4767 1129 4807 sunt
1147 4758 1172 4806 Ι,
1259 4759 1290 4808 ta
1307 4757 1446 4807 debuerant
1466 4757 1491 4806 L

205 4823 332 4874 debebant
349 4825 374 4873 F
387 4824 479 4874 debent
497 4826 519 4876 S
587 4825 786 4876 contestamus
804 4853 837 4864 -
855 4828 939 4877 dicere
954 4841 1000 4880 om.
1020 4829 1053 4887 L,
1066 4828 1127 4880 add.
1142 4829 1200 4879 FS:
1218 4835 1245 4877 ut
1263 4829 1373 4877 sciamus
1387 4826 1489 4891 quando

204 4907 336 4945 commune
353 4894 386 4944 alt
404 4895 504 4958 quando
523 4895 654 4960 deponens
670 4896 732 4950 cdd.
746 4898 756 4946 l
825 4896 859 4949 33
878 4897 974 4948 addunt
990 4924 1024 4935 -
1040 4897 1125 4965 legere
1141 4912 1188 4950 om.
1206 4898 1252 4948 FS
1318 4909 1450 4965 commone
1464 4895 1491 4947 h
