3314 5506
224 375 285 438 mo
788 326 942 452 [senon]

276 478 292 520 r.
307 478 332 518 cr
345 478 393 518 esa.
408 476 459 518 nav.
1307 489 1330 534 p.
1341 480 1383 523 aas
1394 479 1415 523 u
1425 479 1447 522 e.

223 558 360 636 primitur
381 565 431 618 aut
451 556 626 618 sublimatur
647 558 679 617 in
700 563 827 618 acutum.
873 555 1035 618 crassitudo
1056 565 1155 618 autem
1176 559 1208 619 in
1230 560 1334 640 spiritu
1354 568 1400 633 cst,
1417 560 1472 622 unde

223 661 311 720 etiam
340 659 445 720 Graeci
473 658 701 738 adspirationem
727 656 891 738 appellant:
913 654 927 742 ss
951 676 1021 719 nam
1047 677 1151 722 omnes
1171 669 1331 741 recusant
1350 662 1471 744 mando

224 761 350 822 facimus
372 761 555 840 pinguiores,
578 767 628 821 aut
649 761 714 822 dne
735 761 865 840 aspiratu
885 760 1104 840 pronunu’ando
1125 763 1287 825 tenuiores.

307 861 391 934 Quod
424 862 460 923 ad
482 863 601 924 Latinos
633 868 771 923 accentus
806 863 923 932 attinet,
956 864 1018 924 sire
1048 864 1169 925 statiros
1196 882 1250 927 seu
1277 863 1472 936 mmmntaldes,

185 983 198 1023 s
224 965 296 1024 satis
318 962 438 1024 dictum.
483 982 563 1025 nunc
585 972 617 1025 ut
639 964 810 1025 divisionem
833 965 1054 1043 uipertirimus,
1077 976 1213 1047 superest
1234 966 1393 1038 ostendere,
1411 984 1473 1048 quen

223 1084 307 1126 usum
330 1064 486 1146 prosodiae
513 1067 589 1127 circa
612 1065 725 1127 Graeca
753 1067 872 1126 nomina
900 1064 1011 1127 habere
1038 1066 1207 1131 debeamus.
1250 1070 1282 1131 in
1308 1087 1364 1150 qna
1381 1087 1411 1132 re
1427 1087 1473 1131 cin

222 1167 383 1247 plurimum
407 1174 539 1237 erretur,
568 1169 613 1228 ria
635 1177 734 1228 tamen
757 1176 801 1228 est
828 1166 984 1229 amovendi
1005 1171 1118 1231 erroris
1138 1169 1327 1241 brevissima,
1352 1172 1404 1233 n’ni
1421 1171 1473 1232 lorto

223 1272 288 1350 quis
311 1288 347 1330 eo
369 1268 523 1329 demersus
543 1270 699 1346 inperitiae
721 1276 779 1339 est,
802 1276 835 1330 ut
855 1270 886 1329 iu
899 1269 1012 1331 Graeca
1027 1270 1196 1355 nostralque
1217 1271 1318 1351 lingua
1340 1275 1396 1335 terti
1413 1269 1500 1333 s'nd*

222 1379 253 1432 et
283 1370 409 1432 clinatus
440 1369 600 1431 discrimen
632 1372 759 1449 ignoret.
803 1389 871 1432 narn
904 1389 972 1433 cum
1000 1373 1103 1450 primis
1129 1372 1161 1434 id
1187 1376 1327 1435 convenit
1351 1374 1473 1455 umiae.

184 1474 358 1534 roLatinum
385 1490 498 1533 merum
527 1473 564 1532 sit
593 1490 714 1542 nomen,
743 1491 917 1535 armerum
940 1475 1103 1545 Graecum,
1124 1491 1163 1535 an
1185 1476 1275 1537 etiam
1296 1477 1372 1538 inter
1389 1483 1474 1537 rum·

221 1594 279 1656 que
301 1592 466 1635 commune.
497 1592 623 1654 quorum
646 1574 684 1636 de
704 1574 828 1654 singulis
849 1592 904 1636 suo
925 1576 1029 1637 ordine
1051 1574 1273 1656 explicabimus.
1303 1595 1381 1640 mera
1399 1576 1474 1639 ledat

221 1676 394 1757 appellanda
416 1684 485 1737 sunt
511 1675 618 1755 quibus
641 1694 696 1736 nec
719 1678 802 1755 origo
825 1694 881 1737 uec
902 1676 1060 1738 declinatio
1088 1698 1105 1740 a
1127 1679 1251 1740 Graecia
1273 1687 1390 1740 estnec
1407 1677 1473 1740 ullnn

222 1778 295 1841 adeo
317 1798 383 1841 cum
406 1780 573 1858 peregrinis
595 1780 821 1849 commercium,
844 1789 877 1840 ut
891 1779 962 1841 Cato
981 1778 1086 1860 aquila.
1116 1798 1192 1860 qnae
1213 1799 1273 1860 qno
1294 1788 1410 1843 accentu
1425 1778 1474 1840 ede

222 1882 313 1942 reuda
336 1883 410 1951 sint,
440 1883 592 1960 superiora
615 1879 780 1949 declarant,
810 1881 1030 1960 cavendumque
1058 1881 1116 1942 hoc
1137 1900 1244 1953 unum,
1269 1901 1390 1964 nequem
1408 1882 1474 1943 Grae·

184 1997 209 2039 re
225 2001 326 2043 eorum
350 1984 503 2043 nominum
525 1980 686 2042 similitudo
707 2000 724 2042 a
746 1983 937 2061 praescriptis
958 1982 1069 2061 regulis
1090 1982 1230 2054 deducat,
1257 1993 1292 2045 ut
1317 1985 1403 2063 siquis
1419 1981 1475 2042 disat

222 2085 352 2164 cuspidis
379 2102 488 2145 acuens
517 2086 648 2162 quamvis
675 2083 795 2144 brevem
824 2082 1047 2164 paenultimam.
1076 2104 1112 2146 eo
1140 2086 1171 2145 in
1199 2085 1335 2146 fraudem
1360 2083 1473 2151 miron

221 2186 299 2265 quod
327 2187 512 2263 quorundam
547 2184 641 2246 simile
670 2196 715 2247 est
749 2185 947 2258 Graecorum,
976 2195 1008 2247 ut
1035 2185 1186 2266 Pnyllidos
1212 2185 1347 2254 Aulldos.
1378 2204 1438 2267 quae
1452 2186 1475 2244 iu

221 2287 399 2367 paenultima
429 2287 511 2348 brevi
538 2299 698 2358 acuuntur,
734 2306 801 2348 cum
829 2289 928 2368 potius
964 2286 1093 2367 cuspidis
1121 2290 1204 2367 quasi
1232 2289 1351 2350 cissitis
1376 2285 1474 2366 Tigridis

220 2375 304 2450 isidis
333 2389 465 2449 Thetidis
492 2385 681 2467 Thy'mbridis
709 2389 870 2469 liiphnidis
896 2391 992 2468 prima
1019 2397 1103 2450 acuta
1126 2390 1337 2469 prolerendnm
1356 2391 1404 2459 sit,
1425 2388 1474 2468 quia

183 2506 209 2549 oo
222 2490 319 2552 brevis
341 2500 387 2551 est
408 2493 586 2571 paenultima
602 2491 724 2552 Graeca.
760 2479 873 2552 Graeca
895 2503 992 2552 autem
1015 2509 1096 2552 mera
1118 2501 1189 2553 sunt
1209 2510 1285 2572 quae
1306 2502 1337 2553 et
1355 2510 1372 2552 e
1390 2490 1474 2552 tneo

220 2596 302 2655 lonte
324 2601 444 2654 manant
465 2602 495 2654 et
516 2595 555 2653 ita
577 2612 632 2672 per
654 2612 739 2655 casus
754 2611 952 2672 numerosque
967 2592 1114 2654 clinantnr
1136 2591 1208 2674 [hoc
1230 2600 1275 2654 est
1296 2587 1474 2670 ‹tecnnmtoi

220 2705 253 2757 ut
275 2713 435 2773 numquam
463 2694 499 2755 ab
522 2695 636 2773 origiue
666 2713 718 2755 sua
741 2713 797 2755 nec
818 2694 933 2756 litterae
955 2693 1073 2774 quidem
1096 2696 1185 2756 unius
1206 2696 1423 2757 commutatione
1439 2692 1475 2753 de

221 2798 336 2858 cedant.
381 2798 455 2857 haec
476 2798 508 2856 in
530 2795 711 2859 carminibus
732 2806 887 2876 poetarum
909 2799 1016 2876 passim
1039 2798 1243 2877 reperiuntur,
1266 2799 1350 2858 utin
1371 2795 1476 2858 histe-

220 2899 297 2978 giiii,
322 2905 493 2979 ‘quorum
523 2898 621 2959 alter
652 2900 841 2959 Acarnao'
874 2906 905 2959 et
937 2898 1135 2960 ‘fatidicae
1168 2898 1330 2960 Mantns²
1359 2918 1386 2959 s.
1422 2912 1477 2977 quae

183 3016 208 3056 25
222 3004 321 3063 omnia
343 3010 375 3062 ut
398 3020 413 3061 a
437 3001 548 3062 Graeca
572 2999 767 3061 declinatione
789 3009 900 3061 mutata
923 3018 981 3060 non
1004 3008 1089 3069 sunt,
1112 3002 1151 3062 ita
1174 3021 1191 3063 a
1213 3001 1327 3062 Graeco
1347 3010 1411 3062 tono
1430 3013 1477 3058 cor·

221 3105 318 3184 rumpi
347 3121 407 3163 non
435 3102 552 3163 debent.
597 3121 689 3181 quare
715 3105 850 3163 Acarniu
879 3103 995 3163 Mantus
1022 3101 1115 3183 Orphi
1147 3102 1224 3163 llere
1252 3101 1354 3164 ultima
1379 3096 1478 3179 legenda

221 3216 303 3275 sunt,
337 3204 432 3266 Pallis
461 3213 558 3265 autern
593 3212 622 3264 et
643 3202 755 3264 Allecto
778 3204 880 3266 eadem
912 3204 1013 3265 ultima
1035 3213 1134 3274 acuta,
1168 3223 1295 3285 quorum
1317 3214 1442 3265 neutnrm
1456 3201 1478 3258 11

220 3309 331 3369 Latinis
358 3309 422 3367 fieri
450 3307 524 3366 solet
552 3305 730 3366 nominibus.
775 3308 846 3366 item
875 3325 942 3368 cum
971 3305 1096 3384 legimus
1124 3311 1211 3367 ‘nec
1246 3306 1356 3384 longe
1381 3306 1479 3367 Cissea

221 3410 367 3471 durum’
392 3418 421 3469 et
443 3407 721 3487 ‘liquidumque
744 3426 917 3487 peracre
940 3407 1479 3489 lapsae'et‘Epytidenoorot'.

181 3529 208 3570 ao
222 3512 322 3573 Cisse'a
343 3510 419 3571 aera
435 3509 591 3587 Epytiden,
609 3511 740 3588 quamvis
755 3517 857 3569 contra
874 3509 1004 3588 regulam
1021 3509 1163 3580 latinam,
1188 3521 1296 3578 tamen,
1312 3511 1378 3590 qnia
1391 3508 1479 3569 Graec

220 3623 297 3684 sunt,
319 3615 498 3694 paenultima
522 3620 605 3673 acuta
629 3612 820 3691 pronuntiare
843 3611 994 3673 debemus.
1040 3613 1134 3672 sicet
1158 3613 1187 3671 in
1210 3613 1272 3684 his,

290 3804 413 3867 lepiritu
433 3804 442 3850 t
459 3802 555 3866 spiratu
574 3798 620 3849 LO
708 3799 854 3861 2sortasae
873 3796 1138 3864 appellantdoeosico
1160 3809 1185 3849 et
1201 3792 1293 3864 ψιλήν
1375 3806 1415 3848 sut
1430 3793 1482 3858 aspl-

220 3874 385 3922 randooeut
398 3871 535 3936 aspiranda
550 3868 597 3919 LO
667 3867 876 3934 3pinguiresl.
947 3871 1072 3919 tenuiores
1091 3892 1124 3903 —
1141 3869 1232 3919 attinet
1248 3867 1335 3919 careo
1400 3870 1481 3916 lcon-

221 3940 390 3991 motabilesL
476 3942 535 3990 {tut
553 3938 639 3988 om.O
725 3938 882 3990 lidebemus
899 3937 928 3998 0,
947 3954 1014 3987 corr.
1034 3937 1172 3988 debeamus
1191 3937 1216 3985 L
1299 3937 1482 3989 emtionem

220 4012 353 4075 inperitiae
367 4012 400 4060 sit
417 4020 444 4059 ut
463 4012 487 4059 in
507 4023 600 4074 graeca
619 4016 754 4070 nostraque
774 4009 888 4073 linguae
907 4009 997 4057 eodem
1014 4022 1104 4056 uersus
1123 4009 1241 4073 inperitia
1258 4008 1399 4076 (inpertitis
1413 4004 1442 4068 0)
1455 4011 1484 4052 aot

220 4090 247 4130 ut
262 4082 288 4128 in
308 4095 426 4145 graecam
441 4089 601 4141 nostrumque
620 4079 733 4144 linguam
745 4076 791 4127 LO
843 4076 1329 4144 9ottmprimisiducnmprimlsitLO
1382 4077 1484 4142 dispicere

219 4149 254 4198 Oe
273 4149 404 4212 despicere
424 4151 447 4198 L
519 4149 550 4198 10
570 4160 704 4210 utrumque
722 4163 789 4198 corr.
806 4157 939 4212 utramque
958 4150 982 4198 J.
999 4157 1131 4210 utramque
1145 4146 1184 4198 0:
1203 4149 1319 4212 [ortam
1336 4150 1398 4198 inter
1409 4155 1482 4196 uttan·

219 4234 269 4282 qne
288 4219 402 4283 linguam
474 4220 505 4269 12
524 4234 569 4267 nec
588 4219 665 4269 ullum
681 4217 713 4268 10
730 4233 786 4268 cum
805 4217 883 4267 ullum
900 4219 925 4268 L
1013 4218 1046 4268 14
1063 4231 1170 4280 nequem
1184 4233 1199 4267 e
1217 4234 1369 4283 &cecorum
1382 4219 1406 4270 1.
1421 4225 1483 4276 ΜΕ

1341 4278 1483 4408 tiri

220 4455 243 4496 et
262 4447 296 4495 ita
314 4463 328 4495 o
347 4445 431 4495 maliet
446 4445 517 4494 ital.
536 4453 637 4494 manant
653 4445 687 4492 ita
705 4445 726 4494 0
798 4443 924 4494 clinantur
942 4445 965 4494 1.
989 4441 1121 4493 clinantO
1205 4445 1240 4494 22
1256 4444 1385 4507 quideme
1401 4439 1483 4507 quiden

219 4515 268 4566 LO
337 4519 369 4566 ¹24
390 4512 507 4581 quorum]
534 4517 610 4580 Verp.
632 4514 697 4562 Aen.
713 4517 737 4564 V
754 4514 806 4565 298
879 4515 983 4564 fatidico
1001 4513 1135 4563 mantheus
1153 4512 1235 4579 (corr.
1255 4513 1341 4580 ·thus)
1363 4508 1484 4563 cnudo

219 4585 344 4636 mantheis
360 4586 393 4636 02
416 4589 495 4650 Verp.
517 4587 579 4638 Aen.
599 4584 621 4633 X
642 4584 701 4638 199.
720 4587 833 4635 lacunam
851 4586 967 4643 indicaui,
980 4601 1029 4650 qrsc
1046 4586 1146 4648 reliquo
1164 4587 1282 4647 exempla
1295 4584 1409 4650 Verpita'i,
1422 4578 1482 4631 led

219 4658 244 4718 4,
263 4657 296 4705 57
315 4656 393 4722 urphi
413 4656 542 4722 Calliopea
561 4657 699 4714 tPriccian.
717 4671 746 4719 p.
767 4656 826 4706 732.
845 4655 926 4718 736),
945 4655 1025 4707 bucol.
1046 4655 1079 4715 2,
1099 4652 1133 4704 61
1153 4653 1238 4704 Pallas
1257 4669 1321 4719 quas
1336 4653 1441 4704 condidit
1454 4662 1483 4697 ss·

220 4740 271 4787 ces,
291 4727 356 4777 Aen.
376 4728 422 4776 Vll
436 4727 488 4778 324
508 4725 642 4778 luctificam
659 4726 755 4776 Allecto
772 4726 886 4790 (ctam.
905 4740 934 4788 p.
953 4726 996 4776 47.
1015 4723 1064 4786 93)
1081 4725 1232 4775 excidemus
1336 4723 1371 4775 26
1387 4718 1485 4772 menthe!

222 4795 267 4845 LO
335 4798 369 4848 28
387 4812 432 4846 nec
450 4795 537 4863 longe]
564 4798 642 4859 Verp.
663 4797 728 4849 Aen.
749 4794 773 4844 X
792 4797 843 4848 317
912 4794 947 4844 29
965 4790 1149 4859 liquidumque]
1172 4796 1252 4860 Verp.
1272 4796 1337 4845 Aea.
1352 4795 1385 4844 vt
1401 4793 1447 4844 2117

220 4867 338 4931 epitpden
356 4866 417 4916 LO:
439 4869 518 4932 Verp,
540 4869 603 4918 Aen.
621 4866 643 4913 V
658 4868 709 4916 547
779 4874 854 4916 vocat
871 4890 905 4900 -
922 4864 1047 4929 Epytiden
1060 4880 1106 4914 ore.
1126 4862 1172 4913 Lo
