3314 5506
237 407 299 472 532
802 398 956 480 [senuit]

288 508 304 549 r.
319 509 353 551 ss.
369 506 409 548 aa·
423 508 472 550 eon.
486 508 538 549 tu.
1311 507 1458 561 nemun.

237 606 272 650 eo
294 587 412 658 exilior,
442 595 473 649 et
501 587 571 649 tibia
593 594 675 648 tauto
697 593 742 648 est
764 603 835 648 voce
856 587 996 658 acutiore,
1020 593 1129 664 quanto
1149 603 1220 647 caro
1242 589 1421 666 angustiore,
1439 586 1491 650 adeo

236 698 268 751 ut
289 689 440 752 corniculo
468 698 517 752 aut
538 687 693 750 bamberio
715 686 814 750 addito
841 687 959 765 gravior
980 685 1138 760 reddatur,
1165 687 1244 769 quod
1267 689 1393 751 crassior
1411 690 1491 751 exitia

235 808 314 853 aera.
358 791 531 854 brevitatem
563 808 680 870 quoque
710 797 812 852 acutae
840 790 919 852 vocis
946 790 978 850 in
1004 787 1099 851 isdem
1133 791 1253 870 organis
1283 790 1490 873 auimladrertere

181 964 185 971 ι
235 892 349 965 licebit,
379 893 524 973 siquidem
553 891 640 972 pulso
670 891 849 953 chordarum
877 891 962 952 citius
988 898 1073 952 acuta
1102 891 1278 972 transvolat,
1307 894 1402 971 gravis
1419 900 1489 954 auen

208 994 346 1057 adiutius
369 994 490 1056 auribus
512 996 686 1055 inmoratur.
722 995 810 1055 etiam
832 996 913 1073 ipsae
936 992 1065 1055 chordae
1087 1011 1163 1073 quac
1185 994 1312 1055 crassius
1332 1003 1430 1057 sonant
1445 992 1489 1055 lon

233 1098 332 1173 giores
362 1096 512 1166 videntur,
542 1097 608 1175 quia
637 1093 732 1158 laxius
760 1095 937 1156 tenduntur:
953 1089 968 1178 ΙΙ
987 1096 1058 1157 item
1080 1095 1112 1154 in
1133 1094 1227 1158 fistula
1250 1094 1309 1157 duo
1329 1095 1426 1159 calam
1442 1094 1488 1157 bre·

234 1199 342 1259 nissimi
370 1199 420 1277 qui
447 1199 633 1259 acutissimae
662 1198 754 1258 vocis:
793 1196 881 1257 tibiae
904 1214 1022 1276 quoque
1043 1197 1189 1258 acutiores
1211 1215 1287 1277 quae
1308 1197 1489 1269 breviores,et

233 1299 278 1359 bis
307 1300 451 1361 loramioa
479 1318 567 1380 quam
596 1308 665 1360 sunt
692 1301 738 1361 ori
764 1300 898 1379 proxima
933 1307 963 1359 et
989 1297 1132 1360 brevioris
1159 1301 1237 1362 aeris
1262 1307 1373 1362 motum
1398 1316 1488 1381 perun

233 1403 355 1472 tiscunt,
393 1410 451 1462 mm
486 1420 585 1462 vocem
620 1399 748 1461 reddunt
783 1410 909 1461 acutam.
953 1401 996 1461 sic
1027 1401 1058 1461 in
1091 1398 1273 1480 loquentium
1305 1399 1488 1480 legentiumque

199 1518 222 1558 ro
237 1521 323 1573 voce,
348 1502 398 1564 ubi
420 1510 489 1565 sunt
511 1501 668 1584 prosodiae
690 1501 769 1562 velut
790 1501 935 1582 quaedam
957 1503 1096 1571 stamina,
1125 1510 1210 1563 acuta
1233 1503 1349 1564 tenuior
1369 1510 1409 1565 est
1425 1518 1487 1581 quan

231 1606 328 1683 gravis
361 1615 391 1666 ct
425 1605 524 1667 brevis
555 1603 646 1675 adeo,
679 1611 712 1665 ut
739 1620 799 1664 non
826 1602 943 1683 lougius
971 1622 1058 1685 quam
1086 1622 1141 1684 per
1163 1621 1251 1665 unam
1274 1603 1488 1684 syllabamqtit

231 1708 323 1768 bnmo
346 1724 400 1787 per
424 1726 514 1769 unum
538 1717 654 1785 tempus
676 1706 881 1786 protraltatur;
911 1723 977 1767 cum
1005 1707 1113 1784 gravis,
1137 1724 1196 1786 quo
1218 1704 1339 1769 uberior
1360 1714 1387 1767 et
1405 1703 1488 1766 tardior

231 1818 290 1879 est,
314 1809 423 1871 diutius
444 1811 477 1870 in
499 1808 589 1870 rerbo
620 1817 753 1869 moretur
781 1816 810 1869 et
838 1810 960 1870 iunctim
983 1810 1114 1888 quamvis
1135 1808 1167 1867 in
1189 1806 1289 1870 multis
1310 1806 1419 1889 syllabis
1435 1805 1487 1866 real·

231 1909 290 1972 dat.
335 1913 473 1991 quocirca
501 1929 605 1991 graues
633 1929 757 1971 numero
785 1920 855 1971 sunt
880 1909 994 1991 plures,
1029 1911 1182 1989 pauciores
1209 1919 1327 1982 acutae,
1353 1910 1434 1972 llerae
1452 1923 1486 1969 n·

192 2025 215 2066 rs
230 2013 372 2074 rissimae.

313 2117 422 2177 Acutae
445 2122 514 2177 nota
537 2125 582 2177 est
604 2113 716 2193 virgula
739 2133 755 2175 a
778 2114 896 2175 sinistra
911 2121 997 2193 parte
1012 2113 1199 2175 dextrorsum
1222 2112 1348 2175 sublime
1368 2113 1484 2191 raupa:

228 2217 324 2294 gravis
355 2224 452 2278 autem
491 2226 609 2278 notatur
642 2215 730 2277 simili
763 2213 874 2295 virgula
910 2214 946 2276 ab
975 2215 1077 2276 eadem
1106 2223 1191 2295 parte
1220 2215 1359 2295 depresso
1389 2213 1485 2291 lastigie.

227 2336 301 2398 quae
331 2326 417 2380 notae
445 2319 649 2382 demonstrant
681 2336 800 2379 omnem
828 2325 943 2379 acutam
972 2335 1073 2378 vocem
1101 2333 1219 2377 sursum
1249 2335 1315 2380 esse
1342 2324 1370 2378 ct
1395 2330 1485 2396 gravem

227 2420 377 2481 deorsum.
423 2421 519 2500 ipsum
543 2423 631 2481 etiam
655 2422 834 2482 musicorum
856 2418 981 2481 doc'etur
995 2418 1222 2498 diagrammate,
1244 2421 1276 2480 in
1298 2436 1355 2500 quo
1369 2419 1485 2498 tropipm

188 2533 214 2574 το
227 2523 362 2583 acumine
385 2542 488 2584 vocum
511 2524 682 2602 superiores
703 2521 890 2590 scribuntur;
920 2520 1047 2601 denique
1069 2539 1202 2582 summus
1224 2520 1419 2601 hyperlydius,
1436 2518 1486 2598 quia

226 2625 425 2693 acutissimus;
449 2624 567 2685 infimus
590 2624 783 2704 hypodorius,
806 2642 866 2704 quo
888 2621 984 2683 nullus
1006 2632 1051 2684 est
1073 2625 1201 2700 gravior.
1230 2623 1307 2685 llexa
1328 2631 1417 2684 autem
1435 2637 1487 2698 pm·

224 2725 321 2794 sodia,
352 2726 429 2808 qnod
459 2726 567 2806 duplex
595 2734 638 2786 est
670 2735 700 2787 et
729 2744 764 2788 cx
793 2733 878 2787 acuta
904 2726 1045 2804 gravique
1067 2724 1149 2794 licta,
1173 2733 1273 2786 notam
1296 2724 1383 2786 babet
1401 2720 1487 2783 morini

224 2828 420 2908 potestatique
442 2827 685 2906 respondentem:
720 2845 788 2888 narn
811 2846 827 2888 a
849 2827 969 2888 sinistro
992 2845 1059 2889 curo
1090 2844 1216 2906 surgens
1237 2826 1330 2888 arduo
1351 2825 1488 2904 lastiyioet

223 2948 340 2990 sursum
369 2929 451 2992 molli
478 2938 633 2992 curvatura
661 2929 883 2991 dextroversum
913 2929 989 2990 llena
1017 2931 1170 3009 praecipiti
1193 2929 1268 2989 clivo
1290 2930 1488 3007 deprimituret

186 3033 352 3110 inspeciem
380 3050 492 3112 pronae
521 3031 637 3093 litterae
661 3033 684 3092 C
705 3031 809 3102 ellicit,
838 3032 968 3109 priorem
990 3039 1105 3093 acutam
1128 3040 1159 3092 et
1179 3032 1373 3111 posteriorem
1394 3043 1488 3110 gravem

222 3131 279 3193 sibi
306 3134 403 3195 inesse
438 3134 591 3212 significat.
636 3134 750 3195 mediae
779 3153 862 3204 vero,
891 3135 974 3194 cuius
1004 3151 1082 3195 nunc
1111 3152 1181 3194 usus
1211 3151 1271 3193 non
1298 3132 1429 3202 babetur,
1450 3147 1488 3190 no

222 3242 280 3297 tam
314 3254 373 3297 non
406 3237 557 3316 ponimus,
592 3237 660 3317 quia
693 3252 790 3316 neque
823 3255 839 3296 a
872 3233 1034 3296 maioribus
1067 3235 1234 3315 accepimus
1271 3251 1366 3315 neque
1398 3235 1488 3311 fingere

220 3355 385 3416 possumus.

305 3438 385 3501 Ordo
407 3440 440 3501 in
462 3438 633 3501 accentibus
655 3457 715 3499 non
738 3437 920 3511 adtenditur,
950 3455 1050 3500 verum
1073 3439 1153 3499 varie
1181 3455 1262 3499 nunc
1283 3455 1408 3515 gravem,
1428 3451 1489 3497 nunc

182 3549 347 3613 macutum,
372 3561 431 3603 non
454 3560 613 3622 numquam
641 3541 748 3602 ilerum
777 3542 874 3620 primo
902 3539 967 3603 loco
989 3541 1061 3621 poni
1083 3540 1204 3602 dubium
1227 3558 1288 3601 nou
1311 3541 1424 3619 recipit;
1444 3551 1488 3598 non

221 3649 317 3705 tamen
340 3645 431 3705 setius
453 3652 497 3705 est
519 3643 625 3725 aliquis
646 3645 729 3724 prior
751 3650 855 3704 natura
878 3661 966 3725 quam
989 3642 1071 3705 alius.

289 3950 300 4000 l
321 3950 382 4000 tibia
399 3968 414 4002 o
432 3950 486 4001 uita
503 3967 571 4004 corr.
589 3951 652 4000 tiuia
672 3949 695 3999 L
713 3951 773 4015 quia
791 3949 812 4001 0
891 3957 961 4004 tanto
978 3948 1009 4000 10
1023 3957 1094 4000 tanta
1113 3947 1137 3997 L
1226 3949 1242 3997 2
1261 3947 1391 3999 bomborio
1406 3946 1490 3998 merit

218 4037 300 4086 editor
317 4038 516 4089 Vindoboueusr'e
603 4038 688 4088 addito
707 4040 717 4087 l
733 4038 819 4087 addita
837 4037 860 4086 L
882 4038 971 4087 additu
994 4034 1015 4085 0
1098 4038 1116 4087 4
1134 4035 1275 4087 transuolat
1296 4053 1312 4085 a
1334 4030 1488 4086 tramuolaib

217 4106 408 4159 transuolariO
462 4110 479 4159 ὕ
498 4108 633 4157 tenduntnr
649 4105 684 4156 Oc
700 4109 834 4157 tendentur
847 4123 917 4160 corr.
936 4115 1070 4156 tenuentur
1083 4107 1107 4156 L
1161 4106 1176 4154 7
1195 4105 1273 4156 tiniae
1292 4104 1488 4171 (attitiaeolqnt

217 4177 345 4226 acutiores
360 4192 425 4240 quae
439 4179 485 4228 LO
500 4180 577 4228 tibiae
594 4193 643 4243 quc
659 4178 786 4228 acutiores
805 4194 866 4228 eoo
918 4176 1076 4228 Sioramina
1095 4191 1109 4225 a
1128 4174 1244 4239 quamO
1298 4180 1383 4228 sonti
1400 4167 1489 4226 aintLO

271 4246 495 4299 interamnano
550 4246 744 4303 linoucm‚0
799 4247 830 4299 tv
847 4250 872 4298 in
891 4248 980 4297 eadem
998 4256 1069 4314 parte
1089 4246 1212 4313 depressa
1223 4244 1270 4296 to
1323 4246 1488 4313 tagmarus

216 4316 375 4368 deorsumO
429 4319 461 4369 19
478 4319 670 4382 fortusseqnod
686 4320 772 4383 ipsum
828 4319 1027 4383 diagrammatae
1047 4314 1093 4366 to
1148 4316 1183 4367 20
1202 4330 1293 4366 sumus
1310 4315 1352 4365 bic
1369 4311 1488 4383 perlidint

216 4385 262 4435 LO
332 4387 364 4438 21
381 4402 431 4449 quo
450 4388 483 4437 to
500 4389 592 4452 quaL
662 4390 695 4438 22
717 4387 813 4438 uomlui
831 4405 846 4437 o
865 4388 974 4437 nominis
997 4386 1040 4437 LO
1109 4385 1300 4436 23asiuistro
1320 4395 1488 4450 consurgeres

283 4458 318 4508 nt
335 4465 472 4507 curvatura
487 4458 680 4518 dextroversum
698 4474 712 4508 o
731 4468 852 4508 curuatur
870 4458 976 4508 adextro
997 4471 1072 4508 uersu
1095 4454 1139 4506 LO
1197 4456 1232 4507 25
1250 4454 1347 4505 litterae
1364 4453 1436 4505 eillelt
1452 4446 1487 4500 to

214 4524 312 4576 litterae
331 4527 353 4576 V
374 4526 452 4577 allicit
469 4528 549 4590 ames.
569 4529 648 4581 biom.
664 4545 692 4593 p.
713 4528 765 4579 429
850 4528 884 4578 26
904 4542 969 4576 uunc
988 4541 1050 4578 usura
1067 4524 1155 4578 orni)
1253 4526 1287 4576 27
1307 4516 1487 4593 accipimusLll

282 4597 314 4650 dl
335 4605 419 4647 tamen
445 4612 541 4662 aequus
567 4597 661 4661 (setius
678 4597 700 4660 l)
727 4608 765 4648 est
795 4598 891 4662 aliquid
915 4597 987 4664 prius
1012 4596 1096 4664 (prior
1113 4597 1134 4672 ll
1159 4604 1249 4645 natura
1275 4610 1349 4660 qnam
1375 4595 1487 4674 allusit!

213 4698 289 4734 secus
305 4693 381 4748 atque
397 4685 402 4747 Ι
418 4685 443 4734 iu
461 4685 550 4734 litteris
568 4697 595 4732 ae
615 4686 684 4735 uenit
703 4686 777 4735 nobis
802 4685 835 4734 de
853 4692 956 4734 accentu
976 4683 1047 4750 longi
1063 4681 1067 4746 Ι
1083 4680 1139 4730 rid'd
1165 4682 1326 4732 tractandum
1344 4680 1380 4745 ῲ
1395 4681 1426 4732 u'i
1442 4676 1488 4728 alti·

213 4752 273 4801 tudo
292 4770 338 4816 qz.
357 4763 441 4805 tamen
467 4751 472 4820 Ι
503 4753 599 4817 liquido
618 4755 642 4803 L
668 4768 752 4805 tamen
776 4770 850 4804 secus
877 4764 916 4805 est
942 4753 1040 4819 aliquid
1067 4751 1137 4817 prior
1155 4760 1247 4801 natura
1268 4766 1345 4814 quam
1372 4752 1433 4802 aliua
1449 4760 1488 4799 noa

211 4835 286 4872 aecus
305 4833 380 4888 atque
398 4826 424 4876 in
443 4825 576 4874 litterisse
595 4826 672 4875 uenit.
702 4824 775 4873 uobis
792 4825 825 4874 de
844 4834 948 4874 accentu
967 4824 1037 4890 longi
1055 4823 1105 4871 ritu
1121 4822 1283 4872 tractandum
1303 4831 1350 4870 est.
1378 4823 1423 4873 tlte
1433 4817 1489 4868 aliti·

94 4933 104 4943 .
211 4892 272 4943 tudo
289 4908 354 4956 quae
369 4905 453 4944 tamen
470 4894 568 4958 liquido
588 4893 623 4943 0.·
638 4897 702 4945 meat
717 4895 743 4943 in
761 4896 855 4945 litteris
870 4894 908 4944 ita
923 4896 949 4945 ia
968 4900 1073 4946 accentu
1090 4892 1228 4943 traemo
1248 4901 1275 4943 et
1291 4891 1489 4958 umectus
