3346 5506
529 402 736 463 EXPLANAT.
759 400 797 463 lN
821 400 1127 463 constituunt
1407 404 1474 470 529¹
1523 414 1528 422 '

237 511 255 553 r.
268 510 307 554 sr·
320 511 368 552 esa.
383 509 434 553 rav.
1256 520 1279 560 p.
1293 506 1418 550 ssomv.

189 588 365 670 syllabarum
389 587 545 651 cuiuslibet
566 589 659 668 partis
682 590 824 651 orationis
845 591 942 666 primo
957 586 1037 657 loco,
1060 586 1191 649 secundo
1213 587 1257 649 vel
1279 589 1375 649 tertio.
1398 597 1472 668 quot

189 708 256 771 ergo
283 694 343 753 sint
370 691 540 772 prosodiae,
570 690 726 751 dicendum
754 698 807 751 est.
852 708 928 770 quae
954 707 1003 751 rea
1031 708 1066 751 eo
1094 693 1206 752 maiore
1228 708 1295 752 cum
1313 706 1388 752 'cura
1410 699 1470 750 tra-

188 791 289 853 ctanda
323 800 383 863 est,
416 792 494 874 quod
527 800 628 853 nostra
661 793 736 853 ratio
768 790 805 853 ah
837 794 976 872 opinione
1004 794 1061 853 iam
1090 795 1251 854 inveterata
1281 801 1312 854 et
1339 794 1469 853 omnium

189 894 278 954 ierme
309 896 414 955 animis
441 894 535 955 adilxa
564 894 719 974 discrepat.
763 893 968 956 Athenodorus
996 893 1069 955 duas
1090 914 1155 957 esse
1177 895 1329 976 prosodias
1346 890 1470 975 'putavit

188 1014 274 1058 unam
297 996 486 1067 interiorem,
509 994 631 1056 alteram
654 997 856 1074 superiorem
880 996 984 1056 {leram
1008 1006 1105 1058 autem
1130 998 1207 1074 (nam
1230 999 1269 1058 ita
1293 1005 1393 1058 nostra
1415 996 1496 1056 lin-⁵

188 1116 241 1176 gua
271 1094 529 1179 περισπωμένην
557 1098 737 1177 vocavimus)
767 1096 841 1157 nihil
869 1096 946 1159 aliud
975 1116 1039 1159 esse
1066 1117 1153 1178 quam
1182 1099 1235 1160 has
1263 1096 1335 1159 duas
1362 1100 1391 1158 in
1414 1116 1471 1159 una

190 1199 308 1281 syllaba.
339 1201 495 1279 Dionysius
517 1209 631 1269 autem,
653 1199 814 1261 Aristarchi
829 1198 1002 1279 discipulus,
1027 1210 1225 1278 cognomento
1246 1200 1362 1271 Thrax,
1384 1200 1472 1260 domo

187 1301 389 1373 Alexandriae,
412 1304 437 1362 is
458 1303 508 1381 qui
524 1300 621 1362 Rhodi
644 1302 758 1370 docuit,
781 1300 940 1381 lyricorum
956 1310 1110 1381 poetarum
1132 1301 1219 1382 longe
1234 1302 1473 1372 studiosissimus,

188 1412 247 1465 tres
269 1402 405 1476 tradidit,
434 1402 540 1484 quihus
568 1421 646 1464 nnnc
674 1421 778 1465 omnes
806 1411 943 1473 utuntur,
971 1403 1113 1485 βαρεῖαν
1135 1397 1248 1478 ὀξεῖαν
1268 1400 1474 1485 περισπωμέ-

189 1525 259 1586 arqar.
292 1505 462 1585 Tyrannion
485 1524 554 1566 vero
576 1506 741 1574 Amisenus,
764 1523 852 1586 quem
873 1504 1012 1567 Lucullus
1034 1506 1232 1567 blithridatico
1255 1505 1333 1567 bello
1355 1513 1472 1586 captum
1487 1528 1511 1572 to

192 1607 280 1669 Lucio
302 1608 442 1670 hlurenae
464 1610 618 1678 concessit,
641 1628 658 1669 a
678 1626 738 1688 quo
754 1606 803 1667 ille
818 1604 954 1668 libertate
975 1607 1062 1668 simul
1080 1617 1113 1669 rt
1137 1609 1252 1669 civitate
1274 1608 1398 1670 donatus
1420 1615 1473 1678 est,

190 1717 325 1787 quattuor
347 1708 457 1771 scribit.
473 1727 537 1770 esse
560 1709 727 1788 prosodias,
750 1708 892 1788 βαρεῖαν
913 1704 1019 1789 μέσην
1036 1701 1147 1784 ὀξεῖαν
1162 1718 1192 1770 et
1206 1705 1473 1791 napsonmpe'qu.

190 1812 268 1891 atqul
289 1811 450 1872 memoriae
472 1810 620 1890 proditum
643 1820 688 1871 est
710 1809 788 1871 hunc
819 1818 887 1871 ante
915 1810 987 1871 alios
1010 1812 1098 1872 inisse
1120 1813 1359 1891 pronuntiatione
1380 1812 1475 1891 potio·

191 1929 268 1982 rem,
292 1912 372 1993 quod
396 1929 580 1992 nequaquam
603 1914 720 1992 assequi
741 1913 885 1991 potuisset
899 1913 955 1972 nisi
976 1921 1079 1974 tenore
1101 1914 1283 1993 singularum
1304 1932 1409 1975 vocum
1430 1908 1475 1975 di·

191 2010 381 2093 ligentissime
410 2015 583 2093 perquisito.
627 2014 658 2073 in
687 2013 790 2075 eadem
817 2014 956 2094 opinione
983 2023 1013 2075 et
1040 2015 1131 2076 Varro
1160 2015 1228 2085 tots,
1258 2018 1309 2095 qui
1335 2017 1367 2076 in
1395 2014 1475 2094 leges
1490 2040 1513 2101 ιι

192 2132 259 2177 suas
281 2115 389 2194 redigit
411 2123 558 2186 accentus,
583 2114 688 2176 ductus
709 2116 832 2176 scientia
854 2123 883 2177 et
910 2117 1044 2178 doctrina
1066 2119 1144 2189 eius,
1166 2136 1224 2199 qna
1246 2117 1384 2179 omnibus
1404 2136 1420 2178 a
1443 2136 1476 2177 se

192 2219 350 2298 propositis
373 2217 615 2301 evidentissilmas
636 2217 721 2278 atlert
742 2216 945 2296 probationes,
968 2227 1002 2278 ut
1021 2216 1052 2279 id
1073 2236 1190 2300 quoque
1212 2238 1267 2301 pro
1290 2220 1385 2281 media
1408 2237 1475 2300 pro·

191 2319 271 2380 sodia
299 2320 369 2380 iacit
397 2319 522 2380 dicendo
550 2320 644 2399 ipsam
673 2317 909 2380 hamram-nihil
937 2318 1037 2380 iacere
1065 2327 1173 2397 totum,
1200 2320 1252 2382 ubi
1274 2339 1333 2382 non
1355 2324 1394 2383 sit
1414 2340 1476 2383 me·

193 2420 288 2490 dlum;
310 2429 344 2482 ut
365 2421 444 2482 enim
465 2421 544 2482 inter
566 2420 669 2482 rudem
686 2429 716 2480 et
732 2419 897 2492 eruditum,
921 2421 1000 2482 inter
1021 2421 1149 2484 calidum
1172 2431 1203 2484 et
1223 2422 1377 2502 trigidum,
1401 2442 1478 2485 ama·

191 2539 256 2585 rum
279 2530 308 2584 et
330 2521 460 2593 dulcem,
491 2522 612 2599 longum
634 2530 664 2583 et
684 2521 803 2584 brevem
831 2530 877 2583 est
903 2522 1040 2603 quiddam
1063 2523 1207 2595 medium,
1236 2524 1316 2605 quod
1338 2533 1476 2587 hennum
1489 2550 1515 2590 ao

191 2632 249 2695 ast,
271 2624 316 2685 sio
336 2624 415 2684 lnter
435 2625 525 2686 imam
547 2642 750 2705 summamque
771 2642 872 2685 vocem
895 2642 960 2686 esse
981 2624 1123 2698 mediam,
1146 2625 1244 2706 ibique
1259 2646 1346 2707 quam
1362 2626 1477 2707 quaeri·

191 2744 256 2788 mtrs
284 2725 462 2805 prosodiam.
507 2727 654 2788 neminem
676 2727 819 2787 musicum
852 2744 932 2796 esse,
966 2729 1016 2807 qui
1043 2729 1169 2789 mediam
1198 2746 1298 2789 vocem
1325 2729 1356 2789 in
1391 2736 1477 2791 cantu

194 2828 387 2906 ignoraverit,
417 2845 472 2890 nec
499 2845 675 2909 quemquam
703 2829 833 2907 potuisse
855 2827 955 2889 dicere
976 2831 1007 2890 in
1028 2848 1102 2891 sono
1124 2829 1302 2890 chordarum
1324 2835 1373 2890 aut
1395 2829 1477 2891 buci·

195 2946 300 2992 narum
322 2938 373 2991 aut
395 2948 466 2992 rone
489 2933 669 2991 cantantium
691 2925 797 3010 μέσην
819 2948 900 3001 esse,
922 2931 947 2990 si
969 2948 1029 2991 non
1050 2933 1082 2992 ln
1104 2932 1184 2992 omni
1207 2933 1286 2993 vocis
1308 2938 1411 2992 natura
1433 2948 1478 2990 es·

194 3039 239 3094 set
260 3031 408 3106 medium
430 3033 612 3111 minimeque
634 3033 741 3092 mirum
765 3040 797 3092 ut
819 3034 850 3092 in
872 3030 949 3092 hanc
970 3030 1128 3093 multorum
1150 3050 1255 3093 sensus
1270 3051 1329 3093 ιιοιι
1344 3030 1514 3098 unimodis

190 3141 300 3204 secut,
331 3151 397 3195 cum
427 3132 476 3195 illa
498 3134 624 3213 quaein
647 3131 758 3192 cithara
781 3140 832 3193 aut
852 3153 872 3191 e
899 3135 967 3212 quia
989 3132 1145 3214 aliqnando
1167 3133 1288 3195 uberior
1308 3140 1367 3205 est,
1390 3152 1479 3214 saepe

191 3242 286 3298 totum
320 3252 380 3296 non
416 3237 523 3297 sentiat
555 3241 694 3295 meatum.
737 3240 891 3313 praeterea
924 3236 1022 3297 minus
1053 3234 1175 3316 reliquis
1202 3244 1316 3306 notam,
1350 3236 1478 3316 primum

281 3441 295 3492 1
317 3439 385 3504 quod
408 3453 468 3505 ergo
490 3439 514 3487 L
596 3440 752 3501 equestres
770 3454 784 3486 o
801 3452 852 3500 qua
870 3454 911 3489 rea
931 3436 1046 3503 anare
1063 3454 1107 3490 sao
1126 3439 1207 3504 (corr.
1226 3441 1285 3503 seu)
1301 3440 1394 3490 maiore
1411 3441 1479 3501 (cuna

190 3510 255 3563 aad.
273 3512 295 3575 t)
316 3509 417 3559 curnL
502 3505 666 3573 dputantO
748 3505 983 3573 liperispomenL
1001 3509 1184 3575 perisporm'eO
1259 3511 1417 3560 idionisins
1433 3508 1480 3560 LO

282 3580 395 3629 aristarci
415 3578 440 3628 L
509 3587 565 3626 trax
583 3578 659 3626 domo
679 3576 842 3627 alexandrine
861 3578 1035 3636 (alexandrina
1053 3593 1121 3634 corr,
1143 3594 1184 3628 ·us
1201 3578 1239 3641 L)
1256 3595 1272 3629 a
1290 3582 1332 3644 qni
1351 3579 1417 3629 rodii
1434 3578 1480 3628 LO

280 3648 383 3698 nosrta
401 3647 494 3696 noxian
512 3648 706 3713 perispomenon
725 3646 769 3695 LO
857 3647 889 3697 tu
907 3646 1057 3712 tyrauiouO
1131 3650 1269 3700 inmisenua
1288 3664 1363 3714 quern
1379 3649 1480 3699 lucillus

187 3718 345 3769 mitridatieo
364 3717 410 3769 LO
498 3720 622 3782 captnmt
639 3726 740 3783 captam
759 3716 784 3764 L
873 3717 903 3768 ll
922 3720 1053 3768 murensi
1068 3734 1172 3768 munere
1189 3718 1236 3768 LO
1314 3715 1363 3783 est]
1384 3721 1417 3769 sit
1434 3716 1481 3770 LO

187 3789 272 3840 tuito
345 3788 377 3838 te
394 3788 491 3839 barian.
511 3785 720 3836 meselrenosiant
737 3785 958 3847 (mesebonoxiant
976 3786 1008 3849 O)
1028 3790 1222 3854 perispcmenen
1244 3786 1289 3838 LO
1361 3790 1394 3839 11
1410 3804 1481 3840 asse·

187 3859 236 3922 qui
253 3855 454 3920 adesseque
503 3856 663 3922 diligentisse
674 3857 698 3904 L
763 3855 796 3907 lb
810 3858 853 3918 qui
871 3859 897 3906 iu
915 3855 989 3923 (quin
1009 3858 1046 3919 L)
1060 3859 1130 3925 leges
1143 3874 1203 3908 suas
1218 3860 1311 3926 redigit
1329 3859 1361 3908 ad
1378 3858 1480 3908 ductum

186 3926 297 3979 scientia
308 3926 356 3978 LO
367 3928 411 3991 qni
430 3928 455 3975 in
475 3925 546 3992 leges
564 3941 624 3975 suus
642 3926 740 3992 redegit
759 3937 906 3977 accentuum
925 3928 1065 3982 scientiam,
1081 3929 1269 3990 doctrinaeius,
1284 3942 1349 3991 qnae
1363 3930 1481 3979 omnibns

187 4024 226 4035 -
244 3996 427 4063 probationes,
454 3995 480 4044 ld
501 4009 601 4059 quoque
630 3997 733 4047 coniecit
751 3996 834 4046 editor
851 3996 1062 4063 Vindobonenais,
1083 4002 1144 4063 quin
1163 3999 1234 4064 leges
1259 4013 1318 4047 sues
1336 3998 1431 4065 redigit
1448 3990 1480 4047 etl

187 4068 299 4120 (luctum
315 4067 436 4117 scientiae
454 4076 478 4116 et
496 4066 624 4115 doetrinae
637 4066 693 4115 eiua
707 4068 812 4117 coniecit
831 4066 953 4119 Weiliua:
966 4068 1081 4130 sortasse
1102 4070 1145 4132 qui
1159 4070 1185 4117 iu
1202 4069 1273 4134 leges
1292 4069 1346 4117 eius
1366 4084 1395 4118 se
1411 4067 1480 4118 dedit

186 4138 286 4189 ductus
357 4137 388 4188 17
407 4150 507 4200 quoque
525 4132 572 4184 LO
588 4136 734 4199 qnodque!
804 4136 962 4200 prodosiaL
1034 4137 1065 4189 18
1082 4140 1165 4204 ipsam
1184 4150 1297 4187 naturam
1317 4164 1349 4174 —
1367 4137 1429 4198 tao,
1447 4138 1481 4189 ttt

185 4205 312 4275 superior
327 4215 352 4256 et
371 4204 477 4255 interior
499 4205 564 4254 inter
581 4220 609 4253 se
626 4218 661 4255 ex
678 4206 764 4257 cadim
782 4205 920 4256 oxoniensi
934 4207 1013 4257 edidit
1033 4208 1148 4269 Woeins,
1166 4211 1283 4257 emortus
1301 4210 1354 4258 siae
1372 4208 1406 4257 de
1423 4210 1482 4272 tepi-

187 4277 241 4329 bu
259 4281 286 4325 et
305 4275 407 4327 lieentia
423 4283 531 4326 aeterum
546 4281 677 4336 poetarum
694 4274 788 4326 oxonii
800 4291 827 4331 a.
848 4274 914 4327 tuat
928 4292 956 4340 p.
976 4276 1009 4328 6⁴2
1025 4293 1064 4342 eq.
1135 4276 1322 4328 raderamno
1390 4276 1424 4327 19
1440 4292 1481 4325 rn-

188 4348 255 4399 dem
275 4342 376 4395 lorum
393 4344 418 4394 L
489 4353 513 4395 et
527 4358 640 4394 amarum
658 4344 757 4395 dulcem
773 4347 876 4412 longum
891 4347 1065 4399 ethrebemL
1149 4344 1415 4411 ‘illestqnoddarnO

188 4418 225 4469 21
244 4414 362 4480 sortasse
380 4415 489 4465 mediam
509 4413 580 4483 &rbi
599 4429 673 4477 quam
692 4418 838 4477 quaerimus
856 4416 1002 4481 prosodiam
1082 4419 1116 4468 12
1133 4417 1257 4467 musicum
1281 4418 1388 4468 Wuaiue
1404 4416 1482 4464 runai·

190 4500 252 4538 carn
272 4483 319 4535 LO
389 4484 423 4536 ‘ta
440 4485 526 4550 potius
544 4498 603 4534 esee
620 4483 744 4535 diceret)
797 4484 929 4537 cordarum
945 4494 988 4535 aut
1003 4500 1225 4551 no..ccqnarnrn
1243 4487 1325 4539 aliaue
1341 4499 1404 4536 noce
1422 4498 1479 4532 can·

191 4555 308 4607 tantiam
327 4553 351 4603 L
369 4554 503 4604 cordarum
528 4564 571 4602 sut
595 4553 645 4603 alla
672 4569 734 4605 uoce
752 4568 858 4618 quarum
874 4554 960 4625 aliaue
979 4570 1042 4607 noea
1057 4557 1212 4607 manutium
1231 4555 1252 4607 0
1274 4555 1423 4607 chordamm
1440 4564 1481 4603 ant

193 4627 247 4678 alia
262 4638 327 4674 voce
346 4624 508 4673 buccinarum
527 4636 618 4674 assare
636 4638 699 4673 voce
717 4623 873 4675 cantantium
893 4624 1013 4677 Waaiua·
1067 4626 1102 4689 24
1122 4638 1213 4687 mnan
1231 4624 1286 4677 Lo·
1346 4638 1405 4675 ease
1420 4624 1442 4673 ai
1461 4626 1483 4676 ai

194 4709 247 4747 non
265 4694 292 4745 L
361 4695 396 4744 eo
414 4708 480 4756 qnae
499 4694 524 4742 in
541 4691 645 4757 cythara
661 4691 771 4756 (etaltera
781 4708 851 4750 narr.
868 4692 961 4745 abltit's
977 4696 1015 4759 L)
1031 4702 1077 4747 ant
1092 4694 1154 4761 quia
1168 4692 1309 4747 *liminio
1325 4692 1429 4745 uberior
1444 4702 1483 4745 est

195 4779 276 4831 saepe
303 4771 401 4813 tanturn
429 4765 520 4825 (tatum
541 4760 566 4810 L
585 4770 664 4814 toturn
681 4762 705 4826 l)
720 4776 772 4815 nott
792 4760 855 4819 LO:
875 4762 1111 4829 qttulncfflffl
1133 4774 1163 4800 ⁸·
1279 4762 1484 4829 *tiri-ummo

196 4834 301 4885 uberior
317 4840 359 4884 est
381 4834 502 4883 Woaina:
525 4833 641 4898 [ortam
663 4846 729 4897 qnae
746 4832 773 4883 lu
796 4832 955 4887 altbert*
1359 4828 1484 4903 *Marta

199 4904 364 4967 uberiorem,
381 4916 459 4969 saepe
476 4910 560 4952 tamen
629 4900 822 4955 senectuto
1423 4890 1478 4941 'tl-¹⁸

235 4992 387 5039 onomat.
401 4992 462 5035 tn't.
477 4992 524 5036 tttt.
