3346 5506
549 373 747 436 lNSTlTVTb
768 373 909 435 llll’l'll'lll
930 373 1097 436 637-650
1402 375 1459 437 143

232 491 345 546 put-o
360 490 389 533 li.
1253 505 1274 542 p.
1289 491 1367 533 tutte
1381 490 1408 533 V.

192 562 254 624 otia.
292 562 342 623 scd
375 581 448 623 cum
478 562 576 622 omnia
602 562 752 640 partieipia
779 560 868 622 loturi
895 561 1051 639 temporis,
1086 579 1161 639 quae
1189 562 1364 624 nominativo
1391 580 1460 623 casu

192 666 289 727 nummi
307 663 469 743 singularis
487 666 517 724 iu
535 681 587 724 rus
607 660 746 742 syllabam
768 670 890 733 exeunt,
912 661 1034 724 eandem
1057 681 1109 724 rus
1131 661 1269 742 syllabam
1292 665 1321 723 in
1345 683 1359 724 s
1382 662 1457 724 litte·

191 786 242 828 ram
260 774 442 834 convertant,
464 773 499 826 ut
519 766 675 845 praeteriti
692 767 835 844 temporis
855 745 1040 844 participium
1058 764 1222 845 ostendant,
1244 771 1276 824 ut
1297 772 1365 844 puta
1385 763 1459 825 latu·

189 867 335 936 melotus:
356 886 439 928 nunc
460 868 484 928 si
507 867 618 927 hilarus
639 866 683 928 vel
707 866 803 927 clarus
827 886 879 927 rus
894 865 1034 946 syllabam
1057 868 1085 927 in
1101 885 1115 926 s
1130 865 1255 927 litteram
1278 872 1458 935 coruvertant,

189 969 385 1048 numquidnam
409 970 559 1048 praeteriti
581 972 723 1048 temporis
744 970 928 1048 participium
950 969 1118 1030 ostentanti
1140 976 1168 1028 ct
1190 968 1256 1029 ideo
1278 967 1351 1029 baec
1366 969 1459 1028 nomi·
1486 995 1497 1034 5

190 1089 227 1138 na.
249 1089 306 1133 uon
327 1068 491 1153 partilcipia
513 1079 581 1131 sunt
603 1071 829 1148 pronuntianda.

262 1174 331 1234 ltcm
352 1183 422 1234 sunt
452 1175 585 1241 nourrius,
614 1192 698 1251 quac¹
716 1173 912 1251 suspicionem
941 1173 1162 1253 participiorum
1191 1170 1281 1233 luturi
1311 1173 1459 1249 temporis,

188 1279 304 1354 quaein
326 1275 382 1335 dus
404 1274 545 1355 syllabam
574 1282 697 1344 exeunt,
727 1277 893 1344 incurrant,
919 1283 952 1335 ut
971 1281 1041 1354 puta
1071 1273 1247 1346 furibundus
1267 1272 1461 1334 moribundus

189 1386 323 1438 etcetera
349 1375 426 1438 talia.
470 1376 522 1437 sed
545 1396 611 1437 cum
634 1380 730 1437 omnia
753 1378 920 1456 participia,
952 1395 1027 1455 quac
1047 1377 1224 1436 nominativo
1248 1394 1317 1436 casu
1344 1377 1459 1437 numeri

189 1478 332 1556 singularis
364 1480 393 1538 in
423 1478 478 1540 dus
506 1478 646 1558 syllabam
680 1485 803 1546 exeunt,
837 1478 960 1539 eandem
989 1479 1043 1539 dus
1068 1477 1206 1557 syllabam
1239 1480 1306 1537 ins
1335 1477 1459 1538 litteram
1473 1503 1499 1542 so

190 1589 355 1649 concertant,
379 1588 412 1640 ut
432 1581 617 1658 participium
640 1581 803 1659 praesentis
821 1582 961 1658 temporis
984 1581 1153 1654 ostendant,
1178 1588 1299 1659 utputa
1323 1579 1462 1641 terendus

191 1683 289 1751 lerens;
324 1701 405 1743 uuvuc
438 1685 462 1742 si
489 1680 666 1743 furibundus
698 1680 742 1742 vel
771 1681 964 1742 moribundus
991 1683 1046 1742 dus
1073 1681 1212 1761 syllabam
1244 1683 1273 1741 iu
1295 1699 1309 1740 s
1334 1681 1459 1742 litteram
1568 1712 1571 1716 ·

191 1792 357 1862 convertant,
381 1785 592 1862 numquidnam
615 1785 778 1863 praesentis
801 1786 943 1862 temporis
958 1785 1143 1863 participium
1164 1785 1328 1845 ostentanti
1350 1792 1380 1844 et
1394 1783 1460 1843 ideo

192 1884 251 1947 baec
272 1895 300 1948 et
322 1894 420 1947 cetera
443 1885 509 1946 talia
530 1887 664 1954 nourrius,
698 1903 758 1968 nou
780 1887 1023 1964 participia-sunt
1044 1886 1270 1963 pronuntianda.
1313 1901 1384 1946 saue
1404 1884 1459 1945 boc

193 2005 338 2058 uouemus,
361 1988 438 2067 quod
462 1984 528 2049 sint‘
540 1986 636 2067 aliqua
652 1988 813 2065 participia,
836 2007 911 2066 quac
930 2007 997 2048 cum
1017 2007 1031 2047 a
1050 1987 1145 2048 verbis
1165 1987 1345 2049 neutralibus
1360 1987 1460 2047 venire
1474 2011 1498 2050 rs

193 2092 370 2168 reperiantur,
394 2098 522 2150 attamen
545 2090 694 2168 praeteriti
715 2092 858 2168 temporis
881 2100 935 2151 nec
959 2108 1018 2151 uon
1042 2097 1071 2149 ct
1092 2090 1192 2159 luturi,
1216 2091 1265 2168 qui
1286 2090 1314 2148 in
1330 2088 1384 2148 dus
1404 2085 1460 2167 syl-

196 2187 273 2252 labam
294 2194 367 2259 cxit,
394 2210 501 2252 sonum
524 2193 670 2251 sustinere
692 2189 911 2274 repperiantur,
938 2201 971 2251 ut
992 2191 1068 2270 apud
1092 2190 1461 2252 Sallustium‘cenatos

197 2310 261 2353 esce
280 2296 315 2355 iu
336 2295 502 2360 castris'.
529 2295 600 2353 itcm
622 2294 698 2370 ayvini
720 2292 875 2370 Vergilium
897 2296 1119 2354 ‘monstrum
1148 2293 1380 2354 horrendum
1406 2293 1461 2351 in·

198 2400 289 2468 gons’.
331 2413 412 2455 nunc
435 2395 508 2456 baec
530 2413 605 2472 quae
628 2393 672 2454 vel
695 2401 766 2472 uyuuot
792 2397 850 2455 s'int
871 2396 1032 2473 participia,
1056 2414 1130 2474 quae
1152 2414 1218 2455 curn
1238 2417 1253 2455 a
1271 2394 1369 2455 verbis
1391 2412 1461 2454 neu·

199 2494 298 2557 trobbm
318 2500 448 2563 serviant,
472 2498 621 2575 praeteriti
643 2493 687 2557 vel
712 2497 802 2557 loturi
824 2499 965 2574 temporis
985 2515 1099 2566 sonum,
1124 2499 1222 2575 quiin
1244 2498 1298 2558 dus
1320 2496 1459 2576 syllabam
1473 2516 1500 2557 ao

200 2597 249 2667 exit,
268 2602 439 2666 sustineant,
461 2589 590 2658 insonis
614 2604 804 2675 conpetenter
827 2598 1025 2660 tractabimus.

263 2699 300 2760 lle
321 2701 485 2779 participio,
508 2707 649 2778 quantum
671 2702 744 2760 ratio
766 2700 922 2779 poscebat,¹
938 2704 1133 2762 tractavimus.

642 2938 689 2998 bb
711 2937 996 3001 constrictioris.

264 3109 442 3185 Coruiuuotio
458 3115 503 3169 est
530 3126 598 3187 pars
619 3111 759 3186 orationis
787 3117 908 3172 necteus
936 3111 1346 3188 ordinansquesententiam.
1391 3126 1461 3170 con·

202 3204 316 3271 iuuetioui
338 3211 446 3271 accidit
466 3218 593 3289 potestas
616 3212 688 3271 ordo
711 3213 814 3290 ligura.
1475 3232 1500 3271 as

186 3342 220 3420 3.
263 3311 302 3375 lle
321 3321 481 3391 potestate.
525 3322 653 3391 potestas
684 3315 922 3375 coniunctionum
953 3315 981 3374 iu
1009 3315 1138 3392 quinque
1169 3313 1282 3390 species
1314 3312 1461 3378 illuditur,

201 3407 274 3474 dm
293 3414 487 3494 copulativam
511 3415 712 3476 disiunctivam
735 3416 907 3494 expletivum
932 3415 1077 3476 causalem
1100 3413 1281 3474 rationalem.

263 3517 303 3578 lle
324 3514 497 3596 copulativa.
527 3516 707 3596 copulativae
730 3520 838 3596 speciei
856 3519 1077 3578 corriuuctiones
1100 3534 1224 3577 numero
1247 3523 1315 3576 sunt
1330 3534 1380 3576 sex
1397 3515 1461 3583 bae,

199 3618 359 3697 tisimplex,
383 3637 441 3695 lytra
462 3618 597 3697 simplex,
619 3639 654 3680 ac
675 3620 813 3698 simplex,
837 3629 865 3681 at
887 3619 1025 3699 simplex,
1048 3627 1092 3680 ast
1113 3617 1252 3698 simplex,
1276 3625 1363 3695 atque
1384 3636 1463 3678 com·

197 3719 278 3788 totila.
1474 3739 1500 3780 oo

262 3821 303 3883 Ile
331 3822 512 3882 disiunctiva.
557 3821 746 3885 disiunctione
775 3827 882 3902 speciei
912 3826 1231 3886 coniunctiones'sunt
1261 3842 1385 3885 uunrero
1413 3842 1462 3884 sex

194 3913 243 3991 loe,
263 3931 314 3984 aut
334 3923 467 4002 simplex,
488 3942 522 3984 ve
543 3925 677 4003 simplex,
700 3925 743 3986 vel
765 3927 897 4005 simplex,
920 3946 957 3988 uc
980 3926 1112 4007 simplex,
1139 3945 1194 3988 uec
1211 3925 1345 4005 simplex,
1360 3943 1465 4004 vneque

193 4028 348 4104 composita.

261 4127 303 4189 lie
322 4126 473 4207 expletiva.
519 4128 679 4208 expletivae
706 4132 817 4208 speciei
838 4133 1059 4193 coniunctiones
1086 4139 1154 4192 sunt
1183 4148 1307 4191 numero
1329 4119 1379 4198 sax
1399 4128 1463 4199 bae,

191 4229 295 4302 nudem
311 4229 445 4308 simplex,
469 4233 605 4310 equidem
623 4232 755 4310 simplex,
780 4251 897 4312 quoque
916 4231 922 4316 Ι
940 4233 1072 4313 simplex,
1094 4241 1191 4294 autem
1210 4232 1344 4311 simplex,
1365 4240 1463 4292 tamen
1476 4242 1502 4284 ³³

190 4329 309 4410 duplex,
333 4350 425 4411 porro
446 4333 579 4412 simplex.

250 4504 277 4554 ll
300 4512 448 4552 conuectant
463 4520 478 4552 r
496 4513 644 4555 conuertunt
663 4504 712 4555 RB
797 4504 829 4555 13
849 4508 989 4569 praesentis
1006 4524 1019 4555 o
1039 4506 1166 4568 praeteriti
1186 4506 1233 4555 ΗΒ
1306 4503 1337 4554 lb
1356 4503 1398 4568 qui
1419 4502 1466 4553 ΗΒ

189 4572 278 4632 quoda·
364 4574 396 4623 17
415 4575 682 4626 sonumBsonosli
753 4574 820 4640 apud
840 4573 999 4639 Sallustium]
1022 4574 1079 4639 lup.
1098 4575 1147 4624 tuo
1237 4575 1354 4639 18upud
1376 4576 1464 4637 Vergi-

189 4639 250 4707 lium]
270 4643 332 4693 Aen.
353 4644 387 4691 lll
407 4642 459 4694 658
541 4645 576 4694 20
591 4660 669 4695 sonus
688 4644 713 4693 B
731 4658 808 4697 sorios
825 4645 859 4693 ll:
880 4645 947 4706 quod
965 4646 992 4693 in
1012 4645 1059 4692 dus
1078 4645 1201 4707 syllabam
1221 4646 1273 4694 exit
1291 4658 1397 4695 sourosr

187 4710 212 4759 ll
230 4714 394 4763 tractabimus
412 4729 427 4760 r
444 4715 609 4765 tractauimux
625 4713 675 4763 RB
745 4713 778 4762 29
796 4727 826 4759 ac
841 4714 948 4777 simplex
968 4724 994 4761 at
1011 4714 1120 4778 simplex
1138 4731 1152 4763 o
1167 4723 1192 4762 nt
1210 4716 1286 4778 simp.
1306 4729 1336 4762 ac
1356 4715 1432 4778 simp.
1452 4730 1466 4760 r

187 4793 212 4826 ae
227 4781 313 4847 simpl.
335 4798 365 4831 ac
383 4782 510 4847 simplli
563 4783 1091 4848 atquecompositauatqrresimpl.llB
1143 4782 1465 4848 3⁸2nequecompositao

187 4862 259 4912 neque
276 4853 364 4916 sinvpl.
383 4851 428 4898 ltu
