<?xml version="1.0" encoding="UTF-8"?>
<!DOCTYPE html PUBLIC "-//W3C//DTD XHTML 1.0 Transitional//EN"
    "http://www.w3.org/TR/xhtml1/DTD/xhtml1-transitional.dtd">
<html xmlns="http://www.w3.org/1999/xhtml" xml:lang="en" lang="en">
 <head>
  <title>
</title>
<meta http-equiv="Content-Type" content="text/html;charset=utf-8" />
  <meta name='ocr-system' content='tesseract 3.04.00' />
  <meta name='ocr-capabilities' content='ocr_page ocr_carea ocr_par ocr_line ocrx_word'/>
</head>
<body>
  <div class='ocr_page' id='page_1' title='image "./grammaticilatin05keilgoog/grammaticilatin05keilgoog_0484.png"; bbox 0 0 3346 5506; ppageno 0'>
   <div class='ocr_carea' id='block_1_1' title="bbox 561 387 1395 458">
    <p class='ocr_par' dir='ltr' id='par_1_1' title="bbox 561 387 1395 458">
     <span class='ocr_line' id='line_1_1' title="bbox 561 387 1395 458; baseline -0.001 -1"><span class='ocrx_word' id='word_1_1' title='bbox 561 393 675 458; x_wconf 77' lang='lat' dir='ltr'><strong>comit.</strong></span> <span class='ocrx_word' id='word_1_2' title='bbox 697 392 737 454; x_wconf 87' lang='lat' dir='ltr'><strong>IN</strong></span> <span class='ocrx_word' id='word_1_3' title='bbox 758 387 938 456; x_wconf 76' lang='lat' dir='ltr'>DONATVM</span> <span class='ocrx_word' id='word_1_4' title='bbox 1333 391 1395 458; x_wconf 78' lang='lat'><strong>419</strong></span> 
     </span>
    </p>
   </div>
   <div class='ocr_carea' id='block_1_2' title="bbox 96 496 1451 4322">
    <p class='ocr_par' dir='ltr' id='par_1_2' title="bbox 96 496 1451 3912">
     <span class='ocr_line' id='line_1_2' title="bbox 1169 496 1343 552; baseline 0 -12"><span class='ocrx_word' id='word_1_5' title='bbox 1169 511 1192 552; x_wconf 80' lang='lat' dir='ltr'><strong>p.</strong></span> <span class='ocrx_word' id='word_1_6' title='bbox 1208 499 1266 540; x_wconf 79' lang='lat' dir='ltr'><strong>rior.</strong></span> <span class='ocrx_word' id='word_1_7' title='bbox 1280 498 1306 540; x_wconf 84' lang='lat' dir='ltr'><strong>os</strong></span> <span class='ocrx_word' id='word_1_8' title='bbox 1319 496 1343 540; x_wconf 89' lang='lat' dir='ltr'><strong>r.</strong></span> 
     </span>
     <span class='ocr_line' id='line_1_3' title="bbox 98 578 1395 661; baseline -0.004 -19"><span class='ocrx_word' id='word_1_9' title='bbox 98 588 152 642; x_wconf 81' lang='lat' dir='ltr'><strong>tra</strong></span> <span class='ocrx_word' id='word_1_10' title='bbox 175 591 271 643; x_wconf 90' lang='lat' dir='ltr'><strong>artem</strong></span> <span class='ocrx_word' id='word_1_11' title='bbox 288 600 324 642; x_wconf 92' lang='lat' dir='ltr'><strong>ex</strong></span> <span class='ocrx_word' id='word_1_12' title='bbox 339 588 442 661; x_wconf 92' lang='lat' dir='ltr'><strong>aperto</strong></span> <span class='ocrx_word' id='word_1_13' title='bbox 465 581 571 642; x_wconf 90' lang='lat' dir='ltr'><strong>dicitur</strong></span> <span class='ocrx_word' id='word_1_14' title='bbox 595 579 692 660; x_wconf 88' lang='lat' dir='ltr'><strong>(nemo</strong></span> <span class='ocrx_word' id='word_1_15' title='bbox 714 581 792 650; x_wconf 88' lang='lat' dir='ltr'><strong>enim</strong></span> <span class='ocrx_word' id='word_1_16' title='bbox 809 578 880 639; x_wconf 91' lang='lat' dir='ltr'><strong>dicit</strong></span> <span class='ocrx_word' id='word_1_17' title='bbox 901 583 986 640; x_wconf 75' lang='lat' dir='ltr'><strong>‘cum</strong></span> <span class='ocrx_word' id='word_1_18' title='bbox 1001 584 1079 649; x_wconf 90' lang='lat' dir='ltr'><strong>me&#39;,</strong></span> <span class='ocrx_word' id='word_1_19' title='bbox 1101 584 1186 640; x_wconf 86' lang='lat' dir='ltr'><strong>‘cnm</strong></span> <span class='ocrx_word' id='word_1_20' title='bbox 1201 583 1248 638; x_wconf 90' lang='lat' dir='ltr'><strong>te’</strong></span> <span class='ocrx_word' id='word_1_21' title='bbox 1272 584 1395 657; x_wconf 90' lang='lat' dir='ltr'><strong>propter</strong></span> 
     </span>
     <span class='ocr_line' id='line_1_4' title="bbox 96 679 1395 763; baseline -0.003 -19"><span class='ocrx_word' id='word_1_22' title='bbox 96 682 332 763; x_wconf 80' lang='lat' dir='ltr'><strong>cacenphaton).</strong></span> <span class='ocrx_word' id='word_1_23' title='bbox 366 690 469 743; x_wconf 91' lang='lat' dir='ltr'><strong>natura</strong></span> <span class='ocrx_word' id='word_1_24' title='bbox 491 684 569 744; x_wconf 90' lang='lat' dir='ltr'><strong>enirn</strong></span> <span class='ocrx_word' id='word_1_25' title='bbox 592 682 820 762; x_wconf 78' lang='lat' dir='ltr'><strong>praepositionis</strong></span> <span class='ocrx_word' id='word_1_26' title='bbox 841 679 990 759; x_wconf 79' lang='lat' dir='ltr'><strong>exigebat,</strong></span> <span class='ocrx_word' id='word_1_27' title='bbox 1014 688 1047 741; x_wconf 89' lang='lat' dir='ltr'><strong>ut</strong></span> <span class='ocrx_word' id='word_1_28' title='bbox 1067 688 1308 761; x_wconf 79' lang='lat' dir='ltr'>praeponeretur.</span> <span class='ocrx_word' id='word_1_29' title='bbox 1347 698 1395 741; x_wconf 91' lang='lat' dir='ltr'><strong>ac·</strong></span> 
     </span>
     <span class='ocr_line' id='line_1_5' title="bbox 98 779 1397 864; baseline -0.002 -21"><span class='ocrx_word' id='word_1_30' title='bbox 98 785 253 846; x_wconf 88' lang='lat' dir='ltr'><strong>cusativae</strong></span> <span class='ocrx_word' id='word_1_31' title='bbox 282 786 514 864; x_wconf 78' lang='lat' dir='ltr'><strong>praepositiones</strong></span> <span class='ocrx_word' id='word_1_32' title='bbox 542 792 611 844; x_wconf 90' lang='lat' dir='ltr'><strong>sunt</strong></span> <span class='ocrx_word' id='word_1_33' title='bbox 640 803 711 855; x_wconf 86' lang='lat' dir='ltr'><strong>xxx,</strong></span> <span class='ocrx_word' id='word_1_34' title='bbox 741 801 815 863; x_wconf 91' lang='lat' dir='ltr'><strong>quae</strong></span> <span class='ocrx_word' id='word_1_35' title='bbox 842 785 1006 844; x_wconf 91' lang='lat' dir='ltr'><strong>accusativo</strong></span> <span class='ocrx_word' id='word_1_36' title='bbox 1032 790 1146 844; x_wconf 90' lang='lat' dir='ltr'><strong>tantum</strong></span> <span class='ocrx_word' id='word_1_37' title='bbox 1166 784 1329 859; x_wconf 83' lang='lat' dir='ltr'><strong>iunguntur</strong></span> <span class='ocrx_word' id='word_1_38' title='bbox 1350 779 1397 842; x_wconf 93' lang='lat' dir='ltr'><strong>vel</strong></span> 
     </span>
     <span class='ocr_line' id='line_1_6' title="bbox 96 883 1395 966; baseline -0.003 -19"><span class='ocrx_word' id='word_1_39' title='bbox 96 885 250 966; x_wconf 79' lang='lat' dir='ltr'><strong>singulari</strong></span> <span class='ocrx_word' id='word_1_40' title='bbox 276 884 322 947; x_wconf 93' lang='lat' dir='ltr'><strong>vel</strong></span> <span class='ocrx_word' id='word_1_41' title='bbox 349 884 465 966; x_wconf 84' lang='lat' dir='ltr'><strong>plurali.</strong></span> <span class='ocrx_word' id='word_1_42' title='bbox 510 905 545 947; x_wconf 88' lang='lat' dir='ltr'><strong>ex</strong></span> <span class='ocrx_word' id='word_1_43' title='bbox 573 886 619 945; x_wconf 94' lang='lat' dir='ltr'><strong>his</strong></span> <span class='ocrx_word' id='word_1_44' title='bbox 646 885 682 945; x_wconf 92' lang='lat' dir='ltr'><strong>ad</strong></span> <span class='ocrx_word' id='word_1_45' title='bbox 711 894 741 946; x_wconf 91' lang='lat' dir='ltr'><strong>et</strong></span> <span class='ocrx_word' id='word_1_46' title='bbox 767 885 842 965; x_wconf 88' lang='lat' dir='ltr'><strong>apud</strong></span> <span class='ocrx_word' id='word_1_47' title='bbox 871 885 1000 946; x_wconf 88' lang='lat' dir='ltr'><strong>diversas</strong></span> <span class='ocrx_word' id='word_1_48' title='bbox 1028 883 1137 945; x_wconf 92' lang='lat' dir='ltr'><strong>habent</strong></span> <span class='ocrx_word' id='word_1_49' title='bbox 1158 885 1395 964; x_wconf 80' lang='lat' dir='ltr'><strong>significationes.</strong></span> 
     </span>
     <span class='ocr_line' id='line_1_7' title="bbox 103 985 1424 1067; baseline -0.005 -19"><span class='ocrx_word' id='word_1_50' title='bbox 103 1006 176 1049; x_wconf 90' lang='lat' dir='ltr'><strong>nam</strong></span> <span class='ocrx_word' id='word_1_51' title='bbox 200 988 238 1049; x_wconf 94' lang='lat' dir='ltr'><strong>ad</strong></span> <span class='ocrx_word' id='word_1_52' title='bbox 260 988 297 1050; x_wconf 92' lang='lat' dir='ltr'><strong>ad</strong></span> <span class='ocrx_word' id='word_1_53' title='bbox 319 986 416 1049; x_wconf 92' lang='lat' dir='ltr'><strong>locum</strong></span> <span class='ocrx_word' id='word_1_54' title='bbox 438 989 597 1067; x_wconf 78' lang='lat' dir='ltr'><strong>significat,</strong></span> <span class='ocrx_word' id='word_1_55' title='bbox 626 995 659 1048; x_wconf 94' lang='lat' dir='ltr'><strong>ut</strong></span> <span class='ocrx_word' id='word_1_56' title='bbox 681 987 733 1048; x_wconf 83' lang='lat' dir='ltr'><strong>‘ad</strong></span> <span class='ocrx_word' id='word_1_57' title='bbox 755 995 869 1067; x_wconf 90' lang='lat' dir='ltr'><strong>patrem</strong></span> <span class='ocrx_word' id='word_1_58' title='bbox 892 986 992 1057; x_wconf 89' lang='lat' dir='ltr'><strong>vado’,</strong></span> <span class='ocrx_word' id='word_1_59' title='bbox 1021 987 1098 1066; x_wconf 91' lang='lat' dir='ltr'><strong>apud</strong></span> <span class='ocrx_word' id='word_1_60' title='bbox 1120 1005 1189 1047; x_wconf 90' lang='lat' dir='ltr'><strong>vero</strong></span> <span class='ocrx_word' id='word_1_61' title='bbox 1212 989 1241 1047; x_wconf 90' lang='lat' dir='ltr'><strong>in</strong></span> <span class='ocrx_word' id='word_1_62' title='bbox 1264 985 1342 1056; x_wconf 91' lang='lat' dir='ltr'><strong>loco,</strong></span> <span class='ocrx_word' id='word_1_63' title='bbox 1366 994 1424 1046; x_wconf 78' lang='lat' dir='ltr'><strong>ute</strong></span> 
     </span>
     <span class='ocr_line' id='line_1_8' title="bbox 102 1087 1398 1169; baseline -0.002 -19"><span class='ocrx_word' id='word_1_64' title='bbox 102 1088 207 1169; x_wconf 83' lang='lat' dir='ltr'><strong>‘apud</strong></span> <span class='ocrx_word' id='word_1_65' title='bbox 228 1099 383 1169; x_wconf 90' lang='lat' dir='ltr'><strong>parentem</strong></span> <span class='ocrx_word' id='word_1_66' title='bbox 405 1095 498 1150; x_wconf 91' lang='lat' dir='ltr'><strong>sum&#39;.</strong></span> <span class='ocrx_word' id='word_1_67' title='bbox 543 1089 595 1150; x_wconf 90' lang='lat' dir='ltr'><strong>sed</strong></span> <span class='ocrx_word' id='word_1_68' title='bbox 623 1088 659 1149; x_wconf 93' lang='lat' dir='ltr'><strong>ad</strong></span> <span class='ocrx_word' id='word_1_69' title='bbox 688 1106 746 1149; x_wconf 92' lang='lat' dir='ltr'><strong>non</strong></span> <span class='ocrx_word' id='word_1_70' title='bbox 776 1107 934 1168; x_wconf 86' lang='lat' dir='ltr'><strong>numquam</strong></span> <span class='ocrx_word' id='word_1_71' title='bbox 962 1090 1134 1150; x_wconf 90' lang='lat' dir='ltr'><strong>auctoritate</strong></span> <span class='ocrx_word' id='word_1_72' title='bbox 1163 1090 1250 1150; x_wconf 91' lang='lat' dir='ltr'><strong>etiam</strong></span> <span class='ocrx_word' id='word_1_73' title='bbox 1280 1091 1309 1148; x_wconf 93' lang='lat' dir='ltr'><strong>in</strong></span> <span class='ocrx_word' id='word_1_74' title='bbox 1333 1087 1398 1148; x_wconf 90' lang='lat' dir='ltr'><strong>loco</strong></span> 
     </span>
     <span class='ocr_line' id='line_1_9' title="bbox 105 1188 1399 1270; baseline -0.002 -20"><span class='ocrx_word' id='word_1_75' title='bbox 105 1192 271 1270; x_wconf 90' lang='lat' dir='ltr'><strong>reperitur,</strong></span> <span class='ocrx_word' id='word_1_76' title='bbox 304 1197 337 1251; x_wconf 91' lang='lat' dir='ltr'><strong>ut</strong></span> <span class='ocrx_word' id='word_1_77' title='bbox 369 1191 515 1252; x_wconf 84' lang='lat' dir='ltr'><strong>‘decem</strong></span> <span class='ocrx_word' id='word_1_78' title='bbox 544 1192 661 1252; x_wconf 87' lang='lat' dir='ltr'><strong>lisoos</strong></span> <span class='ocrx_word' id='word_1_79' title='bbox 689 1191 730 1250; x_wconf 92' lang='lat' dir='ltr'><strong>ad</strong></span> <span class='ocrx_word' id='word_1_80' title='bbox 759 1198 976 1251; x_wconf 81' lang='lat' dir='ltr'>senatorem</span> <span class='ocrx_word' id='word_1_81' title='bbox 1008 1188 1116 1250; x_wconf 92' lang='lat' dir='ltr'><strong>illum</strong></span> <span class='ocrx_word' id='word_1_82' title='bbox 1151 1190 1340 1260; x_wconf 89' lang='lat' dir='ltr'><strong>relictos’,</strong></span> <span class='ocrx_word' id='word_1_83' title='bbox 1370 1195 1399 1249; x_wconf 93' lang='lat' dir='ltr'><strong>et</strong></span> 
     </span>
     <span class='ocr_line' id='line_1_10' title="bbox 108 1292 1399 1373; baseline -0.002 -21"><span class='ocrx_word' id='word_1_84' title='bbox 108 1292 186 1373; x_wconf 89' lang='lat' dir='ltr'><strong>apud</strong></span> <span class='ocrx_word' id='word_1_85' title='bbox 210 1292 361 1354; x_wconf 84' lang='lat' dir='ltr'><strong>hieronem</strong></span> <span class='ocrx_word' id='word_1_86' title='bbox 386 1292 448 1354; x_wconf 84' lang='lat' dir='ltr'><strong>‘ad</strong></span> <span class='ocrx_word' id='word_1_87' title='bbox 470 1292 621 1353; x_wconf 86' lang='lat' dir='ltr'><strong>Troiam</strong></span> <span class='ocrx_word' id='word_1_88' title='bbox 644 1311 714 1372; x_wconf 90' lang='lat' dir='ltr'><strong>pro</strong></span> <span class='ocrx_word' id='word_1_89' title='bbox 742 1294 838 1366; x_wconf 87' lang='lat' dir='ltr'><strong>caris</strong></span> <span class='ocrx_word' id='word_1_90' title='bbox 867 1299 1038 1371; x_wconf 83' lang='lat' dir='ltr'>gesserat</span> <span class='ocrx_word' id='word_1_91' title='bbox 1059 1295 1195 1368; x_wconf 78' lang='lat' dir='ltr'><strong>Argis’.</strong></span> <span class='ocrx_word' id='word_1_92' title='bbox 1242 1299 1399 1371; x_wconf 88' lang='lat' dir='ltr'><strong>temptave-</strong></span> 
     </span>
     <span class='ocr_line' id='line_1_11' title="bbox 112 1392 1401 1476; baseline -0.003 -21"><span class='ocrx_word' id='word_1_93' title='bbox 112 1402 180 1456; x_wconf 90' lang='lat' dir='ltr'><strong>mnt</strong></span> <span class='ocrx_word' id='word_1_94' title='bbox 206 1393 340 1476; x_wconf 86' lang='lat' dir='ltr'><strong>plerique</strong></span> <span class='ocrx_word' id='word_1_95' title='bbox 367 1394 465 1455; x_wconf 83' lang='lat' dir='ltr'><strong>lacere</strong></span> <span class='ocrx_word' id='word_1_96' title='bbox 494 1395 701 1455; x_wconf 86' lang='lat' dir='ltr'><strong>discretionem</strong></span> <span class='ocrx_word' id='word_1_97' title='bbox 724 1402 754 1454; x_wconf 92' lang='lat' dir='ltr'><strong>et</strong></span> <span class='ocrx_word' id='word_1_98' title='bbox 774 1396 805 1453; x_wconf 92' lang='lat' dir='ltr'><strong>in</strong></span> <span class='ocrx_word' id='word_1_99' title='bbox 827 1394 882 1455; x_wconf 91' lang='lat' dir='ltr'><strong>hac</strong></span> <span class='ocrx_word' id='word_1_100' title='bbox 905 1393 1078 1463; x_wconf 87' lang='lat' dir='ltr'><strong>elocutione,</strong></span> <span class='ocrx_word' id='word_1_101' title='bbox 1102 1412 1177 1472; x_wconf 91' lang='lat' dir='ltr'><strong>quae</strong></span> <span class='ocrx_word' id='word_1_102' title='bbox 1199 1394 1231 1454; x_wconf 87' lang='lat' dir='ltr'><strong>lit</strong></span> <span class='ocrx_word' id='word_1_103' title='bbox 1253 1393 1289 1454; x_wconf 92' lang='lat' dir='ltr'><strong>de</strong></span> <span class='ocrx_word' id='word_1_104' title='bbox 1312 1392 1348 1454; x_wconf 90' lang='lat' dir='ltr'><strong>ad</strong></span> <span class='ocrx_word' id='word_1_105' title='bbox 1371 1401 1401 1452; x_wconf 91' lang='lat' dir='ltr'><strong>et</strong></span> 
     </span>
     <span class='ocr_line' id='line_1_12' title="bbox 114 1494 1438 1566; baseline 0 -12"><span class='ocrx_word' id='word_1_106' title='bbox 114 1494 215 1566; x_wconf 90' lang='lat' dir='ltr'><strong>dein,</strong></span> <span class='ocrx_word' id='word_1_107' title='bbox 238 1504 272 1557; x_wconf 91' lang='lat' dir='ltr'><strong>ut</strong></span> <span class='ocrx_word' id='word_1_108' title='bbox 293 1495 349 1557; x_wconf 83' lang='lat' dir='ltr'><strong>‘ad</strong></span> <span class='ocrx_word' id='word_1_109' title='bbox 363 1495 468 1556; x_wconf 83' lang='lat' dir='ltr'><strong>lorum</strong></span> <span class='ocrx_word' id='word_1_110' title='bbox 490 1497 602 1566; x_wconf 90' lang='lat' dir='ltr'><strong>venio&#39;,</strong></span> <span class='ocrx_word' id='word_1_111' title='bbox 626 1497 674 1555; x_wconf 83' lang='lat' dir='ltr'><strong>‘in</strong></span> <span class='ocrx_word' id='word_1_112' title='bbox 696 1495 793 1557; x_wconf 86' lang='lat' dir='ltr'><strong>lorum</strong></span> <span class='ocrx_word' id='word_1_113' title='bbox 816 1497 929 1556; x_wconf 87' lang='lat' dir='ltr'><strong>venio&#39;.</strong></span> <span class='ocrx_word' id='word_1_114' title='bbox 968 1498 1076 1556; x_wconf 90' lang='lat' dir='ltr'><strong>etenim</strong></span> <span class='ocrx_word' id='word_1_115' title='bbox 1100 1496 1154 1556; x_wconf 83' lang='lat' dir='ltr'><strong>‘ad</strong></span> <span class='ocrx_word' id='word_1_116' title='bbox 1177 1496 1273 1557; x_wconf 90' lang='lat' dir='ltr'><strong>lorum</strong></span> <span class='ocrx_word' id='word_1_117' title='bbox 1287 1496 1398 1555; x_wconf 57' lang='lat' dir='ltr'><strong>,venio’</strong></span> <span class='ocrx_word' id='word_1_118' title='bbox 1414 1510 1438 1550; x_wconf 81' lang='lat' dir='ltr'><strong>ro</strong></span> 
     </span>
     <span class='ocr_line' id='line_1_13' title="bbox 117 1596 1401 1676; baseline -0.002 -19"><span class='ocrx_word' id='word_1_119' title='bbox 117 1596 214 1659; x_wconf 86' lang='lat' dir='ltr'><strong>estad</strong></span> <span class='ocrx_word' id='word_1_120' title='bbox 235 1597 334 1658; x_wconf 87' lang='lat' dir='ltr'><strong>lorum</strong></span> <span class='ocrx_word' id='word_1_121' title='bbox 357 1597 480 1665; x_wconf 90' lang='lat' dir='ltr'><strong>accedo,</strong></span> <span class='ocrx_word' id='word_1_122' title='bbox 504 1599 552 1658; x_wconf 83' lang='lat' dir='ltr'><strong>‘in</strong></span> <span class='ocrx_word' id='word_1_123' title='bbox 567 1597 664 1659; x_wconf 89' lang='lat' dir='ltr'><strong>lorum</strong></span> <span class='ocrx_word' id='word_1_124' title='bbox 680 1599 780 1658; x_wconf 89' lang='lat' dir='ltr'><strong>venio&#39;</strong></span> <span class='ocrx_word' id='word_1_125' title='bbox 803 1597 900 1659; x_wconf 86' lang='lat' dir='ltr'><strong>lorum</strong></span> <span class='ocrx_word' id='word_1_126' title='bbox 921 1598 1089 1676; x_wconf 78' lang='lat' dir='ltr'><strong>ingredior,</strong></span> <span class='ocrx_word' id='word_1_127' title='bbox 1112 1606 1146 1658; x_wconf 90' lang='lat' dir='ltr'><strong>ut</strong></span> <span class='ocrx_word' id='word_1_128' title='bbox 1166 1599 1204 1657; x_wconf 88' lang='lat' dir='ltr'><strong>sit</strong></span> <span class='ocrx_word' id='word_1_129' title='bbox 1225 1597 1297 1658; x_wconf 91' lang='lat' dir='ltr'><strong>illud</strong></span> <span class='ocrx_word' id='word_1_130' title='bbox 1319 1598 1401 1676; x_wconf 90' lang='lat' dir='ltr'><strong>prius</strong></span> 
     </span>
     <span class='ocr_line' id='line_1_14' title="bbox 117 1698 1401 1781; baseline -0.002 -21"><span class='ocrx_word' id='word_1_131' title='bbox 117 1700 336 1781; x_wconf 90' lang='lat' dir='ltr'><strong>propinquantis</strong></span> <span class='ocrx_word' id='word_1_132' title='bbox 365 1699 400 1760; x_wconf 95' lang='lat' dir='ltr'><strong>ad</strong></span> <span class='ocrx_word' id='word_1_133' title='bbox 429 1698 544 1770; x_wconf 90' lang='lat' dir='ltr'><strong>locum,</strong></span> <span class='ocrx_word' id='word_1_134' title='bbox 574 1699 642 1760; x_wconf 91' lang='lat' dir='ltr'><strong>hoc·</strong></span> <span class='ocrx_word' id='word_1_135' title='bbox 659 1708 756 1761; x_wconf 90' lang='lat' dir='ltr'><strong>autem</strong></span> <span class='ocrx_word' id='word_1_136' title='bbox 780 1698 878 1761; x_wconf 92' lang='lat' dir='ltr'><strong>locum</strong></span> <span class='ocrx_word' id='word_1_137' title='bbox 901 1701 996 1779; x_wconf 92' lang='lat' dir='ltr'><strong>ipsum</strong></span> <span class='ocrx_word' id='word_1_138' title='bbox 1022 1700 1161 1769; x_wconf 88' lang='lat' dir='ltr'><strong>tenentis,</strong></span> <span class='ocrx_word' id='word_1_139' title='bbox 1190 1700 1266 1760; x_wconf 91' lang='lat' dir='ltr'><strong>sicut</strong></span> <span class='ocrx_word' id='word_1_140' title='bbox 1287 1699 1401 1759; x_wconf 90' lang='lat' dir='ltr'><strong>videtur</strong></span> 
     </span>
     <span class='ocr_line' id='line_1_15' title="bbox 119 1799 1403 1882; baseline -0.001 -22"><span class='ocrx_word' id='word_1_141' title='bbox 119 1799 229 1863; x_wconf 91' lang='lat' dir='ltr'><strong>locutus</strong></span> <span class='ocrx_word' id='word_1_142' title='bbox 256 1819 321 1862; x_wconf 87' lang='lat' dir='ltr'><strong>esse</strong></span> <span class='ocrx_word' id='word_1_143' title='bbox 350 1799 493 1863; x_wconf 86' lang='lat' dir='ltr'><strong>Salustius</strong></span> <span class='ocrx_word' id='word_1_144' title='bbox 520 1800 645 1862; x_wconf 90' lang='lat' dir='ltr'><strong>dicendo</strong></span> <span class='ocrx_word' id='word_1_145' title='bbox 675 1801 731 1861; x_wconf 84' lang='lat' dir='ltr'><strong>‘hi</strong></span> <span class='ocrx_word' id='word_1_146' title='bbox 758 1804 911 1882; x_wconf 87' lang='lat' dir='ltr'><strong>utrique</strong></span> <span class='ocrx_word' id='word_1_147' title='bbox 934 1800 978 1862; x_wconf 90' lang='lat' dir='ltr'><strong>ad</strong></span> <span class='ocrx_word' id='word_1_148' title='bbox 1000 1800 1127 1862; x_wconf 89' lang='lat' dir='ltr'><strong>urbem</strong></span> <span class='ocrx_word' id='word_1_149' title='bbox 1150 1802 1403 1880; x_wconf 89' lang='lat' dir='ltr'><strong>imperatores</strong></span> 
     </span>
     <span class='ocr_line' id='line_1_16' title="bbox 119 1898 1402 1986; baseline -0.002 -23"><span class='ocrx_word' id='word_1_150' title='bbox 119 1911 218 1964; x_wconf 88' lang='lat' dir='ltr'><strong>orant</strong></span> <span class='ocrx_word' id='word_1_151' title='bbox 235 1898 248 1986; x_wconf 72' lang='grc'><strong>11</strong></span> <span class='ocrx_word' id='word_1_152' title='bbox 266 1902 432 1983; x_wconf 89' lang='lat' dir='ltr'><strong>inpediti</strong></span> <span class='ocrx_word' id='word_1_153' title='bbox 454 1921 499 1964; x_wconf 92' lang='lat' dir='ltr'><strong>ne</strong></span> <span class='ocrx_word' id='word_1_154' title='bbox 522 1903 802 1982; x_wconf 89' lang='lat' dir='ltr'><strong>triumpharent</strong></span> <span class='ocrx_word' id='word_1_155' title='bbox 823 1902 1010 1964; x_wconf 90' lang='lat' dir='ltr'><strong>calumnia</strong></span> <span class='ocrx_word' id='word_1_156' title='bbox 1031 1908 1262 1982; x_wconf 91' lang='lat' dir='ltr'><strong>paucorum&#39;.</strong></span> <span class='ocrx_word' id='word_1_157' title='bbox 1286 1903 1402 1963; x_wconf 91' lang='lat' dir='ltr'><strong>namsi</strong></span> 
     </span>
     <span class='ocr_line' id='line_1_17' title="bbox 120 2003 1440 2083; baseline -0.006 -18"><span class='ocrx_word' id='word_1_158' title='bbox 120 2004 241 2066; x_wconf 86' lang='lat' dir='ltr'><strong>necdum</strong></span> <span class='ocrx_word' id='word_1_159' title='bbox 268 2003 534 2083; x_wconf 86' lang='lat' dir='ltr'><strong>triumphaverant,</strong></span> <span class='ocrx_word' id='word_1_160' title='bbox 561 2004 665 2067; x_wconf 89' lang='lat' dir='ltr'><strong>urbem</strong></span> <span class='ocrx_word' id='word_1_161' title='bbox 693 2005 819 2083; x_wconf 82' lang='lat' dir='ltr'><strong>ingressi</strong></span> <span class='ocrx_word' id='word_1_162' title='bbox 847 2023 906 2065; x_wconf 91' lang='lat' dir='ltr'><strong>non</strong></span> <span class='ocrx_word' id='word_1_163' title='bbox 934 2004 1060 2066; x_wconf 87' lang='lat' dir='ltr'><strong>lucrant.</strong></span> <span class='ocrx_word' id='word_1_164' title='bbox 1105 2022 1176 2082; x_wconf 85' lang='lat' dir='ltr'><strong>ergo</strong></span> <span class='ocrx_word' id='word_1_165' title='bbox 1200 2003 1254 2065; x_wconf 82' lang='lat' dir='ltr'><strong>‘ad</strong></span> <span class='ocrx_word' id='word_1_166' title='bbox 1277 2003 1401 2065; x_wconf 87' lang='lat' dir='ltr'><strong>urbem&#39;</strong></span> <span class='ocrx_word' id='word_1_167' title='bbox 1417 2017 1440 2057; x_wconf 84' lang='lat' dir='ltr'><strong>rs</strong></span> 
     </span>
     <span class='ocr_line' id='line_1_18' title="bbox 121 2105 1403 2187; baseline -0.003 -19"><span class='ocrx_word' id='word_1_168' title='bbox 121 2105 195 2186; x_wconf 91' lang='lat' dir='ltr'><strong>qnod</strong></span> <span class='ocrx_word' id='word_1_169' title='bbox 225 2105 312 2177; x_wconf 89' lang='lat' dir='ltr'><strong>dixit,</strong></span> <span class='ocrx_word' id='word_1_170' title='bbox 341 2108 564 2187; x_wconf 90' lang='lat' dir='ltr'><strong>propinquantis</strong></span> <span class='ocrx_word' id='word_1_171' title='bbox 591 2106 763 2184; x_wconf 83' lang='lat' dir='ltr'><strong>significatio</strong></span> <span class='ocrx_word' id='word_1_172' title='bbox 797 2105 936 2177; x_wconf 88' lang='lat' dir='ltr'><strong>habetur,</strong></span> <span class='ocrx_word' id='word_1_173' title='bbox 970 2124 1029 2167; x_wconf 93' lang='lat' dir='ltr'><strong>non</strong></span> <span class='ocrx_word' id='word_1_174' title='bbox 1057 2106 1260 2185; x_wconf 80' lang='lat' dir='ltr'><strong>ingredientis.</strong></span> <span class='ocrx_word' id='word_1_175' title='bbox 1309 2123 1403 2185; x_wconf 91' lang='lat' dir='ltr'><strong>usque</strong></span> 
     </span>
     <span class='ocr_line' id='line_1_19' title="bbox 120 2207 1406 2288; baseline 0 -21"><span class='ocrx_word' id='word_1_176' title='bbox 120 2209 205 2268; x_wconf 86' lang='lat' dir='ltr'><strong>etiarn</strong></span> <span class='ocrx_word' id='word_1_177' title='bbox 227 2209 408 2287; x_wconf 87' lang='lat' dir='ltr'><strong>praepositio</strong></span> <span class='ocrx_word' id='word_1_178' title='bbox 430 2226 506 2268; x_wconf 92' lang='lat' dir='ltr'><strong>novo</strong></span> <span class='ocrx_word' id='word_1_179' title='bbox 530 2207 616 2268; x_wconf 92' lang='lat' dir='ltr'><strong>modo</strong></span> <span class='ocrx_word' id='word_1_180' title='bbox 632 2207 688 2268; x_wconf 90' lang='lat' dir='ltr'><strong>sibi</strong></span> <span class='ocrx_word' id='word_1_181' title='bbox 710 2207 795 2269; x_wconf 92' lang='lat' dir='ltr'><strong>aliam</strong></span> <span class='ocrx_word' id='word_1_182' title='bbox 819 2210 972 2287; x_wconf 82' lang='lat' dir='ltr'><strong>coniungit</strong></span> <span class='ocrx_word' id='word_1_183' title='bbox 993 2210 1257 2288; x_wconf 89' lang='lat' dir='ltr'><strong>praepositionem:</strong></span> <span class='ocrx_word' id='word_1_184' title='bbox 1281 2207 1406 2267; x_wconf 84' lang='lat' dir='ltr'><strong>dicimus</strong></span> 
     </span>
     <span class='ocr_line' id='line_1_20' title="bbox 120 2306 1404 2390; baseline 0 -23"><span class='ocrx_word' id='word_1_185' title='bbox 120 2310 209 2380; x_wconf 89' lang='lat' dir='ltr'><strong>enim,</strong></span> <span class='ocrx_word' id='word_1_186' title='bbox 233 2317 266 2369; x_wconf 91' lang='lat' dir='ltr'><strong>ut</strong></span> <span class='ocrx_word' id='word_1_187' title='bbox 287 2306 432 2385; x_wconf 78' lang='lat' dir='ltr'><strong>Vergilius</strong></span> <span class='ocrx_word' id='word_1_188' title='bbox 456 2309 514 2370; x_wconf 88' lang='lat' dir='ltr'><strong>‘ad</strong></span> <span class='ocrx_word' id='word_1_189' title='bbox 536 2328 652 2389; x_wconf 90' lang='lat' dir='ltr'><strong>usque</strong></span> <span class='ocrx_word' id='word_1_190' title='bbox 671 2309 861 2371; x_wconf 91' lang='lat' dir='ltr'><strong>columnas</strong></span> <span class='ocrx_word' id='word_1_191' title='bbox 884 2309 1037 2371; x_wconf 89' lang='lat' dir='ltr'><strong>exulat’.</strong></span> <span class='ocrx_word' id='word_1_192' title='bbox 1069 2329 1124 2371; x_wconf 88' lang='lat' dir='ltr'><strong>nec</strong></span> <span class='ocrx_word' id='word_1_193' title='bbox 1152 2311 1235 2390; x_wconf 93' lang='lat' dir='ltr'><strong>sequi</strong></span> <span class='ocrx_word' id='word_1_194' title='bbox 1263 2309 1404 2371; x_wconf 89' lang='lat' dir='ltr'><strong>debemus</strong></span> 
     </span>
     <span class='ocr_line' id='line_1_21' title="bbox 120 2408 1451 2490; baseline -0.001 -20"><span class='ocrx_word' id='word_1_195' title='bbox 120 2409 194 2490; x_wconf 91' lang='lat' dir='ltr'><strong>quod</strong></span> <span class='ocrx_word' id='word_1_196' title='bbox 224 2428 283 2470; x_wconf 90' lang='lat' dir='ltr'><strong>non</strong></span> <span class='ocrx_word' id='word_1_197' title='bbox 310 2408 384 2471; x_wconf 89' lang='lat' dir='ltr'><strong>nulli</strong></span> <span class='ocrx_word' id='word_1_198' title='bbox 411 2409 525 2480; x_wconf 89' lang='lat' dir='ltr'><strong>dicunt,</strong></span> <span class='ocrx_word' id='word_1_199' title='bbox 558 2429 650 2489; x_wconf 92' lang='lat' dir='ltr'><strong>usque</strong></span> <span class='ocrx_word' id='word_1_200' title='bbox 678 2410 847 2473; x_wconf 82' lang='lat' dir='ltr'><strong>adverbium</strong></span> <span class='ocrx_word' id='word_1_201' title='bbox 877 2430 950 2473; x_wconf 89' lang='lat' dir='ltr'><strong>esse.</strong></span> <span class='ocrx_word' id='word_1_202' title='bbox 995 2411 1088 2472; x_wconf 88' lang='lat' dir='ltr'><strong>multo</strong></span> <span class='ocrx_word' id='word_1_203' title='bbox 1116 2414 1213 2473; x_wconf 91' lang='lat' dir='ltr'><strong>minus</strong></span> <span class='ocrx_word' id='word_1_204' title='bbox 1241 2413 1319 2472; x_wconf 92' lang='lat' dir='ltr'><strong>enim</strong></span> <span class='ocrx_word' id='word_1_205' title='bbox 1349 2410 1404 2471; x_wconf 90' lang='lat' dir='ltr'><strong>sibi</strong></span> <span class='ocrx_word' id='word_1_206' title='bbox 1448 2414 1451 2420; x_wconf 85' lang='grc'><strong>’</strong></span> 
     </span>
     <span class='ocr_line' id='line_1_22' title="bbox 121 2512 1444 2593; baseline 0.002 -23"><span class='ocrx_word' id='word_1_207' title='bbox 121 2512 253 2592; x_wconf 83' lang='lat' dir='ltr'><strong>iungeret</strong></span> <span class='ocrx_word' id='word_1_208' title='bbox 273 2513 537 2591; x_wconf 89' lang='lat' dir='ltr'><strong>praepositionem,</strong></span> <span class='ocrx_word' id='word_1_209' title='bbox 560 2514 585 2572; x_wconf 88' lang='lat' dir='ltr'><strong>si</strong></span> <span class='ocrx_word' id='word_1_210' title='bbox 607 2513 777 2575; x_wconf 86' lang='lat' dir='ltr'><strong>adverbium</strong></span> <span class='ocrx_word' id='word_1_211' title='bbox 800 2513 917 2574; x_wconf 90' lang='lat' dir='ltr'><strong>luisset:</strong></span> <span class='ocrx_word' id='word_1_212' title='bbox 958 2513 1101 2586; x_wconf 87' lang='lat' dir='ltr'><strong>adverbio</strong></span> <span class='ocrx_word' id='word_1_213' title='bbox 1125 2516 1202 2576; x_wconf 90' lang='lat' dir='ltr'><strong>enim</strong></span> <span class='ocrx_word' id='word_1_214' title='bbox 1225 2514 1444 2593; x_wconf 62' lang='lat' dir='ltr'><strong>praepositioni</strong></span> 
     </span>
     <span class='ocr_line' id='line_1_23' title="bbox 122 2613 1405 2695; baseline 0.001 -23"><span class='ocrx_word' id='word_1_215' title='bbox 122 2615 276 2692; x_wconf 90' lang='lat' dir='ltr'><strong>separatim</strong></span> <span class='ocrx_word' id='word_1_216' title='bbox 303 2631 363 2673; x_wconf 93' lang='lat' dir='ltr'><strong>non</strong></span> <span class='ocrx_word' id='word_1_217' title='bbox 390 2613 540 2674; x_wconf 88' lang='lat' dir='ltr'><strong>cohaeret.</strong></span> <span class='ocrx_word' id='word_1_218' title='bbox 586 2623 616 2675; x_wconf 92' lang='lat' dir='ltr'><strong>et</strong></span> <span class='ocrx_word' id='word_1_219' title='bbox 647 2634 663 2675; x_wconf 92' lang='lat' dir='ltr'><strong>e</strong></span> <span class='ocrx_word' id='word_1_220' title='bbox 693 2624 779 2676; x_wconf 88' lang='lat' dir='ltr'><strong>etex</strong></span> <span class='ocrx_word' id='word_1_221' title='bbox 807 2615 1042 2695; x_wconf 89' lang='lat' dir='ltr'><strong>praepositiones</strong></span> <span class='ocrx_word' id='word_1_222' title='bbox 1069 2614 1178 2676; x_wconf 89' lang='lat' dir='ltr'><strong>habent</strong></span> <span class='ocrx_word' id='word_1_223' title='bbox 1201 2614 1405 2675; x_wconf 83' lang='lat' dir='ltr'><strong>differentiam.</strong></span> 
     </span>
     <span class='ocr_line' id='line_1_24' title="bbox 125 2715 1406 2797; baseline 0.002 -24"><span class='ocrx_word' id='word_1_224' title='bbox 125 2732 188 2776; x_wconf 91' lang='lat' dir='ltr'><strong>nam</strong></span> <span class='ocrx_word' id='word_1_225' title='bbox 211 2717 238 2776; x_wconf 90' lang='lat' dir='ltr'><strong>si</strong></span> <span class='ocrx_word' id='word_1_226' title='bbox 259 2733 329 2795; x_wconf 90' lang='lat' dir='ltr'><strong>pars</strong></span> <span class='ocrx_word' id='word_1_227' title='bbox 351 2716 491 2776; x_wconf 90' lang='lat' dir='ltr'><strong>orationis</strong></span> <span class='ocrx_word' id='word_1_228' title='bbox 513 2724 683 2796; x_wconf 89' lang='lat' dir='ltr'><strong>sequatura</strong></span> <span class='ocrx_word' id='word_1_229' title='bbox 705 2715 797 2778; x_wconf 91' lang='lat' dir='ltr'><strong>vocali</strong></span> <span class='ocrx_word' id='word_1_230' title='bbox 818 2717 975 2788; x_wconf 90' lang='lat' dir='ltr'><strong>incohans,</strong></span> <span class='ocrx_word' id='word_1_231' title='bbox 999 2735 1034 2777; x_wconf 92' lang='lat' dir='ltr'><strong>ex</strong></span> <span class='ocrx_word' id='word_1_232' title='bbox 1057 2718 1280 2797; x_wconf 89' lang='lat' dir='ltr'><strong>praeponimus,</strong></span> <span class='ocrx_word' id='word_1_233' title='bbox 1304 2725 1336 2776; x_wconf 89' lang='lat' dir='ltr'><strong>ut</strong></span> <span class='ocrx_word' id='word_1_234' title='bbox 1358 2721 1406 2776; x_wconf 84' lang='lat' dir='ltr'><strong>‘ex</strong></span> 
     </span>
     <span class='ocr_line' id='line_1_25' title="bbox 122 2817 1406 2890; baseline 0.002 -15"><span class='ocrx_word' id='word_1_235' title='bbox 122 2817 250 2886; x_wconf 87' lang='lat' dir='ltr'><strong>amico&#39;;</strong></span> <span class='ocrx_word' id='word_1_236' title='bbox 272 2817 297 2877; x_wconf 91' lang='lat' dir='ltr'><strong>si</strong></span> <span class='ocrx_word' id='word_1_237' title='bbox 319 2824 417 2879; x_wconf 91' lang='lat' dir='ltr'><strong>autem</strong></span> <span class='ocrx_word' id='word_1_238' title='bbox 440 2835 456 2877; x_wconf 92' lang='lat' dir='ltr'><strong>a</strong></span> <span class='ocrx_word' id='word_1_239' title='bbox 479 2820 652 2880; x_wconf 88' lang='lat' dir='ltr'><strong>consonanti</strong></span> <span class='ocrx_word' id='word_1_240' title='bbox 675 2819 808 2889; x_wconf 87' lang='lat' dir='ltr'><strong>inchoet,</strong></span> <span class='ocrx_word' id='word_1_241' title='bbox 838 2839 870 2890; x_wconf 92' lang='lat' dir='ltr'><strong>e,</strong></span> <span class='ocrx_word' id='word_1_242' title='bbox 894 2827 925 2881; x_wconf 93' lang='lat' dir='ltr'><strong>ut</strong></span> <span class='ocrx_word' id='word_1_243' title='bbox 948 2825 982 2879; x_wconf 87' lang='lat' dir='ltr'><strong>‘e</strong></span> <span class='ocrx_word' id='word_1_244' title='bbox 1004 2818 1099 2879; x_wconf 86' lang='lat' dir='ltr'><strong>loro&#39;.</strong></span> <span class='ocrx_word' id='word_1_245' title='bbox 1145 2837 1161 2879; x_wconf 92' lang='lat' dir='ltr'><strong>e</strong></span> <span class='ocrx_word' id='word_1_246' title='bbox 1184 2819 1333 2880; x_wconf 91' lang='lat' dir='ltr'><strong>contrario</strong></span> <span class='ocrx_word' id='word_1_247' title='bbox 1356 2836 1406 2879; x_wconf 93' lang='lat' dir='ltr'><strong>au·</strong></span> 
     </span>
     <span class='ocr_line' id='line_1_26' title="bbox 122 2919 1407 3001; baseline 0.002 -24"><span class='ocrx_word' id='word_1_248' title='bbox 122 2923 178 2978; x_wconf 67' lang='lat' dir='ltr'><strong>nm</strong></span> <span class='ocrx_word' id='word_1_249' title='bbox 208 2919 320 2998; x_wconf 87' lang='lat' dir='ltr'><strong>positae</strong></span> <span class='ocrx_word' id='word_1_250' title='bbox 342 2926 392 2979; x_wconf 92' lang='lat' dir='ltr'><strong>aut</strong></span> <span class='ocrx_word' id='word_1_251' title='bbox 413 2919 525 2980; x_wconf 90' lang='lat' dir='ltr'><strong>hiatum</strong></span> <span class='ocrx_word' id='word_1_252' title='bbox 548 2920 659 2981; x_wconf 83' lang='lat' dir='ltr'><strong>iaciunt</strong></span> <span class='ocrx_word' id='word_1_253' title='bbox 681 2929 731 2981; x_wconf 92' lang='lat' dir='ltr'><strong>aut</strong></span> <span class='ocrx_word' id='word_1_254' title='bbox 753 2922 955 3001; x_wconf 87' lang='lat' dir='ltr'><strong>asperitatem,</strong></span> <span class='ocrx_word' id='word_1_255' title='bbox 984 2919 1096 2981; x_wconf 90' lang='lat' dir='ltr'><strong>hiatum</strong></span> <span class='ocrx_word' id='word_1_256' title='bbox 1120 2925 1153 2980; x_wconf 87' lang='lat' dir='ltr'><strong>‘e</strong></span> <span class='ocrx_word' id='word_1_257' title='bbox 1176 2923 1298 2991; x_wconf 89' lang='lat' dir='ltr'><strong>amico’‚</strong></span> <span class='ocrx_word' id='word_1_258' title='bbox 1322 2938 1407 3000; x_wconf 88' lang='lat' dir='ltr'><strong>aspe-</strong></span> 
     </span>
     <span class='ocr_line' id='line_1_27' title="bbox 122 3018 1444 3103; baseline -0.002 -24"><span class='ocrx_word' id='word_1_259' title='bbox 122 3019 234 3080; x_wconf 85' lang='lat' dir='ltr'><strong>ritatem</strong></span> <span class='ocrx_word' id='word_1_260' title='bbox 257 3025 310 3080; x_wconf 84' lang='lat' dir='ltr'><strong>‘ex</strong></span> <span class='ocrx_word' id='word_1_261' title='bbox 332 3019 427 3081; x_wconf 90' lang='lat' dir='ltr'><strong>loro&#39;.</strong></span> <span class='ocrx_word' id='word_1_262' title='bbox 462 3018 536 3082; x_wconf 91' lang='lat' dir='ltr'><strong>clam</strong></span> <span class='ocrx_word' id='word_1_263' title='bbox 559 3023 751 3101; x_wconf 89' lang='lat' dir='ltr'><strong>praepositio,</strong></span> <span class='ocrx_word' id='word_1_264' title='bbox 775 3042 862 3103; x_wconf 91' lang='lat' dir='ltr'><strong>quam</strong></span> <span class='ocrx_word' id='word_1_265' title='bbox 886 3023 1015 3083; x_wconf 87' lang='lat' dir='ltr'><strong>Donatus</strong></span> <span class='ocrx_word' id='word_1_266' title='bbox 1037 3023 1115 3082; x_wconf 88' lang='lat' dir='ltr'><strong>inter</strong></span> <span class='ocrx_word' id='word_1_267' title='bbox 1139 3021 1277 3083; x_wconf 86' lang='lat' dir='ltr'><strong>ablativas</strong></span> <span class='ocrx_word' id='word_1_268' title='bbox 1299 3023 1404 3102; x_wconf 90' lang='lat' dir='ltr'><strong>posuit,</strong></span> <span class='ocrx_word' id='word_1_269' title='bbox 1420 3037 1444 3076; x_wconf 78' lang='lat' dir='ltr'><strong>m</strong></span> 
     </span>
     <span class='ocr_line' id='line_1_28' title="bbox 123 3120 1408 3203; baseline 0.002 -22"><span class='ocrx_word' id='word_1_270' title='bbox 123 3122 196 3182; x_wconf 87' lang='lat' dir='ltr'><strong>scire</strong></span> <span class='ocrx_word' id='word_1_271' title='bbox 219 3120 361 3183; x_wconf 91' lang='lat' dir='ltr'><strong>debemus</strong></span> <span class='ocrx_word' id='word_1_272' title='bbox 383 3121 461 3202; x_wconf 91' lang='lat' dir='ltr'><strong>quod</strong></span> <span class='ocrx_word' id='word_1_273' title='bbox 483 3122 687 3184; x_wconf 82' lang='lat' dir='ltr'><strong>indifferenter</strong></span> <span class='ocrx_word' id='word_1_274' title='bbox 709 3142 764 3202; x_wconf 90' lang='lat' dir='ltr'><strong>pro</strong></span> <span class='ocrx_word' id='word_1_275' title='bbox 787 3123 909 3184; x_wconf 89' lang='lat' dir='ltr'><strong>arbitrio</strong></span> <span class='ocrx_word' id='word_1_276' title='bbox 933 3123 1057 3184; x_wconf 92' lang='lat' dir='ltr'><strong>dicentis</strong></span> <span class='ocrx_word' id='word_1_277' title='bbox 1080 3133 1109 3183; x_wconf 92' lang='lat' dir='ltr'><strong>et</strong></span> <span class='ocrx_word' id='word_1_278' title='bbox 1131 3122 1256 3185; x_wconf 80' lang='lat' dir='ltr'><strong>ablativo</strong></span> <span class='ocrx_word' id='word_1_279' title='bbox 1278 3125 1408 3203; x_wconf 85' lang='lat' dir='ltr'><strong>iungitur</strong></span> 
     </span>
     <span class='ocr_line' id='line_1_29' title="bbox 124 3223 1408 3306; baseline 0.002 -24"><span class='ocrx_word' id='word_1_280' title='bbox 124 3231 151 3282; x_wconf 87' lang='lat' dir='ltr'><strong>et</strong></span> <span class='ocrx_word' id='word_1_281' title='bbox 170 3224 348 3284; x_wconf 81' lang='lat' dir='ltr'><strong>accusativo:</strong></span> <span class='ocrx_word' id='word_1_282' title='bbox 378 3223 503 3284; x_wconf 90' lang='lat' dir='ltr'><strong>dicimus</strong></span> <span class='ocrx_word' id='word_1_283' title='bbox 531 3225 608 3284; x_wconf 91' lang='lat' dir='ltr'><strong>enim</strong></span> <span class='ocrx_word' id='word_1_284' title='bbox 638 3234 667 3285; x_wconf 92' lang='lat' dir='ltr'><strong>et</strong></span> <span class='ocrx_word' id='word_1_285' title='bbox 694 3225 786 3285; x_wconf 85' lang='lat' dir='ltr'><strong>‘clam</strong></span> <span class='ocrx_word' id='word_1_286' title='bbox 816 3229 916 3305; x_wconf 89' lang='lat' dir='ltr'><strong>patre&#39;</strong></span> <span class='ocrx_word' id='word_1_287' title='bbox 941 3233 969 3285; x_wconf 93' lang='lat' dir='ltr'><strong>et</strong></span> <span class='ocrx_word' id='word_1_288' title='bbox 997 3224 1089 3286; x_wconf 81' lang='lat' dir='ltr'><strong>‘clam</strong></span> <span class='ocrx_word' id='word_1_289' title='bbox 1112 3233 1227 3306; x_wconf 92' lang='lat' dir='ltr'><strong>patrem</strong></span> <span class='ocrx_word' id='word_1_290' title='bbox 1237 3231 1255 3286; x_wconf 89' lang='lat'><strong>&#39;.</strong></span> <span class='ocrx_word' id='word_1_291' title='bbox 1300 3227 1331 3285; x_wconf 92' lang='lat' dir='ltr'><strong>in</strong></span> <span class='ocrx_word' id='word_1_292' title='bbox 1354 3224 1408 3285; x_wconf 89' lang='lat' dir='ltr'><strong>sub</strong></span> 
     </span>
     <span class='ocr_line' id='line_1_30' title="bbox 124 3324 1409 3405; baseline 0.002 -22"><span class='ocrx_word' id='word_1_293' title='bbox 124 3342 208 3405; x_wconf 88' lang='lat' dir='ltr'><strong>super</strong></span> <span class='ocrx_word' id='word_1_294' title='bbox 230 3332 261 3385; x_wconf 93' lang='lat' dir='ltr'><strong>et</strong></span> <span class='ocrx_word' id='word_1_295' title='bbox 281 3324 383 3385; x_wconf 87' lang='lat' dir='ltr'><strong>subter</strong></span> <span class='ocrx_word' id='word_1_296' title='bbox 406 3333 436 3385; x_wconf 90' lang='lat' dir='ltr'><strong>et</strong></span> <span class='ocrx_word' id='word_1_297' title='bbox 457 3328 637 3387; x_wconf 90' lang='lat' dir='ltr'><strong>accusativae</strong></span> <span class='ocrx_word' id='word_1_298' title='bbox 659 3335 727 3386; x_wconf 90' lang='lat' dir='ltr'><strong>snut</strong></span> <span class='ocrx_word' id='word_1_299' title='bbox 750 3336 779 3387; x_wconf 91' lang='lat' dir='ltr'><strong>et</strong></span> <span class='ocrx_word' id='word_1_300' title='bbox 800 3324 958 3395; x_wconf 90' lang='lat' dir='ltr'><strong>ablativae;</strong></span> <span class='ocrx_word' id='word_1_301' title='bbox 981 3326 1032 3388; x_wconf 90' lang='lat' dir='ltr'><strong>sed</strong></span> <span class='ocrx_word' id='word_1_302' title='bbox 1049 3326 1126 3405; x_wconf 88' lang='lat' dir='ltr'><strong>apud</strong></span> <span class='ocrx_word' id='word_1_303' title='bbox 1141 3329 1269 3387; x_wconf 90' lang='lat' dir='ltr'><strong>maiores</strong></span> <span class='ocrx_word' id='word_1_304' title='bbox 1292 3334 1409 3388; x_wconf 91' lang='lat' dir='ltr'><strong>nostros</strong></span> 
     </span>
     <span class='ocr_line' id='line_1_31' title="bbox 124 3424 1409 3507; baseline 0.004 -25"><span class='ocrx_word' id='word_1_305' title='bbox 124 3424 322 3486; x_wconf 81' lang='lat' dir='ltr'><strong>indifferenter</strong></span> <span class='ocrx_word' id='word_1_306' title='bbox 344 3426 545 3506; x_wconf 90' lang='lat' dir='ltr'><strong>ponebantur,</strong></span> <span class='ocrx_word' id='word_1_307' title='bbox 569 3427 598 3487; x_wconf 93' lang='lat' dir='ltr'><strong>id</strong></span> <span class='ocrx_word' id='word_1_308' title='bbox 623 3436 667 3487; x_wconf 90' lang='lat' dir='ltr'><strong>est</strong></span> <span class='ocrx_word' id='word_1_309' title='bbox 689 3426 767 3487; x_wconf 90' lang='lat' dir='ltr'><strong>nulla</strong></span> <span class='ocrx_word' id='word_1_310' title='bbox 790 3426 856 3507; x_wconf 79' lang='lat' dir='ltr'><strong>lege</strong></span> <span class='ocrx_word' id='word_1_311' title='bbox 878 3435 1001 3489; x_wconf 91' lang='lat' dir='ltr'><strong>servata.</strong></span> <span class='ocrx_word' id='word_1_312' title='bbox 1034 3447 1101 3487; x_wconf 91' lang='lat' dir='ltr'><strong>nam</strong></span> <span class='ocrx_word' id='word_1_313' title='bbox 1125 3436 1155 3488; x_wconf 92' lang='lat' dir='ltr'><strong>et</strong></span> <span class='ocrx_word' id='word_1_314' title='bbox 1174 3427 1313 3507; x_wconf 86' lang='lat' dir='ltr'><strong>Virgilius</strong></span> <span class='ocrx_word' id='word_1_315' title='bbox 1336 3428 1409 3488; x_wconf 90' lang='lat' dir='ltr'><strong>dixit</strong></span> 
     </span>
     <span class='ocr_line' id='line_1_32' title="bbox 126 3527 1447 3609; baseline 0.001 -24"><span class='ocrx_word' id='word_1_316' title='bbox 126 3529 339 3608; x_wconf 88' lang='lat' dir='ltr'><strong>‘rapuitque</strong></span> <span class='ocrx_word' id='word_1_317' title='bbox 371 3529 407 3588; x_wconf 89' lang='lat' dir='ltr'><strong>in</strong></span> <span class='ocrx_word' id='word_1_318' title='bbox 442 3529 573 3591; x_wconf 83' lang='lat' dir='ltr'><strong>fomite</strong></span> <span class='ocrx_word' id='word_1_319' title='bbox 610 3527 811 3590; x_wconf 88' lang='lat' dir='ltr'><strong>ilammam’</strong></span> <span class='ocrx_word' id='word_1_320' title='bbox 845 3548 900 3609; x_wconf 93' lang='lat' dir='ltr'><strong>pro</strong></span> <span class='ocrx_word' id='word_1_321' title='bbox 933 3532 981 3589; x_wconf 87' lang='lat' dir='ltr'><strong>‘in</strong></span> <span class='ocrx_word' id='word_1_322' title='bbox 1014 3528 1175 3602; x_wconf 78' lang='lat' dir='ltr'><strong>fomitem’,</strong></span> <span class='ocrx_word' id='word_1_323' title='bbox 1209 3538 1239 3590; x_wconf 93' lang='lat' dir='ltr'><strong>et</strong></span> <span class='ocrx_word' id='word_1_324' title='bbox 1270 3530 1447 3591; x_wconf 79' lang='lat' dir='ltr'><strong>horatiosn</strong></span> 
     </span>
     <span class='ocr_line' id='line_1_33' title="bbox 125 3626 228 3710; baseline 0.019 -2"><span class='ocrx_word' id='word_1_325' title='bbox 125 3626 228 3710; x_wconf 69' lang='lat' dir='ltr'><strong>[nam]</strong></span> 
     </span>
     <span class='ocr_line' id='line_1_34' title="bbox 274 3729 956 3814; baseline 0.003 -23"><span class='ocrx_word' id='word_1_326' title='bbox 274 3729 484 3793; x_wconf 88' lang='lat' dir='ltr'><strong>destrictus</strong></span> <span class='ocrx_word' id='word_1_327' title='bbox 506 3734 609 3794; x_wconf 88' lang='lat' dir='ltr'><strong>ensis</strong></span> <span class='ocrx_word' id='word_1_328' title='bbox 631 3733 689 3792; x_wconf 91' lang='lat' dir='ltr'><strong>cui</strong></span> <span class='ocrx_word' id='word_1_329' title='bbox 711 3751 823 3812; x_wconf 90' lang='lat' dir='ltr'><strong>super</strong></span> <span class='ocrx_word' id='word_1_330' title='bbox 844 3734 956 3814; x_wconf 89' lang='lat' dir='ltr'><strong>impia</strong></span> 
     </span>
     <span class='ocr_line' id='line_1_35' title="bbox 273 3833 584 3912; baseline 0.006 -20"><span class='ocrx_word' id='word_1_331' title='bbox 273 3834 422 3893; x_wconf 90' lang='lat' dir='ltr'><strong>cervice</strong></span> <span class='ocrx_word' id='word_1_332' title='bbox 444 3833 584 3912; x_wconf 92' lang='lat' dir='ltr'><strong>pendet</strong></span> 
     </span>
    </p>

    <p class='ocr_par' dir='ltr' id='par_1_3' title="bbox 121 3936 1449 4322">
     <span class='ocr_line' id='line_1_36' title="bbox 122 3936 1410 4019; baseline 0.004 -26"><span class='ocrx_word' id='word_1_333' title='bbox 122 3947 177 4009; x_wconf 92' lang='lat' dir='ltr'><strong>pro</strong></span> <span class='ocrx_word' id='word_1_334' title='bbox 206 3938 316 4013; x_wconf 87' lang='lat' dir='ltr'><strong>‘super</strong></span> <span class='ocrx_word' id='word_1_335' title='bbox 344 3937 515 4006; x_wconf 90' lang='lat' dir='ltr'><strong>cervicem&#39;,</strong></span> <span class='ocrx_word' id='word_1_336' title='bbox 545 3945 574 3997; x_wconf 91' lang='lat' dir='ltr'><strong>et</strong></span> <span class='ocrx_word' id='word_1_337' title='bbox 601 3937 704 3998; x_wconf 87' lang='lat' dir='ltr'><strong>Cicero</strong></span> <span class='ocrx_word' id='word_1_338' title='bbox 733 3937 780 3996; x_wconf 85' lang='lat' dir='ltr'><strong>‘si</strong></span> <span class='ocrx_word' id='word_1_339' title='bbox 807 3936 906 3997; x_wconf 86' lang='lat' dir='ltr'><strong>lorte</strong></span> <span class='ocrx_word' id='word_1_340' title='bbox 933 3939 971 3997; x_wconf 92' lang='lat' dir='ltr'><strong>in</strong></span> <span class='ocrx_word' id='word_1_341' title='bbox 994 3957 1035 3998; x_wconf 92' lang='lat' dir='ltr'><strong>eo</strong></span> <span class='ocrx_word' id='word_1_342' title='bbox 1057 3939 1261 4018; x_wconf 89' lang='lat' dir='ltr'><strong>quaeritis&#39;</strong></span> <span class='ocrx_word' id='word_1_343' title='bbox 1284 3956 1339 4019; x_wconf 93' lang='lat' dir='ltr'><strong>pro</strong></span> <span class='ocrx_word' id='word_1_344' title='bbox 1363 3940 1410 3998; x_wconf 84' lang='lat' dir='ltr'><strong>‘in</strong></span> 
     </span>
     <span class='ocr_line' id='line_1_37' title="bbox 127 4034 1449 4119; baseline 0 -25"><span class='ocrx_word' id='word_1_345' title='bbox 127 4040 223 4105; x_wconf 89' lang='lat' dir='ltr'><strong>eum&#39;,</strong></span> <span class='ocrx_word' id='word_1_346' title='bbox 248 4043 277 4095; x_wconf 92' lang='lat' dir='ltr'><strong>et</strong></span> <span class='ocrx_word' id='word_1_347' title='bbox 292 4034 405 4096; x_wconf 90' lang='lat' dir='ltr'><strong>similia.</strong></span> <span class='ocrx_word' id='word_1_348' title='bbox 438 4055 536 4098; x_wconf 89' lang='lat' dir='ltr'><strong>verum</strong></span> <span class='ocrx_word' id='word_1_349' title='bbox 561 4045 659 4099; x_wconf 90' lang='lat' dir='ltr'><strong>tamen</strong></span> <span class='ocrx_word' id='word_1_350' title='bbox 681 4045 760 4099; x_wconf 89' lang='lat' dir='ltr'><strong>aetas</strong></span> <span class='ocrx_word' id='word_1_351' title='bbox 781 4041 927 4118; x_wconf 91' lang='lat' dir='ltr'><strong>posterior</strong></span> <span class='ocrx_word' id='word_1_352' title='bbox 949 4058 1038 4119; x_wconf 89' lang='lat' dir='ltr'><strong>super</strong></span> <span class='ocrx_word' id='word_1_353' title='bbox 1060 4046 1090 4100; x_wconf 89' lang='lat' dir='ltr'><strong>et</strong></span> <span class='ocrx_word' id='word_1_354' title='bbox 1111 4038 1212 4100; x_wconf 88' lang='lat' dir='ltr'><strong>subter</strong></span> <span class='ocrx_word' id='word_1_355' title='bbox 1235 4043 1449 4100; x_wconf 81' lang='lat' dir='ltr'><strong>accusativasaa</strong></span> 
     </span>
     <span class='ocr_line' id='line_1_38' title="bbox 125 4135 1412 4219; baseline 0.005 -23"><span class='ocrx_word' id='word_1_356' title='bbox 125 4135 204 4197; x_wconf 83' lang='lat' dir='ltr'><strong>tecit.</strong></span> <span class='ocrx_word' id='word_1_357' title='bbox 250 4138 280 4196; x_wconf 93' lang='lat' dir='ltr'><strong>in</strong></span> <span class='ocrx_word' id='word_1_358' title='bbox 308 4155 378 4198; x_wconf 80' lang='lat' dir='ltr'><strong>vero</strong></span> <span class='ocrx_word' id='word_1_359' title='bbox 407 4146 437 4198; x_wconf 92' lang='lat' dir='ltr'><strong>et</strong></span> <span class='ocrx_word' id='word_1_360' title='bbox 463 4138 517 4199; x_wconf 88' lang='lat' dir='ltr'><strong>sub</strong></span> <span class='ocrx_word' id='word_1_361' title='bbox 540 4141 759 4219; x_wconf 81' lang='lat' dir='ltr'><strong>coniunguntur</strong></span> <span class='ocrx_word' id='word_1_362' title='bbox 781 4141 952 4200; x_wconf 90' lang='lat' dir='ltr'><strong>accusativis</strong></span> <span class='ocrx_word' id='word_1_363' title='bbox 974 4141 1104 4212; x_wconf 89' lang='lat' dir='ltr'><strong>casibus,</strong></span> <span class='ocrx_word' id='word_1_364' title='bbox 1134 4161 1200 4202; x_wconf 91' lang='lat' dir='ltr'><strong>cnm</strong></span> <span class='ocrx_word' id='word_1_365' title='bbox 1224 4143 1345 4202; x_wconf 89' lang='lat' dir='ltr'><strong>mutatio</strong></span> <span class='ocrx_word' id='word_1_366' title='bbox 1368 4151 1412 4202; x_wconf 90' lang='lat' dir='ltr'><strong>est</strong></span> 
     </span>
     <span class='ocr_line' id='line_1_39' title="bbox 121 4231 1411 4322; baseline 0.005 -26"><span class='ocrx_word' id='word_1_367' title='bbox 121 4231 197 4308; x_wconf 86' lang='lat' dir='ltr'><strong>loci,</strong></span> <span class='ocrx_word' id='word_1_368' title='bbox 220 4246 254 4299; x_wconf 91' lang='lat' dir='ltr'><strong>ut</strong></span> <span class='ocrx_word' id='word_1_369' title='bbox 276 4240 323 4299; x_wconf 86' lang='lat' dir='ltr'><strong>‘in</strong></span> <span class='ocrx_word' id='word_1_370' title='bbox 346 4238 443 4301; x_wconf 89' lang='lat' dir='ltr'><strong>lorum</strong></span> <span class='ocrx_word' id='word_1_371' title='bbox 466 4240 568 4310; x_wconf 89' lang='lat' dir='ltr'><strong>vado’;</strong></span> <span class='ocrx_word' id='word_1_372' title='bbox 592 4241 665 4303; x_wconf 75' lang='lat' dir='ltr'><strong>‘sub</strong></span> <span class='ocrx_word' id='word_1_373' title='bbox 687 4238 838 4302; x_wconf 90' lang='lat' dir='ltr'><strong>basilicam</strong></span> <span class='ocrx_word' id='word_1_374' title='bbox 860 4241 966 4312; x_wconf 89' lang='lat' dir='ltr'><strong>vado’;</strong></span> <span class='ocrx_word' id='word_1_375' title='bbox 997 4251 1066 4303; x_wconf 91' lang='lat' dir='ltr'><strong>tunc</strong></span> <span class='ocrx_word' id='word_1_376' title='bbox 1087 4245 1250 4322; x_wconf 85' lang='lat' dir='ltr'><strong>iunguntur</strong></span> <span class='ocrx_word' id='word_1_377' title='bbox 1272 4232 1411 4313; x_wconf 88' lang='lat' dir='ltr'><strong>ablativis,</strong></span> 
     </span>
    </p>
   </div>
   <div class='ocr_carea' id='block_1_3' title="bbox 122 4474 1414 4953">
    <p class='ocr_par' dir='ltr' id='par_1_4' title="bbox 122 4474 1414 4953">
     <span class='ocr_line' id='line_1_40' title="bbox 194 4474 1414 4543; baseline 0.001 -16"><span class='ocrx_word' id='word_1_378' title='bbox 194 4474 328 4541; x_wconf 78' lang='lat' dir='ltr'><strong>idecem]</strong></span> <span class='ocrx_word' id='word_1_379' title='bbox 351 4477 401 4530; x_wconf 73' lang='grc' dir='ltr'><strong>θέο.</strong></span> <span class='ocrx_word' id='word_1_380' title='bbox 418 4479 444 4527; x_wconf 82' lang='lat' dir='ltr'><strong>in</strong></span> <span class='ocrx_word' id='word_1_381' title='bbox 460 4480 538 4531; x_wconf 83' lang='lat' dir='ltr'><strong>Verr.</strong></span> <span class='ocrx_word' id='word_1_382' title='bbox 559 4485 609 4527; x_wconf 81' lang='lat' dir='ltr'><strong>aet.</strong></span> <span class='ocrx_word' id='word_1_383' title='bbox 628 4475 724 4540; x_wconf 67' lang='lat' dir='ltr'><strong>[aaa</strong></span> <span class='ocrx_word' id='word_1_384' title='bbox 795 4477 897 4543; x_wconf 87' lang='lat' dir='ltr'><strong>8apud</strong></span> <span class='ocrx_word' id='word_1_385' title='bbox 910 4477 1050 4543; x_wconf 86' lang='lat' dir='ltr'><strong>Maronem]</strong></span> <span class='ocrx_word' id='word_1_386' title='bbox 1071 4478 1135 4531; x_wconf 82' lang='lat' dir='ltr'><strong>Aeo.</strong></span> <span class='ocrx_word' id='word_1_387' title='bbox 1157 4481 1218 4532; x_wconf 79' lang='lat'><strong>124</strong></span> <span class='ocrx_word' id='word_1_388' title='bbox 1291 4480 1322 4531; x_wconf 82' lang='lat'><strong>1³</strong></span> <span class='ocrx_word' id='word_1_389' title='bbox 1341 4480 1414 4529; x_wconf 87' lang='lat' dir='ltr'><strong>Salu-</strong></span> 
     </span>
     <span class='ocr_line' id='line_1_41' title="bbox 122 4543 1413 4615; baseline 0.002 -21"><span class='ocrx_word' id='word_1_390' title='bbox 122 4543 200 4612; x_wconf 66' lang='lat' dir='ltr'><strong>stius]</strong></span> <span class='ocrx_word' id='word_1_391' title='bbox 217 4546 291 4600; x_wconf 82' lang='lat' dir='ltr'><strong>Catil.</strong></span> <span class='ocrx_word' id='word_1_392' title='bbox 311 4546 346 4597; x_wconf 81' lang='lat'><strong>30</strong></span> <span class='ocrx_word' id='word_1_393' title='bbox 398 4549 434 4596; x_wconf 91' lang='lat' dir='ltr'><strong>ire</strong></span> <span class='ocrx_word' id='word_1_394' title='bbox 451 4550 538 4613; x_wconf 89' lang='lat' dir='ltr'><strong>utique</strong></span> <span class='ocrx_word' id='word_1_395' title='bbox 556 4549 721 4611; x_wconf 88' lang='lat' dir='ltr'><strong>imperatores</strong></span> <span class='ocrx_word' id='word_1_396' title='bbox 739 4548 773 4598; x_wconf 89' lang='lat' dir='ltr'><strong>ad</strong></span> <span class='ocrx_word' id='word_1_397' title='bbox 791 4547 878 4597; x_wconf 88' lang='lat' dir='ltr'><strong>urbem</strong></span> <span class='ocrx_word' id='word_1_398' title='bbox 897 4557 968 4596; x_wconf 87' lang='lat' dir='ltr'><strong>eraut</strong></span> <span class='ocrx_word' id='word_1_399' title='bbox 984 4551 1083 4612; x_wconf 87' lang='lat' dir='ltr'><strong>utrique</strong></span> <span class='ocrx_word' id='word_1_400' title='bbox 1101 4550 1217 4615; x_wconf 87' lang='lat' dir='ltr'><strong>impediti</strong></span> <span class='ocrx_word' id='word_1_401' title='bbox 1231 4565 1247 4607; x_wconf 87' lang='grc' dir='ltr'><strong>ς</strong></span> <span class='ocrx_word' id='word_1_402' title='bbox 1263 4552 1299 4600; x_wconf 88' lang='lat' dir='ltr'><strong>ire</strong></span> <span class='ocrx_word' id='word_1_403' title='bbox 1313 4551 1413 4611; x_wconf 86' lang='lat' dir='ltr'><strong>utrique</strong></span> 
     </span>
     <span class='ocr_line' id='line_1_42' title="bbox 124 4611 1360 4685; baseline 0.002 -20"><span class='ocrx_word' id='word_1_404' title='bbox 124 4611 290 4682; x_wconf 80' lang='lat' dir='ltr'><strong>imperatores</strong></span> <span class='ocrx_word' id='word_1_405' title='bbox 308 4617 342 4666; x_wconf 88' lang='lat' dir='ltr'><strong>ad</strong></span> <span class='ocrx_word' id='word_1_406' title='bbox 360 4618 446 4667; x_wconf 93' lang='lat' dir='ltr'><strong>urbem</strong></span> <span class='ocrx_word' id='word_1_407' title='bbox 462 4629 533 4668; x_wconf 89' lang='lat' dir='ltr'><strong>erant</strong></span> <span class='ocrx_word' id='word_1_408' title='bbox 547 4619 634 4680; x_wconf 89' lang='lat' dir='ltr'><strong>utique</strong></span> <span class='ocrx_word' id='word_1_409' title='bbox 653 4618 768 4682; x_wconf 84' lang='lat' dir='ltr'><strong>impediti</strong></span> <span class='ocrx_word' id='word_1_410' title='bbox 784 4617 917 4668; x_wconf 76' lang='lat' dir='ltr'><strong>Patrobios</strong></span> <span class='ocrx_word' id='word_1_411' title='bbox 972 4618 1003 4668; x_wconf 81' lang='grc'><strong>18</strong></span> <span class='ocrx_word' id='word_1_412' title='bbox 1018 4618 1161 4685; x_wconf 77' lang='lat' dir='ltr'><strong>Vergilius]</strong></span> <span class='ocrx_word' id='word_1_413' title='bbox 1176 4620 1241 4673; x_wconf 79' lang='lat' dir='ltr'><strong>Aen.</strong></span> <span class='ocrx_word' id='word_1_414' title='bbox 1259 4620 1293 4668; x_wconf 86' lang='lat' dir='ltr'><strong>Xl</strong></span> <span class='ocrx_word' id='word_1_415' title='bbox 1310 4620 1360 4669; x_wconf 77' lang='lat'><strong>262</strong></span> 
     </span>
     <span class='ocr_line' id='line_1_43' title="bbox 123 4683 1414 4752; baseline 0.003 -18"><span class='ocrx_word' id='word_1_416' title='bbox 123 4683 161 4736; x_wconf 75' lang='lat'><strong>20</strong></span> <span class='ocrx_word' id='word_1_417' title='bbox 176 4683 316 4752; x_wconf 76' lang='lat' dir='ltr'><strong>Vergilius]</strong></span> <span class='ocrx_word' id='word_1_418' title='bbox 334 4688 399 4737; x_wconf 78' lang='lat' dir='ltr'><strong>Aea.</strong></span> <span class='ocrx_word' id='word_1_419' title='bbox 417 4689 490 4739; x_wconf 85' lang='lat'>1176</span> <span class='ocrx_word' id='word_1_420' title='bbox 559 4688 594 4738; x_wconf 82' lang='lat' dir='ltr'><strong>ab</strong></span> <span class='ocrx_word' id='word_1_421' title='bbox 610 4687 705 4736; x_wconf 85' lang='lat' dir='ltr'><strong>oratius</strong></span> <span class='ocrx_word' id='word_1_422' title='bbox 717 4689 760 4738; x_wconf 89' lang='lat' dir='ltr'><strong>P:</strong></span> <span class='ocrx_word' id='word_1_423' title='bbox 778 4704 855 4736; x_wconf 79' lang='lat' dir='ltr'><strong>cuma.</strong></span> <span class='ocrx_word' id='word_1_424' title='bbox 869 4689 901 4738; x_wconf 95' lang='grc'><strong>111</strong></span> <span class='ocrx_word' id='word_1_425' title='bbox 916 4688 939 4752; x_wconf 87' lang='grc'><strong>1,</strong></span> <span class='ocrx_word' id='word_1_426' title='bbox 960 4688 991 4738; x_wconf 87' lang='grc'><strong>17</strong></span> <span class='ocrx_word' id='word_1_427' title='bbox 1062 4688 1095 4738; x_wconf 78' lang='lat'><strong>32</strong></span> <span class='ocrx_word' id='word_1_428' title='bbox 1112 4690 1240 4739; x_wconf 86' lang='lat' dir='ltr'><strong>districtus</strong></span> <span class='ocrx_word' id='word_1_429' title='bbox 1259 4690 1328 4738; x_wconf 87' lang='lat' dir='ltr'><strong>ensis</strong></span> <span class='ocrx_word' id='word_1_430' title='bbox 1346 4689 1414 4751; x_wconf 90' lang='lat' dir='ltr'><strong>quod</strong></span> 
     </span>
     <span class='ocr_line' id='line_1_44' title="bbox 123 4754 1414 4823; baseline 0.005 -21"><span class='ocrx_word' id='word_1_431' title='bbox 123 4764 204 4820; x_wconf 69' lang='lat' dir='ltr'><strong>snper</strong></span> <span class='ocrx_word' id='word_1_432' title='bbox 221 4771 317 4822; x_wconf 79' lang='lat' dir='ltr'><strong>magno</strong></span> <span class='ocrx_word' id='word_1_433' title='bbox 334 4758 433 4808; x_wconf 83' lang='lat' dir='ltr'><strong>cornice</strong></span> <span class='ocrx_word' id='word_1_434' title='bbox 446 4759 539 4822; x_wconf 89' lang='lat' dir='ltr'><strong>pendet</strong></span> <span class='ocrx_word' id='word_1_435' title='bbox 557 4771 574 4812; x_wconf 89' lang='grc' dir='ltr'><strong><em>ς</em></strong></span> <span class='ocrx_word' id='word_1_436' title='bbox 660 4754 693 4807; x_wconf 84' lang='grc'><strong>34</strong></span> <span class='ocrx_word' id='word_1_437' title='bbox 713 4758 798 4808; x_wconf 83' lang='lat' dir='ltr'><strong>Cicero</strong></span> <span class='ocrx_word' id='word_1_438' title='bbox 815 4758 894 4809; x_wconf 83' lang='lat' dir='ltr'><strong>tortos</strong></span> <span class='ocrx_word' id='word_1_439' title='bbox 912 4758 937 4806; x_wconf 93' lang='lat' dir='ltr'><strong>in</strong></span> <span class='ocrx_word' id='word_1_440' title='bbox 962 4773 992 4807; x_wconf 92' lang='lat' dir='ltr'><strong>eo</strong></span> <span class='ocrx_word' id='word_1_441' title='bbox 1011 4760 1111 4823; x_wconf 85' lang='lat' dir='ltr'><strong>quiritis</strong></span> <span class='ocrx_word' id='word_1_442' title='bbox 1125 4773 1157 4815; x_wconf 74' lang='lat'><strong>5:</strong></span> <span class='ocrx_word' id='word_1_443' title='bbox 1175 4761 1197 4809; x_wconf 86' lang='lat' dir='ltr'><strong>si</strong></span> <span class='ocrx_word' id='word_1_444' title='bbox 1216 4759 1293 4810; x_wconf 87' lang='lat' dir='ltr'><strong>lortes</strong></span> <span class='ocrx_word' id='word_1_445' title='bbox 1313 4758 1414 4808; x_wconf 76' lang='lat' dir='ltr'><strong>fueritis</strong></span> 
     </span>
     <span class='ocr_line' id='line_1_45' title="bbox 128 4821 1414 4946; baseline 0.008 -76"><span class='ocrx_word' id='word_1_446' title='bbox 128 4821 155 4874; x_wconf 88' lang='lat' dir='ltr'><strong>in</strong></span> <span class='ocrx_word' id='word_1_447' title='bbox 168 4841 198 4876; x_wconf 87' lang='lat' dir='ltr'><strong>eo</strong></span> <span class='ocrx_word' id='word_1_448' title='bbox 217 4825 283 4946; x_wconf 64' lang='lat' dir='ltr'><strong>(Orio.</strong></span> <span class='ocrx_word' id='word_1_449' title='bbox 300 4829 326 4876; x_wconf 81' lang='lat' dir='ltr'><strong>to</strong></span> <span class='ocrx_word' id='word_1_450' title='bbox 347 4829 425 4878; x_wconf 73' lang='lat' dir='ltr'><strong>Vm.</strong></span> <span class='ocrx_word' id='word_1_451' title='bbox 442 4836 491 4881; x_wconf 83' lang='lat' dir='ltr'><strong>oct.</strong></span> <span class='ocrx_word' id='word_1_452' title='bbox 511 4843 563 4880; x_wconf 82' lang='lat' dir='ltr'><strong>aec.</strong></span> <span class='ocrx_word' id='word_1_453' title='bbox 584 4827 593 4875; x_wconf 98' lang='grc'><strong>1</strong></span> <span class='ocrx_word' id='word_1_454' title='bbox 612 4826 637 4890; x_wconf 88' lang='grc'><strong>1,</strong></span> <span class='ocrx_word' id='word_1_455' title='bbox 653 4824 681 4890; x_wconf 84' lang='grc'><strong>3)</strong></span> <span class='ocrx_word' id='word_1_456' title='bbox 696 4828 830 4892; x_wconf 68' lang='lat' dir='ltr'><strong>Pompeios</strong></span> <span class='ocrx_word' id='word_1_457' title='bbox 840 4843 867 4892; x_wconf 91' lang='lat' dir='ltr'><strong>p.</strong></span> <span class='ocrx_word' id='word_1_458' title='bbox 881 4827 930 4879; x_wconf 82' lang='lat'><strong>401</strong></span> <span class='ocrx_word' id='word_1_459' title='bbox 948 4836 973 4879; x_wconf 86' lang='lat' dir='ltr'><strong>et</strong></span> <span class='ocrx_word' id='word_1_460' title='bbox 990 4832 1092 4880; x_wconf 62' lang='lat' dir='ltr'><strong>,Seruius</strong></span> <span class='ocrx_word' id='word_1_461' title='bbox 1108 4833 1133 4880; x_wconf 83' lang='lat' dir='ltr'><strong>in</strong></span> <span class='ocrx_word' id='word_1_462' title='bbox 1154 4832 1233 4895; x_wconf 79' lang='lat' dir='ltr'><strong>Ver-p.</strong></span> <span class='ocrx_word' id='word_1_463' title='bbox 1253 4829 1317 4879; x_wconf 77' lang='lat' dir='ltr'><strong>Aen.</strong></span> <span class='ocrx_word' id='word_1_464' title='bbox 1334 4830 1344 4877; x_wconf 98' lang='grc'><strong>1</strong></span> <span class='ocrx_word' id='word_1_465' title='bbox 1363 4829 1414 4881; x_wconf 82' lang='grc'><strong>176</strong></span> 
     </span>
     <span class='ocr_line' id='line_1_46' title="bbox 195 4896 462 4953; baseline 0.004 -9"><span class='ocrx_word' id='word_1_466' title='bbox 195 4896 232 4949; x_wconf 77' lang='grc'><strong>36</strong></span> <span class='ocrx_word' id='word_1_467' title='bbox 256 4896 306 4946; x_wconf 87' lang='lat' dir='ltr'><strong>ecit</strong></span> <span class='ocrx_word' id='word_1_468' title='bbox 325 4909 341 4953; x_wconf 83' lang='grc' dir='ltr'>ς</span> <span class='ocrx_word' id='word_1_469' title='bbox 359 4896 419 4948; x_wconf 85' lang='lat' dir='ltr'><strong>lauit</strong></span> <span class='ocrx_word' id='word_1_470' title='bbox 437 4896 462 4945; x_wconf 89' lang='lat' dir='ltr'><em>P</em></span> 
     </span>
    </p>
   </div>
   <div class='ocr_carea' id='block_1_4' title="bbox 1151 4984 1214 5051">
    <p class='ocr_par' dir='ltr' id='par_1_5' title="bbox 1151 4984 1214 5051">
     <span class='ocr_line' id='line_1_47' title="bbox 1151 4984 1214 5051; baseline 0.048 -3"><span class='ocrx_word' id='word_1_471' title='bbox 1151 4984 1214 5051; x_wconf 79' lang='lat'><strong>27*</strong></span> 
     </span>
    </p>
   </div>
   <div class='ocr_carea' id='block_1_5' title="bbox 0 0 1691 5506">
    <p class='ocr_par' dir='ltr' id='par_1_6' title="bbox 0 0 1691 5506">
     <span class='ocr_line' id='line_1_48' title="bbox 0 0 1691 5506; baseline 0 0"><span class='ocrx_word' id='word_1_472' title='bbox 0 0 1691 5506; x_wconf 95' lang='lat' dir='ltr'><strong> </strong></span> 
     </span>
    </p>
   </div>
  </div>
 </body>
</html>
