3314 5506
635 380 843 442 currictico
864 381 876 442 1
897 383 1022 443 13-45
1340 405 1342 408 ·
1431 383 1470 444 23

227 515 249 553 ρ.
265 499 372 540 ires-ca
387 500 412 540 r.
1267 512 1290 551 ρ.
1305 498 1383 540 ucis
1396 499 1420 541 c.

182 575 288 650 primae
310 569 314 652 Ι
336 578 427 632 eruut
448 568 660 637 declinationis
683 567 771 647 Hylas
791 567 891 649 Hylae,
915 569 1014 648 Asylas
1036 568 1147 650 tsytae,
1171 570 1304 650 Amyclas
1326 569 1471 651 Amyclae,

180 691 285 737 nonen
306 673 418 734 lectum
442 674 472 732 in
487 668 502 754 ΙΙ
516 671 635 732 Lucano
1105 752 1111 760 ¹

737 771 838 832 molli
861 774 1063 851 consurgit
1081 772 1261 854 Amyclas,

331 895 439 957 quem
461 873 573 937 dabat
593 873 681 943 alta,
704 881 797 934 toro.

178 977 431 1048 silhabueriut‚
466 980 569 1038 tertiae
601 983 689 1037 eruut
720 974 930 1038 declinationis.
976 995 1043 1048 uam
1073 984 1123 1037 eut
1148 977 1193 1037 dis
1220 985 1270 1038 aut
1297 980 1334 1038 tis
1362 980 1510 1057 iaciuuts

178 1084 329 1160 genetivo,
357 1088 391 1142 ut
417 1079 513 1141 Pallas
538 1078 664 1140 Palladis
691 1076 735 1161 rel
759 1076 906 1139 Pallantis.
951 1079 1068 1159 quidam
1096 1086 1199 1156 putant
1223 1087 1294 1140 tnnc
1323 1089 1335 1140 t
1362 1079 1471 1141 debere

178 1185 241 1259 dic-i,
263 1181 415 1250 Pallantis,
438 1182 681 1242 siwuominativus
703 1164 728 1239 ιι
743 1177 896 1248 habuerim
919 1186 989 1240 tunc
1012 1179 1146 1249 Palladis,
1169 1181 1194 1240 si
1217 1199 1276 1241 non
1295 1181 1431 1244 habuerit
1452 1202 1471 1242 n

178 1286 392 1353 nominativum
422 1284 475 1344 sed
505 1291 615 1344 errant.
662 1301 727 1342 nam
756 1279 870 1342 nullum
898 1280 934 1342 de
961 1282 1007 1343 iris
1034 1281 1203 1342 nominibus
1228 1301 1247 1342 n
1276 1281 1374 1344 habet.
1418 1285 1470 1346 sed

178 1387 344 1449 differenda
362 1386 488 1463 genetivi
511 1384 548 1445 ab
571 1390 695 1445 accentu
715 1384 885 1443 nominativi
905 1386 1107 1462 cognoscitur:
1128 1383 1224 1445 Pallas
1244 1387 1274 1446 in
1290 1384 1337 1463 pal
1360 1384 1471 1447 habens

177 1497 298 1551 acutum
317 1486 458 1548 Pallantis
480 1488 556 1557 iacit,
575 1484 670 1546 Pallas
690 1486 720 1544 in
741 1484 784 1545 ias
805 1484 918 1546 habens
934 1493 1052 1547 acutum
1070 1485 1195 1547 Palladis
1218 1488 1294 1547 lacit.
1328 1489 1470 1566 excipitur
1486 1511 1510 1551 u
1612 1486 1614 1490 ⁸

179 1610 279 1661 nuum,
303 1589 384 1670 quod
405 1589 538 1668 quamvis
559 1591 571 1647 ι
592 1584 699 1647 lrabeat
720 1596 787 1647 anto
811 1586 853 1648 las
876 1589 905 1646 in
927 1588 1113 1656 nominativo,
1135 1595 1233 1649 tamen
1257 1590 1391 1667 genetivo
1414 1608 1469 1650 nec

177 1697 212 1755 tis
231 1694 304 1754 iacit
325 1710 382 1752 nec
405 1691 457 1759 dis,
480 1689 531 1751 sed
554 1688 599 1750 lae
622 1690 735 1750 ratione
757 1690 869 1768 primae
891 1688 1101 1759 declinationis
1125 1708 1184 1750 non
1205 1692 1318 1759 tertiae,
1340 1690 1470 1753 Achillas

178 1795 262 1857 duim
283 1790 431 1861 dcldllae,
452 1808 561 1851 nomeu
589 1789 697 1851 lectum
722 1792 752 1851 iu
771 1791 898 1852 Lucano.
943 1791 986 1852 les
1013 1801 1150 1871 correpta
1170 1792 1270 1854 Latina
1294 1793 1330 1852 tis
1360 1793 1471 1854 iaciunt

178 1899 329 1977 genetivo,
352 1892 436 1955 miles
458 1892 571 1961 mittis,
596 1911 612 1952 e
634 1893 663 1953 in
686 1894 695 1952 i
719 1900 838 1955 mutata.
884 1894 1028 1972 excipitur
1048 1912 1154 1963 ιιιιιιιιι,
1183 1895 1263 1974 quod
1285 1895 1315 1954 in
1336 1897 1469 1972 genetivo

180 2021 195 2061 e
214 1998 365 2079 producit,
383 1993 515 2074 locuples
534 1992 696 2073 locupletis.
733 1995 875 2074 producta
893 1995 995 2056 Latina
1015 1995 1050 2056 lis
1070 1996 1188 2067 iacicrnt,
1211 1996 1353 2058 Hercules
1372 1997 1469 2058 teuit·
1485 2021 1508 2060 rs

179 2102 228 2171 lea,
250 2097 393 2164 llerculis
405 2097 535 2159 tenutis.
568 2115 658 2158 uuum
681 2095 739 2174 legi
760 2096 804 2158 ies
826 2098 1015 2158 terminatum
1037 2100 1152 2176 generis
1173 2100 1269 2160 neutri
1291 2100 1353 2160 siue
1373 2098 1470 2179 aliqua

179 2206 292 2266 ratione
318 2200 535 2268 declinationis,
563 2198 671 2268 Cales,
688 2217 797 2260 nomen
824 2198 933 2277 oppidi.
978 2202 1090 2261 Graeca
1119 2199 1163 2260 les
1188 2203 1344 2262 terminata
1372 2203 1470 2262 omnia

181 2306 386 2385 producuntur
407 2310 437 2363 et
458 2310 508 2362 aut
529 2301 565 2362 iis
587 2302 852 2379 iaciunt'genetivo
876 2299 920 2363 cel
942 2301 992 2372 tis,
1024 2308 1057 2362 ut
1076 2300 1184 2363 'thales
1205 2301 1304 2364 Thetis
1328 2301 1371 2364 cel
1393 2303 1473 2364 tha·
1500 2309 1503 2314 “

180 2407 251 2477 letis,
273 2403 411 2468 Eteocles
431 2404 567 2465 Eteoclis.
598 2420 670 2480 ergo
693 2404 790 2464 omnia
811 2405 914 2464 tertiae
929 2411 997 2465 sunt
1019 2403 1228 2465 declinationis.
1258 2402 1295 2465 lis
1315 2407 1470 2466 terminata

181 2512 276 2572 emnia
298 2509 405 2569 tertiae
426 2513 495 2568 sunt
513 2505 723 2572 declinationis,
756 2523 833 2567 nam
856 2504 891 2565 iis
915 2507 1073 2566 terminant
1097 2509 1278 2584 genetivum,
1307 2506 1356 2566 nic
1377 2506 1470 2567 facilis
1483 2528 1509 2568 eo

181 2613 264 2674 huius
287 2609 399 2679 facilis,
427 2608 475 2669 hic
495 2606 590 2686 mollis
619 2608 706 2669 huius
727 2605 831 2668 mollis.
876 2609 1019 2687 excipitur
1045 2610 1080 2669 tis
1105 2610 1213 2669 iaciens
1235 2610 1370 2685 genetivo
1397 2608 1469 2670 haec

181 2715 213 2776 lis
239 2715 332 2775 umus
352 2711 421 2772 litis.
465 2712 576 2773 Graeca
602 2710 637 2771 lis
665 2700 819 2771 terminata
838 2716 888 2770 aut
915 2709 950 2770 lis
978 2712 1086 2770 facient
1117 2711 1253 2787 genetivo
1281 2718 1333 2771 aut
1353 2711 1408 2781 dis,
1439 2719 1471 2772 ut

182 2814 307 2878 llamalis
335 2813 424 2874 huius
444 2810 570 2874 damalis
596 2812 639 2873 cel
660 2811 833 2880 llamalidis,
862 2830 970 2872 nomen
997 2815 1160 2873 irreretricis
1180 2813 1370 2891 linratianae.
1414 2813 1471 2873 troc

183 2927 276 2980 tamen
299 2917 379 2977 scire
401 2914 560 2984 debemus,
584 2913 662 2996 quod
685 2915 784 2974 omnia
807 2915 925 2974 nomina
947 2913 1048 2975 Latina
1070 2913 1106 2974 lis
1128 2916 1282 2976 terminata
1305 2916 1471 2975 communia

182 3030 245 3084 suut
266 3036 414 3099 generum
431 3016 568 3086 duorum,
587 3024 619 3076 ut
633 3015 682 3076 luc
699 3023 729 3076 et
743 3016 815 3076 lraec
832 3015 924 3077 facilis
943 3015 1069 3077 difficilis
1086 3015 1198 3077 mollis:
1219 3018 1363 3095 excipitur
1378 3035 1470 3078 uuum
1484 3039 1510 3078 cs

183 3123 228 3185 lis:
258 3123 308 3184 iric
332 3127 363 3181 ct
383 3119 457 3180 haec
479 3117 612 3196 gracilis,
640 3118 689 3178 hic
711 3124 740 3178 et
762 3117 834 3178 haec
862 3117 1023 3179 imbecillis.
1069 3117 1119 3179 sed
1142 3118 1296 3180 Terentius
1318 3137 1393 3181 nove
1415 3119 1475 3178 ‘nt

182 3225 350 3305 gracilae
367 3223 490 3289 sient’,
514 3221 691 3281 nominativo
711 3218 852 3297 singulari
872 3220 945 3280 liaeo
967 3220 1085 3299 gracile,
1107 3220 1181 3281 haec
1203 3219 1358 3282 imbecilla.
1403 3239 1472 3281 uam

182 3330 239 3389 sia
264 3325 445 3388 nominativo
465 3322 500 3384 lis
521 3324 678 3384 terminato
705 3323 850 3400 posuisset
876 3324 1086 3382 nominativum
1116 3320 1274 3401 pluralem,
1302 3321 1345 3383 les
1370 3324 1471 3383 termi-

183 3430 277 3501 nabat,
296 3425 432 3507 graciles.
471 3423 528 3486 tale
550 3431 594 3486 est
614 3422 822 3484 Sallustianum
846 3422 1052 3484 ‘imbecilla
1071 3425 1206 3495 aetas&
1228 3442 1288 3484 nou
1310 3422 1471 3485 imbecillis.

182 3527 263 3615 ineu
279 3539 380 3591 tamen
398 3528 474 3588 scire
493 3527 644 3595 debemus,
667 3526 746 3607 quod
768 3525 803 3587 lis
825 3526 979 3586 terminata
995 3524 1095 3584 Latina
1109 3526 1277 3586 communia
1297 3533 1366 3587 suut
1381 3526 1471 3586 duurn
1485 3545 1511 3585 ao

182 3650 333 3710 generum,
355 3639 492 3691 neudum
513 3630 647 3690 facientia
667 3648 683 3689 e
702 3634 849 3706 correpto.
868 3632 990 3704 excepto
1008 3626 1043 3686 lis
1059 3626 1125 3688 litis.
1154 3627 1199 3687 ios
1218 3627 1362 3705 producta
1382 3646 1472 3689 ιιιιιιιιι

183 3754 287 3799 nomen
312 3733 431 3812 repperi
453 3733 641 3793 terminatum
662 3739 692 3792 et
711 3737 848 3808 correpta
873 3748 965 3790 unum
987 3729 1065 3808 apud
1088 3729 1238 3790 Lucanum
1262 3729 1378 3799 lectum,
1401 3729 1472 3790 haec

183 3838 281 3900 llallos
303 3836 391 3896 noim
414 3832 509 3901 llalli,
531 3834 677 3894 secundae
699 3831 913 3900 declinationis,
935 3849 1042 3892 nomen
1066 3832 1197 3894 civitatis.
1242 3851 1309 3893 nam
1330 3833 1473 3910 producta

183 3939 259 4000 colos
289 3935 401 3999 coloris
429 3933 598 4005 Sallustius,
628 3937 765 4012 ‘igitur
796 3931 902 3992 colos
929 3936 1145 4012 exanguis’;
1178 3934 1231 3995 sed
1259 3934 1363 3995 meiius
1392 3932 1474 3995 color

183 4042 295 4101 dicitur.
326 4037 374 4099 lus
389 4038 543 4097 terminata
561 4039 658 4097 omnia
674 4035 820 4096 secundae
839 4042 908 4095 suut
922 4034 1134 4106 declinationis,
1150 4035 1169 4096 ii
1184 4037 1292 4097 facient
1309 4037 1452 4114 genetivo,
1468 4031 1473 4118 Ι
1487 4055 1512 4096 ³⁵

184 4142 272 4205 malus
293 4138 375 4210 mali,
397 4138 525 4218 populus
545 4137 655 4217 popuii,
678 4136 821 4200 Romulus
843 4137 976 4207 Romuli,
1001 4138 1130 4225 exceptis
1150 4139 1276 4209 neutris,
1297 4138 1476 4218 quaesunt

264 4383 277 4433 l
310 4376 395 4431 acilas
412 4374 493 4426 asiiae
514 4379 711 4440 cuperecriptum
728 4384 767 4428 est
788 4377 813 4424 iu
831 4375 856 4424 B
943 4378 959 4426 2
987 4376 1011 4424 in
1030 4374 1141 4441 Lucano]
1171 4376 1292 4427 Plorsut.
1317 4376 1406 4428 11520

182 4453 271 4519 tolga
289 4464 308 4508 ς
329 4448 391 4499 elce
404 4448 509 4498 coniecit
523 4446 710 4497 Lindencunoue
795 4446 812 4495 5
836 4447 858 4496 si
879 4445 886 4493 t
906 4443 1076 4501 habuerintc
1104 4447 1127 4496 si
1146 4446 1165 4496 11
1182 4445 1313 4496 habuerint
1333 4446 1358 4495 B
1444 4447 1473 4498 11

182 4523 294 4585 qmmuis
312 4520 412 4571 habeat
438 4517 464 4567 B
551 4517 584 4567 12
609 4516 650 4567 dia
670 4517 714 4567 illa
729 4515 828 4565 ratione
848 4531 916 4566 corr.
937 4516 978 4565 dis
1001 4514 1047 4564 sed
1066 4516 1124 4566 illae
1144 4519 1240 4567 ratione
1259 4516 1285 4566 B
1369 4514 1476 4566 achillas

182 4591 251 4644 huius
265 4590 382 4643 achillae
399 4601 470 4636 eurr.
490 4585 588 4637 achilee
606 4585 682 4637 huius
699 4585 798 4637 achilae
813 4584 839 4635 B
899 4584 930 4635 15
950 4586 1073 4651 producte
1092 4586 1169 4636 letina
1188 4586 1234 4647 ies,
1255 4585 1348 4652 proles,
1364 4586 1474 4649 soboles,

181 4663 208 4712 lis
223 4663 322 4715 iaciunt
340 4657 500 4727 genitiuum.
519 4672 611 4723 graece
630 4657 677 4719 ies,
693 4656 725 4708 lis
744 4656 841 4706 leciunt
858 4655 1009 4721 genitinnm,
1027 4655 1148 4707 Hercules
1168 4655 1299 4707 Putecdius
1374 4653 1408 4706 23
1428 4655 1476 4704 llo-

182 4732 298 4800 ratinnac]
319 4745 407 4782 cam.
429 4725 491 4777 136
575 4727 610 4779 211
633 4723 777 4792 Terentius]
802 4724 914 4775 Eunuch-
935 4723 1002 4788 113,
1021 4723 1055 4777 23
1142 4728 1174 4777 27
1199 4727 1385 4793 gracilesieriut
1406 4742 1474 4777 corr.

180 4805 268 4870 gracile
285 4805 358 4856 sient
375 4796 407 4850 B
428 4795 539 4863 graciles
557 4798 653 4854 sieotc
723 4792 965 4860 ‘illsatlustinunml
983 4793 1093 4845 uacu3
1162 4797 1196 4851 32
1214 4807 1356 4861 correptum
1374 4796 1401 4848 B
1504 4834 1507 4841 .

180 4878 241 4942 opud
260 4863 417 4932 Lucanum]
439 4864 560 4918 Priami.
583 4867 686 4918 111227
756 4865 789 4918 34
808 4860 956 4930 Sallustius]
978 4865 1051 4916 Cotti.
1073 4866 1104 4918 15
