3314 5506
192 390 198 401 '
223 384 281 450 128
434 382 437 391 ’
808 383 921 446 unum

272 517 293 556 ρ.
307 503 353 544 rm
363 503 390 543 aa
405 501 431 544 n.
1296 508 1319 550 ρ.
1330 496 1409 542 soma
1422 496 1445 539 v.

372 573 437 633 hos
459 590 524 650 ego
546 571 763 649 digrediens
784 570 953 632 lacrimis
975 568 1129 632 adlabar
1151 567 1313 631 obortis:

221 677 291 737 item
313 675 389 736 idem
408 671 551 752 Vergilius

373 783 550 856 quattuor
572 772 614 837 ab
632 773 795 835 stabulis
815 775 1025 854 praestanti
1042 786 1206 853 'corpore
1226 782 1357 835 tauros

374 879 531 946 avertit,
554 875 711 937 totidem
734 878 853 937 torma
876 884 1082 955 superante
1103 877 1294 945 iuvencam

197 1008 210 1048 c
374 988 486 1060 atque
503 979 585 1051 hos,
609 996 729 1058 nequa
753 978 878 1063 ioreut
900 977 1057 1056 pedibus
1077 979 1237 1056 vestigia
1258 978 1388 1042 rectia.

374 1081 487 1142 cauda
506 1084 541 1141 in
563 1079 783 1159 speluncam
805 1087 946 1140 tractos
970 1098 1058 1141 saxo
1081 1076 1302 1140 occultabat
1323 1096 1446 1158 opaco.

223 1201 302 1244 nnnc
323 1186 462 1262 quoniam
484 1182 604 1260 longum
628 1190 671 1243 est
698 1188 726 1242 et
746 1182 800 1242 alia
824 1181 955 1260 exempla
979 1183 1129 1259 prolerre,
1159 1191 1189 1242 et
1207 1181 1290 1251 ideo,
1317 1189 1351 1243 ut
1371 1181 1493 1248 1111111111

222 1282 280 1345 hoc
304 1284 452 1347 observari
476 1303 646 1353 monemus,
674 1293 720 1350 ut,
748 1286 790 1344 sic
813 1285 855 1345 uti
883 1302 971 1362 supra
1001 1284 1169 1352 docuimus,
1198 1283 1284 1363 quod¹
1306 1300 1495 1363 quaesitamque

223 1389 342 1447 nomina
363 1388 480 1466 generis
502 1386 636 1449 feminini
663 1403 731 1447 cum
754 1384 922 1446 nominibus
945 1387 1061 1462 generis
1082 1384 1235 1447 masculini
1263 1386 1420 1447 coniuncta
1444 1402 1497 1449 aue

184 1508 209 1549 m
224 1491 421 1568 reperiuntur,
441 1489 515 1549 llaec
536 1488 590 1548 snb
609 1506 682 1549 sono
704 1487 856 1549 masculini
878 1489 994 1566 generis
1013 1505 1153 1549 resonare
1172 1488 1414 1566 pronuntientur.

303 1589 476 1662 Quaeritur,
511 1609 603 1671 quare
620 1591 748 1651 monitor
770 1591 909 1651 monitrix
942 1597 971 1651 et
999 1591 1116 1666 genitor
1139 1589 1286 1668 genetrix,
1319 1590 1391 1651 item
1416 1591 1498 1651 victor

188 1666 194 1686 ⁸
219 1693 319 1752 victrix
342 1702 371 1754 et
393 1689 527 1775 orrltritor
551 1695 657 1762 nutrix,
682 1692 738 1753 hoc
758 1701 802 1754 est
824 1710 880 1771 qua
902 1691 939 1752 dc
955 1710 1042 1753 causa
1065 1693 1193 1752 monitor
1215 1698 1246 1752 et
1265 1693 1407 1753 monitrix
1427 1692 1499 1771 peri

121 1791 128 1805 '
218 1792 345 1883 litteram
367 1793 551 1864 scribuntur,
580 1802 689 1876 etqua
711 1794 748 1854 do
769 1812 855 1855 causa
879 1795 994 1873 genitor
1016 1811 1069 1872 per
1089 1795 1099 1853 1
1120 1801 1150 1854 et
1167 1795 1301 1870 genetrix
1320 1812 1376 1873 per
1398 1793 1499 1855 elitte·

219 1915 282 1957 ram
305 1895 459 1965 scribitnr;
481 1898 550 1958 item
570 1916 627 1977 qua
650 1897 687 1957 de
711 1915 796 1957 carisa
817 1899 910 1956 victor
931 1903 960 1956 et
978 1898 1080 1956 victrix
1100 1897 1163 1974 pari
1186 1913 1313 1956 numero
1325 1894 1499 1974 syllabamm

183 2018 205 2058 11
219 1997 390 2060 scribuntur
410 2007 439 2060 et
461 2001 589 2059 nutritor
611 2017 627 2059 1
650 1999 765 2059 nutrice
787 2015 841 2076 per
855 1997 995 2077 syllabam
1011 1999 1104 2059 maior
1122 2015 1186 2058 esse
1207 1998 1388 2076 reperiatur.
1418 2014 1500 2078 quare

218 2102 276 2162 hoc
295 2119 459 2170 monemus,
483 2102 562 2180 quod
584 2100 642 2161 lroc
663 2101 693 2160 in
716 2101 797 2160 sonis
816 2107 1009 2179 conpetenter
1031 2106 1159 2161 tractare
1181 2095 1385 2182 debeamusss
1434 2095 1437 2101 ’

303 2202 477 2275 Quaeritur,
508 2220 600 2283 quare
623 2201 766 2280 Vergilius
793 2201 830 2262 de
859 2201 971 2263 lunone
998 2201 1152 2263 ‘auctor
1173 2214 1240 2278 cgo
1268 2201 1447 2263 audendi’
1477 2209 1502 2262 et

219 2322 278 2364 non
299 2306 411 2365 auctrix
441 2305 647 2381 pronuntiarit.
691 2303 747 2364 hnc
772 2305 808 2365 de
831 2321 932 2373 causa,
961 2306 1099 2382 quoniam
1122 2320 1327 2382 quaecumque
1351 2306 1501 2365 nominor

219 2405 315 2466 verbis
337 2404 480 2467 anomalis
501 2406 601 2466 venire
623 2405 842 2483 intelleguntur,
867 2406 939 2466 haec
957 2414 1009 2466 aut
1030 2406 1177 2473 deliciunt,
1200 2413 1251 2465 aot
1271 2412 1354 2467 certe
1375 2405 1501 2467 anomale

180 2524 207 2565 aa
219 2509 458 2588 pronuntiantur.
488 2525 568 2568 nunc
586 2526 653 2568 eum
677 2517 706 2569 et
728 2509 785 2569 lroc
804 2525 912 2569 nornen
934 2526 950 2567 a
970 2506 1059 2568 aerbo
1081 2505 1216 2568 anomala
1239 2508 1312 2567 oriri
1333 2510 1500 2588 reperiatur,

219 2609 249 2669 id
271 2618 315 2670 est
337 2609 373 2670 ab
394 2610 487 2671 audeo
516 2609 595 2687 (lacit
617 2612 694 2670 enim
720 2611 819 2688 specie
842 2610 972 2688 perlecta
988 2596 1085 2671 'ausus
1107 2608 1199 2690 suna),
1229 2617 1259 2671 et
1281 2608 1348 2671 ideo
1377 2611 1435 2672 boc
1455 2628 1501 2671 oo·

219 2730 287 2772 meu
306 2712 437 2772 leminini
459 2713 576 2788 generis
597 2711 765 2773 anonialum
787 2712 885 2772 lacere
907 2713 1125 2789 pronuntiatur.

116 2802 120 2807 ’
303 2811 475 2883 Quaeritur,
505 2815 619 2890 quiade
642 2833 727 2874 causa
751 2812 894 2890 Vergilius
922 2812 1047 2873 calces
1075 2813 1214 2875 feminino
1237 2832 1355 2893 genere
1378 2832 1501 2894 pronun·

219 2916 304 2976 tiarit.
350 2914 405 2975 lrac
434 2916 471 2976 de
500 2935 601 2984 caiisa,
638 2917 776 2994 quoniam
807 2932 1011 2995 quaecumque
1042 2917 1159 2976 nomina
1192 2915 1324 2977 Romana
1359 2917 1502 2979 dumtaxat

181 3033 207 3074 aa
222 3016 387 3079 inanimalia
422 3019 599 3078 nominativo
632 3037 700 3079 casn
735 3004 851 3078 numeri
884 3016 1040 3094 singularis
1075 3036 1093 3077 x
1126 3016 1222 3079 littera
1254 3020 1452 3081 terminantur
1479 3027 1501 3079 et

219 3119 419 3199 monosyllaba
441 3137 505 3179 esse
529 3122 726 3198 reperiuntur,
752 3120 824 3180 baec
846 3120 977 3181 seminini
1001 3121 1118 3198 generis
1141 3137 1205 3180 esse
1225 3123 1465 3199 pronuntiantur.

304 3220 470 3292 Quaeritur,
495 3222 531 3282 ab
556 3223 692 3303 eoquod
715 3224 786 3284 dixit
809 3221 954 3300 Vergilius
1022 3232 1024 3236 '

522 3323 788 3404 cumulantque
810 3325 981 3385 oneratis
1003 3322 1178 3385 lancibus
1200 3343 1286 3386 aras

219 3428 396 3489 nominativo
414 3445 484 3487 casu
507 3430 622 3489 numeri
643 3427 801 3506 singularis
820 3427 920 3487 lances
942 3444 979 3486 an
998 3425 1108 3487 tancies
1130 3426 1253 3487 dicatur.
1285 3429 1388 3507 ntique
1410 3430 1496 3491 laneat

180 3544 206 3584 ao
219 3535 248 3589 et
270 3547 329 3589 non
351 3528 461 3590 lancies
488 3530 586 3591 lacere
613 3531 838 3609 pronuntiatur,
866 3528 978 3589 seilicet
998 3530 1137 3608 quoniam
1164 3547 1369 3610 qrraeenmquc
1391 3532 1495 3591 nomiua

218 3629 343 3691 ablativo
372 3649 441 3693 casu
474 3633 589 3692 numeri
617 3631 774 3708 singularis
802 3651 818 3692 e
847 3631 943 3692 littera
971 3639 1107 3709 correpta
1135 3633 1348 3700 terminantur,
1377 3631 1452 3693 baec
1476 3633 1494 3691 ir

88 3776 92 3783 .
150 3769 152 3773 «
219 3732 315 3792 dativo
336 3737 382 3793 uel
402 3735 530 3794 ablativo
551 3751 620 3794 casu
642 3735 756 3794 numeri
778 3733 899 3811 plaudis
919 3751 972 3811 per
995 3731 1135 3811 syllabam
1157 3742 1305 3794 crescunt.
1340 3751 1420 3795 nunc
1441 3750 1493 3794 cun

172 3897 175 3902 Δ
220 3838 249 3892 et
271 3833 327 3893 hoc
356 3849 464 3894 nomen
487 3834 561 3895 abe
584 3843 722 3912 correpto
748 3837 847 3895 veirirc
876 3837 1058 3913 reperiatur,
1085 3843 1115 3896 et
1137 3835 1202 3896 ideo
1231 3837 1412 3898 nominativo
1439 3853 1492 3897 cast

220 3935 334 3994 numeri
352 3934 508 4011 singularis
530 3934 637 4004 lances,
661 3955 718 3995 non
738 3935 848 3997 lancies
870 3937 966 3996 lacere
988 3937 1204 4014 pronuntiatur.
1252 3920 1257 3930 ¹

181 4048 208 4088 ³⁵
307 4035 471 4107 Quaeritur,
495 4056 551 4117 qna
574 4037 610 4097 de
633 4056 719 4097 (torisa
736 4037 907 4097 lloruilcaris
927 4047 1063 4117 correpte
1086 4046 1188 4099 elnon
1210 4039 1356 4116 producte
1378 4056 1489 4120 pronun

220 4138 317 4198 tiator.
348 4137 403 4198 laac
419 4139 455 4197 de
470 4158 566 4207 cansa,
587 4140 725 4216 quoniam
748 4158 951 4220 quaecumque
975 4142 1090 4200 riorrrina
1113 4142 1292 4201 uxorarinativo
1307 4160 1379 4204 casu
1394 4160 1489 4204 numer

219 4238 376 4316 singularis
391 4258 424 4301 11
439 4239 544 4302 litteris
563 4242 750 4312 deliniuntur,
774 4243 846 4302 hacc
867 4242 989 4303 earrdenr
1005 4262 1021 4302 a
1040 4241 1175 4312 litteram,
1199 4260 1287 4322 qnam
1308 4242 1422 4306 habent
1441 4252 1489 4306 ant

220 4340 394 4412 rultimum,
419 4361 471 4421 per
492 4363 594 4406 omnes
614 4363 699 4406 casus
721 4345 893 4424 corripiunt,
916 4352 948 4405 nt
966 4353 1036 4422 puta
1055 4345 1161 4406 Caesar
1178 4343 1326 4406 Caesaris:
1350 4348 1396 4408 sic
1410 4349 1487 4427 utiqn

220 4452 249 4504 et
263 4443 417 4504 *bomilcar
438 4446 610 4508 Romilcaris
631 4454 778 4527 correpto,
801 4464 858 4505 non
879 4447 1022 4524 producto
1042 4455 1165 4508 accentu
1189 4446 1294 4508 debeat
1315 4451 1487 4527 pronuntiat

293 4582 302 4630 l
325 4579 382 4646 hoa]
397 4583 476 4647 Verp.
489 4586 553 4636 Aen.
568 4584 663 4635 111492
715 4584 732 4636 3
750 4581 878 4647 quattuor]
896 4586 974 4649 Verp.
989 4584 1052 4636 Aen.
1064 4585 1121 4633 Vlll
1131 4584 1182 4635 ⁴207
1237 4585 1269 4635 1¹5
1288 4589 1449 4652 repperiatur
1461 4587 1485 4637 ll.

220 4652 361 4717 repperitur
378 4668 394 4700 r
477 4653 507 4704 17
527 4652 672 4720 Vergilius]
690 4654 755 4705 Aen.
775 4652 889 4704 1111159
976 4654 1009 4704 23
1030 4653 1170 4720 Vergilius]
1185 4655 1252 4705 Aen.
1272 4654 1308 4705 Xl
1327 4656 1380 4706 714
1398 4658 1485 4720 quadra

219 4721 361 4788 pedemque
379 4723 455 4772 citum
475 4723 567 4772 lerrata
585 4724 653 4773 ealce
672 4723 763 4790 latigat
833 4725 865 4773 27
887 4721 1027 4791 Vergilius]
1049 4724 1114 4775 Aen.
1133 4724 1192 4774 Vlll
1208 4725 1260 4776 281
1329 4726 1484 4779 3211111111

220 4791 432 4914 1111111111.οῆἍό
460 4792 495 4845 35
512 4792 661 4844 Bomilcaris
678 4810 693 4844 a
712 4792 858 4844 nomilcaris
878 4794 925 4844 nu
987 4794 1020 4845 39
1040 4793 1166 4844 bomilcar
1184 4795 1335 4848 bomilcaria
1353 4814 1368 4848 u
1388 4798 1484 4848 comite

221 4876 289 4912 uomr
300 4876 366 4912 carra
