<?xml version="1.0" encoding="UTF-8"?>
<!DOCTYPE html PUBLIC "-//W3C//DTD XHTML 1.0 Transitional//EN"
    "http://www.w3.org/TR/xhtml1/DTD/xhtml1-transitional.dtd">
<html xmlns="http://www.w3.org/1999/xhtml" xml:lang="en" lang="en">
 <head>
  <title>
</title>
<meta http-equiv="Content-Type" content="text/html;charset=utf-8" />
  <meta name='ocr-system' content='tesseract 3.04.00' />
  <meta name='ocr-capabilities' content='ocr_page ocr_carea ocr_par ocr_line ocrx_word'/>
</head>
<body>
  <div class='ocr_page' id='page_1' title='image "./grammaticilatin05keilgoog/grammaticilatin05keilgoog_0351.png"; bbox 0 0 3314 5506; ppageno 0'>
   <div class='ocr_carea' id='block_1_1' title="bbox 183 294 1040 410">
    <p class='ocr_par' dir='ltr' id='par_1_1' title="bbox 183 294 1040 410">
     <span class='ocr_line' id='line_1_1' title="bbox 183 294 1040 410; baseline -0.005 -2"><span class='ocrx_word' id='word_1_1' title='bbox 183 347 246 410; x_wconf 79' lang='lat'>286</span> <span class='ocrx_word' id='word_1_2' title='bbox 622 345 747 407; x_wconf 74' lang='lat' dir='ltr'><strong>NOTAE</strong></span> <span class='ocrx_word' id='word_1_3' title='bbox 768 294 1040 407; x_wconf 68' lang='lat' dir='ltr'>brunomium</span> 
     </span>
    </p>
   </div>
   <div class='ocr_carea' id='block_1_2' title="bbox 181 533 1511 4836">
    <p class='ocr_par' dir='ltr' id='par_1_2' title="bbox 181 533 1511 4836">
     <span class='ocr_line' id='line_1_2' title="bbox 184 533 1445 612; baseline -0.003 -16"><span class='ocrx_word' id='word_1_4' title='bbox 184 541 332 602; x_wconf 76' lang='lat' dir='ltr'>Romame:</span> <span class='ocrx_word' id='word_1_5' title='bbox 363 554 450 612; x_wconf 91' lang='lat' dir='ltr'>neque</span> <span class='ocrx_word' id='word_1_6' title='bbox 471 540 498 593; x_wconf 93' lang='lat' dir='ltr'>in</span> <span class='ocrx_word' id='word_1_7' title='bbox 514 552 617 592; x_wconf 87' lang='lat' dir='ltr'>surnma</span> <span class='ocrx_word' id='word_1_8' title='bbox 634 553 663 591; x_wconf 91' lang='lat' dir='ltr'>re</span> <span class='ocrx_word' id='word_1_9' title='bbox 685 535 821 609; x_wconf 77' lang='lat' dir='ltr'>separatio</span> <span class='ocrx_word' id='word_1_10' title='bbox 847 533 1043 590; x_wconf 76' lang='lat' dir='ltr'>dubitationem</span> <span class='ocrx_word' id='word_1_11' title='bbox 1068 534 1199 595; x_wconf 88' lang='lat' dir='ltr'>admittit.</span> <span class='ocrx_word' id='word_1_12' title='bbox 1226 552 1287 592; x_wconf 85' lang='lat' dir='ltr'>curn</span> <span class='ocrx_word' id='word_1_13' title='bbox 1313 537 1339 591; x_wconf 95' lang='lat' dir='ltr'>in</span> <span class='ocrx_word' id='word_1_14' title='bbox 1358 535 1445 608; x_wconf 76' lang='lat' dir='ltr'>singulis</span> 
     </span>
     <span class='ocr_line' id='line_1_3' title="bbox 184 617 1445 695; baseline -0.002 -17"><span class='ocrx_word' id='word_1_15' title='bbox 184 624 284 680; x_wconf 88' lang='lat' dir='ltr'>litteris</span> <span class='ocrx_word' id='word_1_16' title='bbox 296 623 456 679; x_wconf 75' lang='lat' dir='ltr'>laterculum</span> <span class='ocrx_word' id='word_1_17' title='bbox 471 631 617 694; x_wconf 90' lang='lat' dir='ltr'>utrumque</span> <span class='ocrx_word' id='word_1_18' title='bbox 628 621 725 692; x_wconf 78' lang='lat' dir='ltr'>lingon</span> <span class='ocrx_word' id='word_1_19' title='bbox 737 636 792 674; x_wconf 92' lang='lat' dir='ltr'>non</span> <span class='ocrx_word' id='word_1_20' title='bbox 804 619 959 675; x_wconf 81' lang='lat' dir='ltr'>contuderit</span> <span class='ocrx_word' id='word_1_21' title='bbox 972 619 1036 680; x_wconf 90' lang='lat' dir='ltr'>iere,</span> <span class='ocrx_word' id='word_1_22' title='bbox 1052 619 1100 674; x_wconf 89' lang='lat' dir='ltr'>sed</span> <span class='ocrx_word' id='word_1_23' title='bbox 1111 617 1273 695; x_wconf 87' lang='lat' dir='ltr'>simpliciter</span> <span class='ocrx_word' id='word_1_24' title='bbox 1282 623 1445 694; x_wconf 85' lang='lat' dir='ltr'>composuerit,</span> 
     </span>
     <span class='ocr_line' id='line_1_4' title="bbox 184 703 1446 780; baseline -0.004 -17"><span class='ocrx_word' id='word_1_25' title='bbox 184 708 264 764; x_wconf 93' lang='lat' dir='ltr'>modo</span> <span class='ocrx_word' id='word_1_26' title='bbox 281 726 295 763; x_wconf 89' lang='lat' dir='ltr'>a</span> <span class='ocrx_word' id='word_1_27' title='bbox 312 707 440 764; x_wconf 86' lang='lat' dir='ltr'>Vaticano</span> <span class='ocrx_word' id='word_1_28' title='bbox 456 708 601 780; x_wconf 91' lang='lat' dir='ltr'>iucipiens,</span> <span class='ocrx_word' id='word_1_29' title='bbox 623 705 703 760; x_wconf 92' lang='lat' dir='ltr'>modo</span> <span class='ocrx_word' id='word_1_30' title='bbox 719 704 870 777; x_wconf 79' lang='lat' dir='ltr'>procedens</span> <span class='ocrx_word' id='word_1_31' title='bbox 885 704 979 759; x_wconf 90' lang='lat' dir='ltr'>ordine</span> <span class='ocrx_word' id='word_1_32' title='bbox 1000 705 1117 760; x_wconf 85' lang='lat' dir='ltr'>inverso.</span> <span class='ocrx_word' id='word_1_33' title='bbox 1146 703 1251 761; x_wconf 81' lang='lat' dir='ltr'>Paucae</span> <span class='ocrx_word' id='word_1_34' title='bbox 1267 712 1365 761; x_wconf 86' lang='lat' dir='ltr'>tantum</span> <span class='ocrx_word' id='word_1_35' title='bbox 1377 713 1446 761; x_wconf 80' lang='lat' dir='ltr'>entant</span> 
     </span>
     <span class='ocr_line' id='line_1_5' title="bbox 185 788 1445 866; baseline -0.007 -16"><span class='ocrx_word' id='word_1_36' title='bbox 185 793 255 866; x_wconf 93' lang='lat' dir='ltr'>apud</span> <span class='ocrx_word' id='word_1_37' title='bbox 271 808 332 847; x_wconf 91' lang='lat' dir='ltr'>eum</span> <span class='ocrx_word' id='word_1_38' title='bbox 348 793 511 853; x_wconf 85' lang='lat' dir='ltr'>notationes,</span> <span class='ocrx_word' id='word_1_39' title='bbox 528 806 673 864; x_wconf 86' lang='lat' dir='ltr'>quaecum</span> <span class='ocrx_word' id='word_1_40' title='bbox 689 789 778 844; x_wconf 91' lang='lat' dir='ltr'>ordini</span> <span class='ocrx_word' id='word_1_41' title='bbox 790 788 917 844; x_wconf 87' lang='lat' dir='ltr'>Vaticano</span> <span class='ocrx_word' id='word_1_42' title='bbox 934 790 1053 844; x_wconf 87' lang='lat' dir='ltr'>insertae</span> <span class='ocrx_word' id='word_1_43' title='bbox 1069 789 1124 844; x_wconf 90' lang='lat' dir='ltr'>sint</span> <span class='ocrx_word' id='word_1_44' title='bbox 1138 803 1228 862; x_wconf 85' lang='lat' dir='ltr'>neque</span> <span class='ocrx_word' id='word_1_45' title='bbox 1242 789 1445 863; x_wconf 77' lang='lat' dir='ltr'>apudllaticamn</span> 
     </span>
     <span class='ocr_line' id='line_1_6' title="bbox 185 871 1446 950; baseline -0.005 -18"><span class='ocrx_word' id='word_1_46' title='bbox 185 877 370 950; x_wconf 75' lang='lat' dir='ltr'>reperiantur,</span> <span class='ocrx_word' id='word_1_47' title='bbox 399 876 515 931; x_wconf 89' lang='lat' dir='ltr'>dubitari</span> <span class='ocrx_word' id='word_1_48' title='bbox 537 883 642 948; x_wconf 86' lang='lat' dir='ltr'>potest,</span> <span class='ocrx_word' id='word_1_49' title='bbox 669 882 762 929; x_wconf 91' lang='lat' dir='ltr'>utrum</span> <span class='ocrx_word' id='word_1_50' title='bbox 783 875 889 928; x_wconf 87' lang='lat' dir='ltr'>veniant</span> <span class='ocrx_word' id='word_1_51' title='bbox 910 889 940 927; x_wconf 80' lang='lat' dir='ltr'>ex</span> <span class='ocrx_word' id='word_1_52' title='bbox 963 872 1085 946; x_wconf 78' lang='lat' dir='ltr'>exemplo</span> <span class='ocrx_word' id='word_1_53' title='bbox 1105 871 1191 929; x_wconf 82' lang='lat' dir='ltr'>libelli</span> <span class='ocrx_word' id='word_1_54' title='bbox 1205 873 1324 930; x_wconf 88' lang='lat' dir='ltr'>Vaticani</span> <span class='ocrx_word' id='word_1_55' title='bbox 1350 874 1379 930; x_wconf 87' lang='lat' dir='ltr'>iis</span> <span class='ocrx_word' id='word_1_56' title='bbox 1395 887 1446 947; x_wconf 79' lang='lat' dir='ltr'>puae</span> 
     </span>
     <span class='ocr_line' id='line_1_7' title="bbox 185 956 1446 1033; baseline -0.005 -15"><span class='ocrx_word' id='word_1_57' title='bbox 185 961 314 1018; x_wconf 89' lang='lat' dir='ltr'>babemus</span> <span class='ocrx_word' id='word_1_58' title='bbox 340 961 462 1033; x_wconf 79' lang='lat' dir='ltr'>pleniore</span> <span class='ocrx_word' id='word_1_59' title='bbox 483 976 516 1014; x_wconf 90' lang='lat' dir='ltr'>an</span> <span class='ocrx_word' id='word_1_60' title='bbox 537 959 695 1032; x_wconf 76' lang='lat' dir='ltr'>desumptae</span> <span class='ocrx_word' id='word_1_61' title='bbox 718 959 773 1012; x_wconf 89' lang='lat' dir='ltr'>sint</span> <span class='ocrx_word' id='word_1_62' title='bbox 799 972 830 1011; x_wconf 79' lang='lat' dir='ltr'>er</span> <span class='ocrx_word' id='word_1_63' title='bbox 850 956 937 1012; x_wconf 86' lang='lat' dir='ltr'>altero</span> <span class='ocrx_word' id='word_1_64' title='bbox 961 956 1094 1013; x_wconf 89' lang='lat' dir='ltr'>laterculo</span> <span class='ocrx_word' id='word_1_65' title='bbox 1115 966 1143 1012; x_wconf 88' lang='lat' dir='ltr'>et</span> <span class='ocrx_word' id='word_1_66' title='bbox 1162 975 1228 1014; x_wconf 88' lang='lat' dir='ltr'>casn</span> <span class='ocrx_word' id='word_1_67' title='bbox 1243 957 1382 1015; x_wconf 84' lang='lat' dir='ltr'>consiliove</span> <span class='ocrx_word' id='word_1_68' title='bbox 1401 957 1446 1012; x_wconf 87' lang='lat' dir='ltr'>loco</span> 
     </span>
     <span class='ocr_line' id='line_1_8' title="bbox 184 1041 1447 1117; baseline -0.005 -17"><span class='ocrx_word' id='word_1_69' title='bbox 184 1054 282 1100; x_wconf 80' lang='lat' dir='ltr'>ariolae.</span> <span class='ocrx_word' id='word_1_70' title='bbox 308 1044 363 1099; x_wconf 83' lang='lat' dir='ltr'>Nisi</span> <span class='ocrx_word' id='word_1_71' title='bbox 375 1044 449 1117; x_wconf 90' lang='lat' dir='ltr'>quod</span> <span class='ocrx_word' id='word_1_72' title='bbox 465 1044 509 1104; x_wconf 90' lang='lat' dir='ltr'>ibi,</span> <span class='ocrx_word' id='word_1_73' title='bbox 526 1043 570 1098; x_wconf 93' lang='lat' dir='ltr'>ubi</span> <span class='ocrx_word' id='word_1_74' title='bbox 584 1043 651 1099; x_wconf 87' lang='lat' dir='ltr'>duae</span> <span class='ocrx_word' id='word_1_75' title='bbox 667 1043 907 1115; x_wconf 81' lang='lat' dir='ltr'>interpretationes</span> <span class='ocrx_word' id='word_1_76' title='bbox 922 1041 1111 1114; x_wconf 79' lang='lat' dir='ltr'>proferuntur,</span> <span class='ocrx_word' id='word_1_77' title='bbox 1127 1058 1243 1115; x_wconf 86' lang='lat' dir='ltr'>quarum</span> <span class='ocrx_word' id='word_1_78' title='bbox 1258 1041 1344 1100; x_wconf 81' lang='lat' dir='ltr'>altera</span> <span class='ocrx_word' id='word_1_79' title='bbox 1356 1049 1447 1099; x_wconf 82' lang='lat' dir='ltr'>tantun</span> 
     </span>
     <span class='ocr_line' id='line_1_9' title="bbox 185 1124 1447 1200; baseline -0.006 -16"><span class='ocrx_word' id='word_1_80' title='bbox 185 1130 265 1185; x_wconf 92' lang='lat' dir='ltr'>modo</span> <span class='ocrx_word' id='word_1_81' title='bbox 282 1131 406 1184; x_wconf 84' lang='lat' dir='ltr'>convenit</span> <span class='ocrx_word' id='word_1_82' title='bbox 422 1129 446 1182; x_wconf 89' lang='lat' dir='ltr'>ei</span> <span class='ocrx_word' id='word_1_83' title='bbox 467 1130 493 1184; x_wconf 91' lang='lat' dir='ltr'>in</span> <span class='ocrx_word' id='word_1_84' title='bbox 509 1145 564 1200; x_wconf 89' lang='lat' dir='ltr'>quo</span> <span class='ocrx_word' id='word_1_85' title='bbox 586 1127 687 1199; x_wconf 82' lang='lat' dir='ltr'>legitur</span> <span class='ocrx_word' id='word_1_86' title='bbox 709 1126 811 1190; x_wconf 86' lang='lat' dir='ltr'>ordini,</span> <span class='ocrx_word' id='word_1_87' title='bbox 833 1124 943 1180; x_wconf 88' lang='lat' dir='ltr'>alteram</span> <span class='ocrx_word' id='word_1_88' title='bbox 968 1142 998 1180; x_wconf 81' lang='lat' dir='ltr'>ex</span> <span class='ocrx_word' id='word_1_89' title='bbox 1015 1126 1100 1182; x_wconf 89' lang='lat' dir='ltr'>altero</span> <span class='ocrx_word' id='word_1_90' title='bbox 1122 1126 1217 1182; x_wconf 90' lang='lat' dir='ltr'>ordine</span> <span class='ocrx_word' id='word_1_91' title='bbox 1239 1126 1386 1183; x_wconf 87' lang='lat' dir='ltr'>translatam</span> <span class='ocrx_word' id='word_1_92' title='bbox 1403 1139 1447 1179; x_wconf 82' lang='lat' dir='ltr'>asse</span> 
     </span>
     <span class='ocr_line' id='line_1_10' title="bbox 185 1209 1446 1288; baseline -0.006 -18"><span class='ocrx_word' id='word_1_93' title='bbox 185 1222 310 1288; x_wconf 86' lang='lat' dir='ltr'>apparet;</span> <span class='ocrx_word' id='word_1_94' title='bbox 328 1212 442 1286; x_wconf 80' lang='lat' dir='ltr'>exerupli</span> <span class='ocrx_word' id='word_1_95' title='bbox 457 1229 538 1267; x_wconf 90' lang='lat' dir='ltr'>causa</span> <span class='ocrx_word' id='word_1_96' title='bbox 553 1229 614 1267; x_wconf 93' lang='lat' dir='ltr'>cum</span> <span class='ocrx_word' id='word_1_97' title='bbox 630 1211 737 1282; x_wconf 76' lang='lat' dir='ltr'>legatur</span> <span class='ocrx_word' id='word_1_98' title='bbox 752 1213 779 1265; x_wconf 92' lang='lat' dir='ltr'>iu</span> <span class='ocrx_word' id='word_1_99' title='bbox 795 1209 889 1266; x_wconf 91' lang='lat' dir='ltr'>ordine</span> <span class='ocrx_word' id='word_1_100' title='bbox 899 1210 1027 1266; x_wconf 83' lang='lat' dir='ltr'>Vaticano</span> <span class='ocrx_word' id='word_1_101' title='bbox 1039 1210 1092 1266; x_wconf 81' lang='lat' dir='ltr'>EG</span> <span class='ocrx_word' id='word_1_102' title='bbox 1106 1225 1175 1283; x_wconf 78' lang='lat' dir='ltr'>epar</span> <span class='ocrx_word' id='word_1_103' title='bbox 1186 1212 1231 1266; x_wconf 83' lang='lat' dir='ltr'>ael</span> <span class='ocrx_word' id='word_1_104' title='bbox 1240 1227 1317 1284; x_wconf 79' lang='lat' dir='ltr'>erpo,</span> <span class='ocrx_word' id='word_1_105' title='bbox 1333 1211 1446 1268; x_wconf 81' lang='lat' dir='ltr'>Vaticanus</span> 
     </span>
     <span class='ocr_line' id='line_1_11' title="bbox 186 1293 1446 1368; baseline -0.006 -14"><span class='ocrx_word' id='word_1_106' title='bbox 186 1306 275 1354; x_wconf 89' lang='lat' dir='ltr'>autem</span> <span class='ocrx_word' id='word_1_107' title='bbox 292 1315 345 1352; x_wconf 90' lang='lat' dir='ltr'>non</span> <span class='ocrx_word' id='word_1_108' title='bbox 362 1296 456 1352; x_wconf 90' lang='lat' dir='ltr'>lrabeat</span> <span class='ocrx_word' id='word_1_109' title='bbox 473 1298 526 1351; x_wconf 89' lang='lat' dir='ltr'>nisi</span> <span class='ocrx_word' id='word_1_110' title='bbox 541 1296 593 1352; x_wconf 84' lang='lat' dir='ltr'>EG</span> <span class='ocrx_word' id='word_1_111' title='bbox 608 1311 685 1366; x_wconf 78' lang='lat' dir='ltr'>epar,</span> <span class='ocrx_word' id='word_1_112' title='bbox 701 1295 783 1350; x_wconf 89' lang='lat' dir='ltr'>luerit</span> <span class='ocrx_word' id='word_1_113' title='bbox 798 1310 909 1351; x_wconf 88' lang='lat' dir='ltr'>necesse</span> <span class='ocrx_word' id='word_1_114' title='bbox 925 1302 967 1349; x_wconf 91' lang='lat' dir='ltr'>est</span> <span class='ocrx_word' id='word_1_115' title='bbox 982 1297 1008 1349; x_wconf 91' lang='lat' dir='ltr'>in</span> <span class='ocrx_word' id='word_1_116' title='bbox 1025 1294 1112 1351; x_wconf 88' lang='lat' dir='ltr'>altero</span> <span class='ocrx_word' id='word_1_117' title='bbox 1128 1295 1180 1352; x_wconf 76' lang='lat' dir='ltr'>EG</span> <span class='ocrx_word' id='word_1_118' title='bbox 1195 1310 1274 1368; x_wconf 77' lang='lat' dir='ltr'>erpo.</span> <span class='ocrx_word' id='word_1_119' title='bbox 1302 1294 1323 1350; x_wconf 86' lang='lat' dir='ltr'>E</span> <span class='ocrx_word' id='word_1_120' title='bbox 1337 1293 1446 1352; x_wconf 79' lang='lat' dir='ltr'>contrario</span> 
     </span>
     <span class='ocr_line' id='line_1_12' title="bbox 187 1376 1445 1455; baseline -0.006 -18"><span class='ocrx_word' id='word_1_121' title='bbox 187 1399 255 1455; x_wconf 89' lang='lat' dir='ltr'>quae</span> <span class='ocrx_word' id='word_1_122' title='bbox 271 1383 424 1436; x_wconf 87' lang='lat' dir='ltr'>notationes</span> <span class='ocrx_word' id='word_1_123' title='bbox 440 1381 513 1455; x_wconf 90' lang='lat' dir='ltr'>apud</span> <span class='ocrx_word' id='word_1_124' title='bbox 528 1381 685 1452; x_wconf 83' lang='lat' dir='ltr'>Magnorrem</span> <span class='ocrx_word' id='word_1_125' title='bbox 702 1380 877 1452; x_wconf 89' lang='lat' dir='ltr'>reperiuntur</span> <span class='ocrx_word' id='word_1_126' title='bbox 892 1395 946 1434; x_wconf 92' lang='lat' dir='ltr'>non</span> <span class='ocrx_word' id='word_1_127' title='bbox 962 1380 989 1434; x_wconf 92' lang='lat' dir='ltr'>in</span> <span class='ocrx_word' id='word_1_128' title='bbox 1004 1378 1131 1436; x_wconf 77' lang='lat' dir='ltr'>Vaticano</span> <span class='ocrx_word' id='word_1_129' title='bbox 1147 1379 1252 1442; x_wconf 86' lang='lat' dir='ltr'>ordine.</span> <span class='ocrx_word' id='word_1_130' title='bbox 1268 1396 1329 1436; x_wconf 92' lang='lat' dir='ltr'>cum</span> <span class='ocrx_word' id='word_1_131' title='bbox 1343 1376 1445 1435; x_wconf 85' lang='lat' dir='ltr'>adsimin</span> 
     </span>
     <span class='ocr_line' id='line_1_13' title="bbox 186 1463 1446 1538; baseline -0.003 -18"><span class='ocrx_word' id='word_1_132' title='bbox 186 1467 329 1527; x_wconf 88' lang='lat' dir='ltr'>Vaticano,</span> <span class='ocrx_word' id='word_1_133' title='bbox 346 1466 378 1520; x_wconf 86' lang='lat' dir='ltr'>de</span> <span class='ocrx_word' id='word_1_134' title='bbox 392 1467 425 1520; x_wconf 90' lang='lat' dir='ltr'>iis</span> <span class='ocrx_word' id='word_1_135' title='bbox 441 1464 567 1520; x_wconf 91' lang='lat' dir='ltr'>similiter</span> <span class='ocrx_word' id='word_1_136' title='bbox 581 1465 691 1520; x_wconf 91' lang='lat' dir='ltr'>dubium</span> <span class='ocrx_word' id='word_1_137' title='bbox 707 1471 763 1527; x_wconf 90' lang='lat' dir='ltr'>est,</span> <span class='ocrx_word' id='word_1_138' title='bbox 787 1471 878 1518; x_wconf 91' lang='lat' dir='ltr'>utrum</span> <span class='ocrx_word' id='word_1_139' title='bbox 894 1479 939 1518; x_wconf 88' lang='lat' dir='ltr'>eas</span> <span class='ocrx_word' id='word_1_140' title='bbox 955 1463 1050 1535; x_wconf 80' lang='lat' dir='ltr'>llagno</span> <span class='ocrx_word' id='word_1_141' title='bbox 1066 1466 1199 1538; x_wconf 86' lang='lat' dir='ltr'>repererit</span> <span class='ocrx_word' id='word_1_142' title='bbox 1221 1465 1249 1520; x_wconf 88' lang='lat' dir='ltr'>in</span> <span class='ocrx_word' id='word_1_143' title='bbox 1264 1470 1376 1538; x_wconf 71' lang='lat' dir='ltr'>unoque</span> <span class='ocrx_word' id='word_1_144' title='bbox 1388 1463 1446 1519; x_wconf 82' lang='lat' dir='ltr'>later·</span> 
     </span>
     <span class='ocr_line' id='line_1_14' title="bbox 185 1543 1446 1622; baseline -0.004 -16"><span class='ocrx_word' id='word_1_145' title='bbox 185 1551 246 1606; x_wconf 92' lang='lat' dir='ltr'>culo</span> <span class='ocrx_word' id='word_1_146' title='bbox 263 1550 377 1622; x_wconf 90' lang='lat' dir='ltr'>ideoque</span> <span class='ocrx_word' id='word_1_147' title='bbox 394 1551 420 1604; x_wconf 87' lang='lat' dir='ltr'>iu</span> <span class='ocrx_word' id='word_1_148' title='bbox 432 1548 558 1605; x_wconf 87' lang='lat' dir='ltr'>Vaticano</span> <span class='ocrx_word' id='word_1_149' title='bbox 575 1549 752 1605; x_wconf 89' lang='lat' dir='ltr'>describendo</span> <span class='ocrx_word' id='word_1_150' title='bbox 767 1549 947 1621; x_wconf 88' lang='lat' dir='ltr'>praeterierit,</span> <span class='ocrx_word' id='word_1_151' title='bbox 964 1566 996 1604; x_wconf 91' lang='lat' dir='ltr'>an</span> <span class='ocrx_word' id='word_1_152' title='bbox 1013 1556 1088 1604; x_wconf 89' lang='lat' dir='ltr'>certo</span> <span class='ocrx_word' id='word_1_153' title='bbox 1104 1548 1196 1622; x_wconf 88' lang='lat' dir='ltr'>aliquo</span> <span class='ocrx_word' id='word_1_154' title='bbox 1212 1548 1328 1605; x_wconf 90' lang='lat' dir='ltr'>consilio</span> <span class='ocrx_word' id='word_1_155' title='bbox 1342 1548 1378 1603; x_wconf 86' lang='lat' dir='ltr'>rel</span> <span class='ocrx_word' id='word_1_156' title='bbox 1390 1543 1446 1603; x_wconf 86' lang='lat' dir='ltr'>deni·</span> 
     </span>
     <span class='ocr_line' id='line_1_15' title="bbox 185 1629 1447 1709; baseline -0.002 -20"><span class='ocrx_word' id='word_1_157' title='bbox 185 1651 238 1709; x_wconf 90' lang='lat' dir='ltr'>que</span> <span class='ocrx_word' id='word_1_158' title='bbox 253 1652 318 1689; x_wconf 91' lang='lat' dir='ltr'>casu</span> <span class='ocrx_word' id='word_1_159' title='bbox 333 1634 474 1689; x_wconf 89' lang='lat' dir='ltr'>collocarit</span> <span class='ocrx_word' id='word_1_160' title='bbox 495 1633 555 1689; x_wconf 90' lang='lat' dir='ltr'>loco</span> <span class='ocrx_word' id='word_1_161' title='bbox 576 1652 630 1689; x_wconf 89' lang='lat' dir='ltr'>nou</span> <span class='ocrx_word' id='word_1_162' title='bbox 647 1652 705 1689; x_wconf 93' lang='lat' dir='ltr'>sun.</span> <span class='ocrx_word' id='word_1_163' title='bbox 736 1633 809 1700; x_wconf 78' lang='lat' dir='ltr'>Quae</span> <span class='ocrx_word' id='word_1_164' title='bbox 820 1639 885 1686; x_wconf 80' lang='lat' dir='ltr'>&#39;crim</span> <span class='ocrx_word' id='word_1_165' title='bbox 902 1635 938 1686; x_wconf 91' lang='lat' dir='ltr'>ita</span> <span class='ocrx_word' id='word_1_166' title='bbox 954 1634 1023 1693; x_wconf 90' lang='lat' dir='ltr'>sint,</span> <span class='ocrx_word' id='word_1_167' title='bbox 1048 1633 1194 1688; x_wconf 90' lang='lat' dir='ltr'>editionem</span> <span class='ocrx_word' id='word_1_168' title='bbox 1210 1631 1280 1689; x_wconf 88' lang='lat' dir='ltr'>banc</span> <span class='ocrx_word' id='word_1_169' title='bbox 1295 1637 1331 1689; x_wconf 85' lang='lat' dir='ltr'>ita</span> <span class='ocrx_word' id='word_1_170' title='bbox 1345 1629 1447 1688; x_wconf 82' lang='lat' dir='ltr'>ordinati·</span> 
     </span>
     <span class='ocr_line' id='line_1_16' title="bbox 187 1717 1444 1792; baseline -0.007 -19"><span class='ocrx_word' id='word_1_171' title='bbox 187 1736 261 1780; x_wconf 90' lang='lat' dir='ltr'>mus,</span> <span class='ocrx_word' id='word_1_172' title='bbox 278 1727 308 1773; x_wconf 97' lang='lat' dir='ltr'>ut</span> <span class='ocrx_word' id='word_1_173' title='bbox 323 1717 400 1773; x_wconf 89' lang='lat' dir='ltr'>iacile</span> <span class='ocrx_word' id='word_1_174' title='bbox 417 1718 476 1773; x_wconf 87' lang='lat' dir='ltr'>inde</span> <span class='ocrx_word' id='word_1_175' title='bbox 492 1718 649 1790; x_wconf 82' lang='lat' dir='ltr'>intellegas,</span> <span class='ocrx_word' id='word_1_176' title='bbox 666 1733 796 1792; x_wconf 87' lang='lat' dir='ltr'>quasnam</span> <span class='ocrx_word' id='word_1_177' title='bbox 811 1719 965 1771; x_wconf 88' lang='lat' dir='ltr'>notationes</span> <span class='ocrx_word' id='word_1_178' title='bbox 980 1732 1034 1772; x_wconf 90' lang='lat' dir='ltr'>non</span> <span class='ocrx_word' id='word_1_179' title='bbox 1050 1719 1108 1772; x_wconf 90' lang='lat' dir='ltr'>sine</span> <span class='ocrx_word' id='word_1_180' title='bbox 1123 1734 1204 1774; x_wconf 87' lang='lat' dir='ltr'>causa</span> <span class='ocrx_word' id='word_1_181' title='bbox 1221 1719 1357 1791; x_wconf 78' lang='lat' dir='ltr'>suspicere</span> <span class='ocrx_word' id='word_1_182' title='bbox 1369 1732 1412 1772; x_wconf 90' lang='lat' dir='ltr'>non</span> <span class='ocrx_word' id='word_1_183' title='bbox 1423 1728 1444 1766; x_wconf 85' lang='lat' dir='ltr'>er</span> 
     </span>
     <span class='ocr_line' id='line_1_17' title="bbox 186 1801 1448 1882; baseline -0.004 -24"><span class='ocrx_word' id='word_1_184' title='bbox 186 1820 256 1877; x_wconf 92' lang='lat' dir='ltr'>puro</span> <span class='ocrx_word' id='word_1_185' title='bbox 273 1802 332 1862; x_wconf 89' lang='lat' dir='ltr'>boc,</span> <span class='ocrx_word' id='word_1_186' title='bbox 350 1803 396 1857; x_wconf 89' lang='lat' dir='ltr'>sed</span> <span class='ocrx_word' id='word_1_187' title='bbox 411 1819 440 1857; x_wconf 81' lang='lat' dir='ltr'>er</span> <span class='ocrx_word' id='word_1_188' title='bbox 452 1802 559 1857; x_wconf 91' lang='lat' dir='ltr'>turbido</span> <span class='ocrx_word' id='word_1_189' title='bbox 567 1803 686 1858; x_wconf 86' lang='lat' dir='ltr'>Vaticani</span> <span class='ocrx_word' id='word_1_190' title='bbox 702 1801 776 1856; x_wconf 90' lang='lat' dir='ltr'>ionte</span> <span class='ocrx_word' id='word_1_191' title='bbox 792 1801 924 1856; x_wconf 88' lang='lat' dir='ltr'>derivatas</span> <span class='ocrx_word' id='word_1_192' title='bbox 936 1817 1004 1855; x_wconf 88' lang='lat' dir='ltr'>esse.</span> <span class='ocrx_word' id='word_1_193' title='bbox 1014 1801 1113 1856; x_wconf 89' lang='lat' dir='ltr'>—lam</span> <span class='ocrx_word' id='word_1_194' title='bbox 1125 1801 1198 1875; x_wconf 90' lang='lat' dir='ltr'>quod</span> <span class='ocrx_word' id='word_1_195' title='bbox 1214 1803 1312 1857; x_wconf 88' lang='lat' dir='ltr'>attinet</span> <span class='ocrx_word' id='word_1_196' title='bbox 1320 1801 1350 1857; x_wconf 89' lang='lat' dir='ltr'>ad</span> <span class='ocrx_word' id='word_1_197' title='bbox 1360 1802 1448 1882; x_wconf 67' lang='lat' dir='ltr'>buinsot</span> 
     </span>
     <span class='ocr_line' id='line_1_18' title="bbox 186 1884 1446 1959; baseline -0.006 -17"><span class='ocrx_word' id='word_1_198' title='bbox 186 1887 309 1943; x_wconf 79' lang='lat' dir='ltr'>laterculi</span> <span class='ocrx_word' id='word_1_199' title='bbox 326 1896 448 1943; x_wconf 88' lang='lat' dir='ltr'>naturam</span> <span class='ocrx_word' id='word_1_200' title='bbox 465 1895 492 1940; x_wconf 91' lang='lat' dir='ltr'>ct</span> <span class='ocrx_word' id='word_1_201' title='bbox 507 1895 636 1948; x_wconf 84' lang='lat' dir='ltr'>aetatem,</span> <span class='ocrx_word' id='word_1_202' title='bbox 661 1896 773 1959; x_wconf 90' lang='lat' dir='ltr'>apparet</span> <span class='ocrx_word' id='word_1_203' title='bbox 788 1884 927 1958; x_wconf 87' lang='lat' dir='ltr'>cornplura</span> <span class='ocrx_word' id='word_1_204' title='bbox 944 1885 979 1940; x_wconf 88' lang='lat' dir='ltr'>ibi</span> <span class='ocrx_word' id='word_1_205' title='bbox 995 1886 1090 1941; x_wconf 90' lang='lat' dir='ltr'>adesse</span> <span class='ocrx_word' id='word_1_206' title='bbox 1104 1901 1136 1940; x_wconf 80' lang='lat' dir='ltr'>ex</span> <span class='ocrx_word' id='word_1_207' title='bbox 1152 1887 1255 1942; x_wconf 90' lang='lat' dir='ltr'>intimis</span> <span class='ocrx_word' id='word_1_208' title='bbox 1271 1888 1336 1942; x_wconf 89' lang='lat' dir='ltr'>iuris</span> <span class='ocrx_word' id='word_1_209' title='bbox 1350 1891 1446 1959; x_wconf 77' lang='lat' dir='ltr'>penetra</span> 
     </span>
     <span class='ocr_line' id='line_1_19' title="bbox 185 1969 1446 2044; baseline -0.005 -18"><span class='ocrx_word' id='word_1_210' title='bbox 185 1972 257 2026; x_wconf 89' lang='lat' dir='ltr'>libus</span> <span class='ocrx_word' id='word_1_211' title='bbox 273 1973 357 2043; x_wconf 87' lang='lat' dir='ltr'>petita</span> <span class='ocrx_word' id='word_1_212' title='bbox 367 1987 416 2026; x_wconf 92' lang='lat' dir='ltr'>nec</span> <span class='ocrx_word' id='word_1_213' title='bbox 432 1980 570 2044; x_wconf 90' lang='lat' dir='ltr'>praetcrea</span> <span class='ocrx_word' id='word_1_214' title='bbox 585 1970 743 2044; x_wconf 89' lang='lat' dir='ltr'>reperienda</span> <span class='ocrx_word' id='word_1_215' title='bbox 756 1973 806 2025; x_wconf 90' lang='lat' dir='ltr'>nisi</span> <span class='ocrx_word' id='word_1_216' title='bbox 820 1970 890 2042; x_wconf 89' lang='lat' dir='ltr'>apud</span> <span class='ocrx_word' id='word_1_217' title='bbox 906 1971 995 2043; x_wconf 92' lang='lat' dir='ltr'>ipsum</span> <span class='ocrx_word' id='word_1_218' title='bbox 1006 1969 1133 2032; x_wconf 86' lang='lat' dir='ltr'>Probum,</span> <span class='ocrx_word' id='word_1_219' title='bbox 1148 1979 1180 2026; x_wconf 91' lang='lat' dir='ltr'>ut</span> <span class='ocrx_word' id='word_1_220' title='bbox 1192 1977 1257 2026; x_wconf 90' lang='lat' dir='ltr'>sunt</span> <span class='ocrx_word' id='word_1_221' title='bbox 1268 1970 1375 2044; x_wconf 83' lang='lat' dir='ltr'>exempli</span> <span class='ocrx_word' id='word_1_222' title='bbox 1388 1981 1446 2024; x_wconf 85' lang='lat' dir='ltr'>cama</span> 
     </span>
     <span class='ocr_line' id='line_1_20' title="bbox 185 2055 1450 2127; baseline -0.004 -16"><span class='ocrx_word' id='word_1_223' title='bbox 185 2056 368 2111; x_wconf 85' lang='lat' dir='ltr'>notacPrisci</span> <span class='ocrx_word' id='word_1_224' title='bbox 374 2056 477 2119; x_wconf 83' lang='lat' dir='ltr'>Latini,</span> <span class='ocrx_word' id='word_1_225' title='bbox 490 2071 542 2125; x_wconf 80' lang='lat' dir='ltr'>ope</span> <span class='ocrx_word' id='word_1_226' title='bbox 552 2057 677 2123; x_wconf 86' lang='lat' dir='ltr'>consilio,</span> <span class='ocrx_word' id='word_1_227' title='bbox 690 2057 852 2126; x_wconf 83' lang='lat' dir='ltr'>praecipito</span> <span class='ocrx_word' id='word_1_228' title='bbox 863 2057 964 2109; x_wconf 73' lang='lat' dir='ltr'>sternito</span> <span class='ocrx_word' id='word_1_229' title='bbox 976 2055 1079 2125; x_wconf 82' lang='lat' dir='ltr'>tibique</span> <span class='ocrx_word' id='word_1_230' title='bbox 1089 2055 1206 2112; x_wconf 75' lang='lat' dir='ltr'>habeto:</span> <span class='ocrx_word' id='word_1_231' title='bbox 1219 2055 1318 2127; x_wconf 90' lang='lat' dir='ltr'>quibus</span> <span class='ocrx_word' id='word_1_232' title='bbox 1328 2055 1382 2111; x_wconf 90' lang='lat' dir='ltr'>addi</span> <span class='ocrx_word' id='word_1_233' title='bbox 1391 2057 1450 2126; x_wconf 75' lang='lat' dir='ltr'>pote·</span> 
     </span>
     <span class='ocr_line' id='line_1_21' title="bbox 185 2138 1450 2209; baseline -0.001 -14"><span class='ocrx_word' id='word_1_234' title='bbox 185 2149 250 2195; x_wconf 90' lang='lat' dir='ltr'>runt</span> <span class='ocrx_word' id='word_1_235' title='bbox 266 2148 434 2195; x_wconf 86' lang='lat' dir='ltr'>vetustorum</span> <span class='ocrx_word' id='word_1_236' title='bbox 451 2139 664 2196; x_wconf 82' lang='lat' dir='ltr'>sacerdotiorum</span> <span class='ocrx_word' id='word_1_237' title='bbox 681 2141 834 2195; x_wconf 89' lang='lat' dir='ltr'>nutationes</span> <span class='ocrx_word' id='word_1_238' title='bbox 848 2141 942 2194; x_wconf 84' lang='lat' dir='ltr'>sacris</span> <span class='ocrx_word' id='word_1_239' title='bbox 954 2138 1112 2209; x_wconf 78' lang='lat' dir='ltr'>faciundis,</span> <span class='ocrx_word' id='word_1_240' title='bbox 1126 2141 1234 2209; x_wconf 77' lang='lat' dir='ltr'>flamen</span> <span class='ocrx_word' id='word_1_241' title='bbox 1248 2139 1354 2205; x_wconf 82' lang='lat' dir='ltr'>Dialis,</span> <span class='ocrx_word' id='word_1_242' title='bbox 1366 2140 1450 2209; x_wconf 70' lang='lat' dir='ltr'>ilem</span> 
     </span>
     <span class='ocr_line' id='line_1_22' title="bbox 186 2223 1456 2292; baseline -0.004 -13"><span class='ocrx_word' id='word_1_243' title='bbox 186 2225 342 2292; x_wconf 81' lang='lat' dir='ltr'>Qrairinalis</span> <span class='ocrx_word' id='word_1_244' title='bbox 363 2233 391 2278; x_wconf 91' lang='lat' dir='ltr'>et</span> <span class='ocrx_word' id='word_1_245' title='bbox 406 2226 473 2279; x_wconf 90' lang='lat' dir='ltr'>mira</span> <span class='ocrx_word' id='word_1_246' title='bbox 490 2223 534 2279; x_wconf 91' lang='lat' dir='ltr'>illa</span> <span class='ocrx_word' id='word_1_247' title='bbox 550 2226 642 2280; x_wconf 90' lang='lat' dir='ltr'>nescio</span> <span class='ocrx_word' id='word_1_248' title='bbox 658 2227 735 2280; x_wconf 91' lang='lat' dir='ltr'>cuius</span> <span class='ocrx_word' id='word_1_249' title='bbox 755 2224 786 2278; x_wconf 89' lang='lat' dir='ltr'>D.</span> <span class='ocrx_word' id='word_1_250' title='bbox 805 2223 883 2278; x_wconf 86' lang='lat' dir='ltr'>Iunii</span> <span class='ocrx_word' id='word_1_251' title='bbox 898 2223 990 2278; x_wconf 88' lang='lat' dir='ltr'>Silani</span> <span class='ocrx_word' id='word_1_252' title='bbox 1010 2225 1242 2281; x_wconf 88' lang='lat' dir='ltr'>commemoratio.</span> <span class='ocrx_word' id='word_1_253' title='bbox 1273 2223 1367 2279; x_wconf 86' lang='lat' dir='ltr'>Verum</span> <span class='ocrx_word' id='word_1_254' title='bbox 1381 2230 1456 2277; x_wconf 82' lang='lat' dir='ltr'>naen</span> 
     </span>
     <span class='ocr_line' id='line_1_23' title="bbox 186 2302 1458 2380; baseline -0.006 -16"><span class='ocrx_word' id='word_1_255' title='bbox 186 2311 340 2364; x_wconf 89' lang='lat' dir='ltr'>notationes</span> <span class='ocrx_word' id='word_1_256' title='bbox 356 2309 547 2380; x_wconf 82' lang='lat' dir='ltr'>llagnonianac</span> <span class='ocrx_word' id='word_1_257' title='bbox 570 2327 623 2364; x_wconf 90' lang='lat' dir='ltr'>nou</span> <span class='ocrx_word' id='word_1_258' title='bbox 647 2319 678 2364; x_wconf 90' lang='lat' dir='ltr'>ut</span> <span class='ocrx_word' id='word_1_259' title='bbox 693 2309 886 2379; x_wconf 75' lang='lat' dir='ltr'>Lugdunenses</span> <span class='ocrx_word' id='word_1_260' title='bbox 902 2311 928 2363; x_wconf 92' lang='lat' dir='ltr'>in</span> <span class='ocrx_word' id='word_1_261' title='bbox 944 2311 1003 2364; x_wconf 88' lang='lat' dir='ltr'>iure</span> <span class='ocrx_word' id='word_1_262' title='bbox 1019 2310 1132 2363; x_wconf 78' lang='lat' dir='ltr'>maxime</span> <span class='ocrx_word' id='word_1_263' title='bbox 1147 2315 1305 2370; x_wconf 81' lang='lat' dir='ltr'>versantur,</span> <span class='ocrx_word' id='word_1_264' title='bbox 1327 2307 1371 2362; x_wconf 85' lang='lat' dir='ltr'>sed</span> <span class='ocrx_word' id='word_1_265' title='bbox 1384 2302 1458 2360; x_wconf 74' lang='lat' dir='ltr'>ultro</span> 
     </span>
     <span class='ocr_line' id='line_1_24' title="bbox 185 2392 1465 2466; baseline -0.004 -19"><span class='ocrx_word' id='word_1_266' title='bbox 185 2395 271 2463; x_wconf 75' lang='lat' dir='ltr'>magis</span> <span class='ocrx_word' id='word_1_267' title='bbox 293 2392 509 2448; x_wconf 82' lang='lat' dir='ltr'>accommodatae</span> <span class='ocrx_word' id='word_1_268' title='bbox 526 2401 589 2448; x_wconf 85' lang='lat' dir='ltr'>sunt</span> <span class='ocrx_word' id='word_1_269' title='bbox 610 2395 643 2457; x_wconf 89' lang='lat' dir='ltr'>ad</span> <span class='ocrx_word' id='word_1_270' title='bbox 659 2394 732 2466; x_wconf 77' lang='lat' dir='ltr'>leges</span> <span class='ocrx_word' id='word_1_271' title='bbox 754 2401 781 2447; x_wconf 90' lang='lat' dir='ltr'>ct</span> <span class='ocrx_word' id='word_1_272' title='bbox 796 2395 1015 2448; x_wconf 88' lang='lat' dir='ltr'>constitutiones.</span> <span class='ocrx_word' id='word_1_273' title='bbox 1045 2393 1109 2447; x_wconf 77' lang='lat' dir='ltr'>Nam</span> <span class='ocrx_word' id='word_1_274' title='bbox 1126 2392 1159 2448; x_wconf 89' lang='lat' dir='ltr'>ad</span> <span class='ocrx_word' id='word_1_275' title='bbox 1174 2392 1266 2464; x_wconf 84' lang='lat' dir='ltr'>legum</span> <span class='ocrx_word' id='word_1_276' title='bbox 1286 2392 1465 2465; x_wconf 74' lang='lat' dir='ltr'>inscriptiones</span> 
     </span>
     <span class='ocr_line' id='line_1_25' title="bbox 185 2474 1471 2552; baseline 0 -21"><span class='ocrx_word' id='word_1_277' title='bbox 185 2481 323 2552; x_wconf 88' lang='lat' dir='ltr'>pertinent</span> <span class='ocrx_word' id='word_1_278' title='bbox 344 2494 404 2532; x_wconf 90' lang='lat' dir='ltr'>cum</span> <span class='ocrx_word' id='word_1_279' title='bbox 426 2480 620 2550; x_wconf 92' lang='lat' dir='ltr'>imperatorum</span> <span class='ocrx_word' id='word_1_280' title='bbox 643 2480 750 2533; x_wconf 90' lang='lat' dir='ltr'>nomina</span> <span class='ocrx_word' id='word_1_281' title='bbox 767 2476 938 2532; x_wconf 83' lang='lat' dir='ltr'>Hadrianus</span> <span class='ocrx_word' id='word_1_282' title='bbox 954 2478 1118 2533; x_wconf 79' lang='lat' dir='ltr'>Gordianus</span> <span class='ocrx_word' id='word_1_283' title='bbox 1133 2477 1272 2533; x_wconf 79' lang='lat' dir='ltr'>Claudius</span> <span class='ocrx_word' id='word_1_284' title='bbox 1285 2474 1471 2533; x_wconf 65' lang='lat' dir='ltr'>maman-⁶</span> 
     </span>
     <span class='ocr_line' id='line_1_26' title="bbox 187 2558 1477 2635; baseline -0.005 -19"><span class='ocrx_word' id='word_1_285' title='bbox 187 2561 388 2616; x_wconf 84' lang='lat' dir='ltr'>Constantinus</span> <span class='ocrx_word' id='word_1_286' title='bbox 405 2562 537 2617; x_wconf 87' lang='lat' dir='ltr'>Iulianas</span> <span class='ocrx_word' id='word_1_287' title='bbox 559 2563 717 2618; x_wconf 83' lang='lat' dir='ltr'>Gratianus</span> <span class='ocrx_word' id='word_1_288' title='bbox 732 2563 896 2628; x_wconf 78' lang='lat' dir='ltr'>Honorius,</span> <span class='ocrx_word' id='word_1_289' title='bbox 919 2562 1017 2635; x_wconf 89' lang='lat' dir='ltr'>quibus</span> <span class='ocrx_word' id='word_1_290' title='bbox 1033 2562 1164 2618; x_wconf 70' lang='lat' dir='ltr'>succedunt</span> <span class='ocrx_word' id='word_1_291' title='bbox 1178 2561 1305 2618; x_wconf 74' lang='lat' dir='ltr'>bit-nrt</span> <span class='ocrx_word' id='word_1_292' title='bbox 1314 2581 1356 2608; x_wconf 89' lang='lat'><strong><em>=</em></strong></span> <span class='ocrx_word' id='word_1_293' title='bbox 1369 2558 1477 2616; x_wconf 60' lang='lat' dir='ltr'>domim</span> 
     </span>
     <span class='ocr_line' id='line_1_27' title="bbox 185 2643 1482 2721; baseline -0.003 -20"><span class='ocrx_word' id='word_1_294' title='bbox 185 2649 278 2701; x_wconf 86' lang='lat' dir='ltr'>nostri</span> <span class='ocrx_word' id='word_1_295' title='bbox 293 2655 319 2701; x_wconf 93' lang='lat' dir='ltr'>et</span> <span class='ocrx_word' id='word_1_296' title='bbox 334 2648 414 2700; x_wconf 85' lang='lat' dir='ltr'>iidem</span> <span class='ocrx_word' id='word_1_297' title='bbox 431 2648 565 2718; x_wconf 68' lang='lat' dir='ltr'>Aapnsti·</span> <span class='ocrx_word' id='word_1_298' title='bbox 594 2655 649 2702; x_wconf 91' lang='lat' dir='ltr'>tum</span> <span class='ocrx_word' id='word_1_299' title='bbox 665 2664 759 2703; x_wconf 91' lang='lat' dir='ltr'>eorum</span> <span class='ocrx_word' id='word_1_300' title='bbox 776 2649 947 2720; x_wconf 86' lang='lat' dir='ltr'>potissimum</span> <span class='ocrx_word' id='word_1_301' title='bbox 964 2647 1063 2719; x_wconf 88' lang='lat' dir='ltr'>quibus</span> <span class='ocrx_word' id='word_1_302' title='bbox 1079 2649 1283 2721; x_wconf 89' lang='lat' dir='ltr'>rescripserunt</span> <span class='ocrx_word' id='word_1_303' title='bbox 1298 2643 1482 2720; x_wconf 66' lang='lat' dir='ltr'>imperatoref’</span> 
     </span>
     <span class='ocr_line' id='line_1_28' title="bbox 185 2729 1486 2803; baseline -0.002 -17"><span class='ocrx_word' id='word_1_304' title='bbox 185 2733 293 2787; x_wconf 88' lang='lat' dir='ltr'>nomina</span> <span class='ocrx_word' id='word_1_305' title='bbox 309 2731 448 2786; x_wconf 83' lang='lat' dir='ltr'>Antonius</span> <span class='ocrx_word' id='word_1_306' title='bbox 462 2733 597 2786; x_wconf 84' lang='lat' dir='ltr'>Aurelius</span> <span class='ocrx_word' id='word_1_307' title='bbox 621 2733 780 2788; x_wconf 85' lang='lat' dir='ltr'>Flauianus</span> <span class='ocrx_word' id='word_1_308' title='bbox 800 2732 840 2786; x_wconf 85' lang='lat' dir='ltr'>rel</span> <span class='ocrx_word' id='word_1_309' title='bbox 864 2735 955 2803; x_wconf 92' lang='lat' dir='ltr'>potius</span> <span class='ocrx_word' id='word_1_310' title='bbox 978 2733 1113 2790; x_wconf 72' lang='lat' dir='ltr'>Flavias·</span> <span class='ocrx_word' id='word_1_311' title='bbox 1140 2733 1205 2787; x_wconf 90' lang='lat' dir='ltr'>item</span> <span class='ocrx_word' id='word_1_312' title='bbox 1226 2733 1396 2803; x_wconf 79' lang='lat' dir='ltr'>magistratus</span> <span class='ocrx_word' id='word_1_313' title='bbox 1411 2729 1486 2783; x_wconf 67' lang='lat' dir='ltr'>not⁸</span> 
     </span>
     <span class='ocr_line' id='line_1_29' title="bbox 185 2807 1494 2890; baseline -0.001 -19"><span class='ocrx_word' id='word_1_314' title='bbox 185 2833 247 2871; x_wconf 88' lang='lat' dir='ltr'>raro</span> <span class='ocrx_word' id='word_1_315' title='bbox 258 2817 340 2870; x_wconf 89' lang='lat' dir='ltr'>tertio</span> <span class='ocrx_word' id='word_1_316' title='bbox 352 2832 416 2871; x_wconf 90' lang='lat' dir='ltr'>casu</span> <span class='ocrx_word' id='word_1_317' title='bbox 433 2818 566 2890; x_wconf 89' lang='lat' dir='ltr'>concepti,</span> <span class='ocrx_word' id='word_1_318' title='bbox 582 2824 613 2871; x_wconf 92' lang='lat' dir='ltr'>ut</span> <span class='ocrx_word' id='word_1_319' title='bbox 629 2824 693 2872; x_wconf 89' lang='lat' dir='ltr'>sunt</span> <span class='ocrx_word' id='word_1_320' title='bbox 708 2819 862 2882; x_wconf 80' lang='lat' dir='ltr'>causatori,</span> <span class='ocrx_word' id='word_1_321' title='bbox 879 2819 1046 2882; x_wconf 81' lang='lat' dir='ltr'>correctori,</span> <span class='ocrx_word' id='word_1_322' title='bbox 1063 2831 1196 2872; x_wconf 86' lang='lat' dir='ltr'>annonae</span> <span class='ocrx_word' id='word_1_323' title='bbox 1209 2815 1367 2888; x_wconf 77' lang='lat' dir='ltr'>praesecto,</span> <span class='ocrx_word' id='word_1_324' title='bbox 1380 2807 1494 2870; x_wconf 72' lang='lat' dir='ltr'>cone5</span> 
     </span>
     <span class='ocr_line' id='line_1_30' title="bbox 187 2900 1497 2973; baseline -0.003 -18"><span class='ocrx_word' id='word_1_325' title='bbox 187 2900 319 2961; x_wconf 82' lang='lat' dir='ltr'>Orientis,</span> <span class='ocrx_word' id='word_1_326' title='bbox 335 2916 428 2956; x_wconf 85' lang='lat' dir='ltr'>comcs</span> <span class='ocrx_word' id='word_1_327' title='bbox 442 2917 596 2956; x_wconf 85' lang='lat' dir='ltr'>sacrarum</span> <span class='ocrx_word' id='word_1_328' title='bbox 611 2902 802 2973; x_wconf 71' lang='lat' dir='ltr'>larpitionum</span> <span class='ocrx_word' id='word_1_329' title='bbox 819 2916 911 2955; x_wconf 76' lang='lat' dir='ltr'>rantes</span> <span class='ocrx_word' id='word_1_330' title='bbox 926 2903 1153 2968; x_wconf 85' lang='lat' dir='ltr'>domesticorum,</span> <span class='ocrx_word' id='word_1_331' title='bbox 1169 2916 1264 2956; x_wconf 86' lang='lat' dir='ltr'>comes</span> <span class='ocrx_word' id='word_1_332' title='bbox 1278 2903 1323 2955; x_wconf 85' lang='lat' dir='ltr'>rei</span> <span class='ocrx_word' id='word_1_333' title='bbox 1332 2902 1497 2971; x_wconf 57' lang='lat' dir='ltr'>minaces</span> 
     </span>
     <span class='ocr_line' id='line_1_31' title="bbox 184 2971 1501 3060; baseline -0.004 -20"><span class='ocrx_word' id='word_1_334' title='bbox 184 3000 277 3040; x_wconf 85' lang='lat' dir='ltr'>comcs</span> <span class='ocrx_word' id='word_1_335' title='bbox 298 3000 396 3038; x_wconf 84' lang='lat' dir='ltr'>reram</span> <span class='ocrx_word' id='word_1_336' title='bbox 419 2987 583 3044; x_wconf 71' lang='lat' dir='ltr'>nitendum,-</span> <span class='ocrx_word' id='word_1_337' title='bbox 612 2994 638 3039; x_wconf 88' lang='lat' dir='ltr'>et</span> <span class='ocrx_word' id='word_1_338' title='bbox 659 2988 857 3060; x_wconf 81' lang='lat' dir='ltr'>provinciarum</span> <span class='ocrx_word' id='word_1_339' title='bbox 879 2996 1008 3058; x_wconf 76' lang='lat' dir='ltr'>etrrrcepta</span> <span class='ocrx_word' id='word_1_340' title='bbox 1030 3003 1093 3041; x_wconf 88' lang='lat' dir='ltr'>casu</span> <span class='ocrx_word' id='word_1_341' title='bbox 1117 2987 1173 3040; x_wconf 88' lang='lat' dir='ltr'>lere</span> <span class='ocrx_word' id='word_1_342' title='bbox 1195 2985 1328 3047; x_wconf 86' lang='lat' dir='ltr'>secundo.</span> <span class='ocrx_word' id='word_1_343' title='bbox 1357 2992 1386 3039; x_wconf 91' lang='lat' dir='ltr'>nt</span> <span class='ocrx_word' id='word_1_344' title='bbox 1406 2971 1501 3037; x_wconf 66' lang='lat' dir='ltr'>sm·t</span> 
     </span>
     <span class='ocr_line' id='line_1_32' title="bbox 184 3067 1505 3145; baseline -0.002 -22"><span class='ocrx_word' id='word_1_345' title='bbox 184 3067 303 3138; x_wconf 75' lang='lat' dir='ltr'>Africae</span> <span class='ocrx_word' id='word_1_346' title='bbox 320 3071 404 3124; x_wconf 81' lang='lat' dir='ltr'>Asiae</span> <span class='ocrx_word' id='word_1_347' title='bbox 420 3071 546 3125; x_wconf 75' lang='lat' dir='ltr'>Achaiae</span> <span class='ocrx_word' id='word_1_348' title='bbox 562 3071 684 3140; x_wconf 75' lang='lat' dir='ltr'>Apraliac</span> <span class='ocrx_word' id='word_1_349' title='bbox 706 3071 863 3141; x_wconf 83' lang='lat' dir='ltr'>Campania</span> <span class='ocrx_word' id='word_1_350' title='bbox 887 3069 1003 3126; x_wconf 85' lang='lat' dir='ltr'>Corsica</span> <span class='ocrx_word' id='word_1_351' title='bbox 1026 3071 1177 3128; x_wconf 73' lang='lat' dir='ltr'>Calabria:</span> <span class='ocrx_word' id='word_1_352' title='bbox 1202 3070 1247 3126; x_wconf 92' lang='lat' dir='ltr'>ubi</span> <span class='ocrx_word' id='word_1_353' title='bbox 1268 3078 1402 3145; x_wconf 84' lang='lat' dir='ltr'>praeterea</span> <span class='ocrx_word' id='word_1_354' title='bbox 1420 3072 1505 3121; x_wconf 68' lang='grc' dir='ltr'>ω’</span> 
     </span>
     <span class='ocr_line' id='line_1_33' title="bbox 186 3153 1505 3228; baseline -0.003 -21"><span class='ocrx_word' id='word_1_355' title='bbox 186 3153 295 3208; x_wconf 91' lang='lat' dir='ltr'>tandum</span> <span class='ocrx_word' id='word_1_356' title='bbox 317 3163 358 3206; x_wconf 90' lang='lat' dir='ltr'>est</span> <span class='ocrx_word' id='word_1_357' title='bbox 385 3155 517 3209; x_wconf 86' lang='lat' dir='ltr'>eiusmodi</span> <span class='ocrx_word' id='word_1_358' title='bbox 540 3160 694 3210; x_wconf 88' lang='lat' dir='ltr'>notationes</span> <span class='ocrx_word' id='word_1_359' title='bbox 716 3172 769 3210; x_wconf 92' lang='lat' dir='ltr'>non</span> <span class='ocrx_word' id='word_1_360' title='bbox 793 3157 905 3227; x_wconf 87' lang='lat' dir='ltr'>reperiri</span> <span class='ocrx_word' id='word_1_361' title='bbox 930 3156 986 3210; x_wconf 87' lang='lat' dir='ltr'>lere</span> <span class='ocrx_word' id='word_1_362' title='bbox 1008 3158 1060 3209; x_wconf 89' lang='lat' dir='ltr'>nisi</span> <span class='ocrx_word' id='word_1_363' title='bbox 1086 3157 1112 3209; x_wconf 91' lang='lat' dir='ltr'>iu</span> <span class='ocrx_word' id='word_1_364' title='bbox 1134 3154 1223 3211; x_wconf 89' lang='lat' dir='ltr'>tribus</span> <span class='ocrx_word' id='word_1_365' title='bbox 1248 3157 1342 3228; x_wconf 90' lang='lat' dir='ltr'>primis</span> <span class='ocrx_word' id='word_1_366' title='bbox 1366 3153 1505 3208; x_wconf 60' lang='lat' dir='ltr'>litterifi·</span> 
     </span>
     <span class='ocr_line' id='line_1_34' title="bbox 184 3233 1508 3310; baseline -0.002 -18"><span class='ocrx_word' id='word_1_367' title='bbox 184 3237 421 3310; x_wconf 86' lang='lat' dir='ltr'>Subscriptionuur</span> <span class='ocrx_word' id='word_1_368' title='bbox 452 3248 539 3294; x_wconf 86' lang='lat' dir='ltr'>autem</span> <span class='ocrx_word' id='word_1_369' title='bbox 571 3248 651 3294; x_wconf 89' lang='lat' dir='ltr'>notae</span> <span class='ocrx_word' id='word_1_370' title='bbox 682 3249 746 3295; x_wconf 90' lang='lat' dir='ltr'>suut</span> <span class='ocrx_word' id='word_1_371' title='bbox 775 3242 843 3295; x_wconf 81' lang='lat' dir='ltr'>tiata</span> <span class='ocrx_word' id='word_1_372' title='bbox 872 3241 976 3295; x_wconf 87' lang='lat' dir='ltr'>emissa</span> <span class='ocrx_word' id='word_1_373' title='bbox 1006 3241 1151 3305; x_wconf 84' lang='lat' dir='ltr'>antelata,</span> <span class='ocrx_word' id='word_1_374' title='bbox 1187 3241 1269 3310; x_wconf 84' lang='lat' dir='ltr'>apud</span> <span class='ocrx_word' id='word_1_375' title='bbox 1293 3233 1508 3310; x_wconf 68' lang='lat' dir='ltr'>praesectuffl</span> 
     </span>
     <span class='ocr_line' id='line_1_35' title="bbox 181 3311 1509 3395; baseline 0.006 -20"><span class='ocrx_word' id='word_1_376' title='bbox 181 3324 345 3392; x_wconf 84' lang='lat' dir='ltr'>practorio,</span> <span class='ocrx_word' id='word_1_377' title='bbox 374 3325 455 3393; x_wconf 82' lang='lat' dir='ltr'>apud</span> <span class='ocrx_word' id='word_1_378' title='bbox 475 3323 659 3395; x_wconf 75' lang='lat' dir='ltr'>praefectum</span> <span class='ocrx_word' id='word_1_379' title='bbox 681 3327 758 3390; x_wconf 87' lang='lat' dir='ltr'>urbi,</span> <span class='ocrx_word' id='word_1_380' title='bbox 786 3333 813 3379; x_wconf 89' lang='lat' dir='ltr'>et</span> <span class='ocrx_word' id='word_1_381' title='bbox 835 3342 923 3379; x_wconf 84' lang='lat' dir='ltr'>marra</span> <span class='ocrx_word' id='word_1_382' title='bbox 945 3326 1055 3390; x_wconf 83' lang='lat' dir='ltr'>diuina,</span> <span class='ocrx_word' id='word_1_383' title='bbox 1083 3324 1209 3380; x_wconf 85' lang='lat' dir='ltr'>Datiano</span> <span class='ocrx_word' id='word_1_384' title='bbox 1230 3311 1509 3394; x_wconf 56' lang='lat' dir='ltr'>(consulentes)</span> 
     </span>
     <span class='ocr_line' id='line_1_36' title="bbox 184 3406 1508 3482; baseline 0 -22"><span class='ocrx_word' id='word_1_385' title='bbox 184 3406 283 3479; x_wconf 89' lang='lat' dir='ltr'>quibus</span> <span class='ocrx_word' id='word_1_386' title='bbox 310 3408 413 3462; x_wconf 88' lang='lat' dir='ltr'>accedit</span> <span class='ocrx_word' id='word_1_387' title='bbox 439 3425 470 3463; x_wconf 83' lang='lat' dir='ltr'>es</span> <span class='ocrx_word' id='word_1_388' title='bbox 497 3411 582 3478; x_wconf 78' lang='lat' dir='ltr'>gestis</span> <span class='ocrx_word' id='word_1_389' title='bbox 609 3412 693 3482; x_wconf 91' lang='lat' dir='ltr'>petita</span> <span class='ocrx_word' id='word_1_390' title='bbox 721 3412 825 3464; x_wconf 88' lang='lat' dir='ltr'>notatio</span> <span class='ocrx_word' id='word_1_391' title='bbox 852 3411 957 3464; x_wconf 77' lang='lat' dir='ltr'>alirtrtm</span> <span class='ocrx_word' id='word_1_392' title='bbox 983 3411 1092 3465; x_wconf 81' lang='lat' dir='ltr'>decies:</span> <span class='ocrx_word' id='word_1_393' title='bbox 1121 3410 1187 3464; x_wconf 91' lang='lat' dir='ltr'>item</span> <span class='ocrx_word' id='word_1_394' title='bbox 1220 3409 1329 3465; x_wconf 92' lang='lat' dir='ltr'>urbium</span> <span class='ocrx_word' id='word_1_395' title='bbox 1358 3409 1508 3464; x_wconf 69' lang='lat' dir='ltr'>uomina·</span> 
     </span>
     <span class='ocr_line' id='line_1_37' title="bbox 185 3482 1511 3567; baseline -0.001 -22"><span class='ocrx_word' id='word_1_396' title='bbox 185 3499 214 3545; x_wconf 95' lang='lat' dir='ltr'>ut</span> <span class='ocrx_word' id='word_1_397' title='bbox 231 3487 271 3544; x_wconf 82' lang='lat' dir='ltr'>est</span> <span class='ocrx_word' id='word_1_398' title='bbox 288 3491 427 3562; x_wconf 74' lang='lat' dir='ltr'>Aperileia.</span> <span class='ocrx_word' id='word_1_399' title='bbox 458 3494 497 3547; x_wconf 77' lang='lat' dir='ltr'>dd</span> <span class='ocrx_word' id='word_1_400' title='bbox 514 3496 587 3566; x_wconf 87' lang='lat' dir='ltr'>ipsas</span> <span class='ocrx_word' id='word_1_401' title='bbox 609 3493 724 3567; x_wconf 71' lang='lat' dir='ltr'>«lenique</span> <span class='ocrx_word' id='word_1_402' title='bbox 747 3494 819 3565; x_wconf 70' lang='lat' dir='ltr'>leges</span> <span class='ocrx_word' id='word_1_403' title='bbox 843 3497 979 3567; x_wconf 88' lang='lat' dir='ltr'>pertinent</span> <span class='ocrx_word' id='word_1_404' title='bbox 1003 3493 1134 3550; x_wconf 89' lang='lat' dir='ltr'>iormulae</span> <span class='ocrx_word' id='word_1_405' title='bbox 1158 3494 1252 3566; x_wconf 78' lang='lat' dir='ltr'>aprrrrles</span> <span class='ocrx_word' id='word_1_406' title='bbox 1274 3501 1339 3550; x_wconf 92' lang='lat' dir='ltr'>sunt</span> <span class='ocrx_word' id='word_1_407' title='bbox 1357 3482 1511 3547; x_wconf 66' lang='lat' dir='ltr'>illustr-¹⁹5</span> 
     </span>
     <span class='ocr_line' id='line_1_38' title="bbox 184 3577 1508 3650; baseline 0.002 -22"><span class='ocrx_word' id='word_1_408' title='bbox 184 3577 395 3646; x_wconf 77' lang='lat' dir='ltr'>mapnifircntia</span> <span class='ocrx_word' id='word_1_409' title='bbox 411 3583 476 3644; x_wconf 87' lang='lat' dir='ltr'>tua,</span> <span class='ocrx_word' id='word_1_410' title='bbox 499 3579 620 3633; x_wconf 84' lang='lat' dir='ltr'>illustris</span> <span class='ocrx_word' id='word_1_411' title='bbox 635 3581 791 3634; x_wconf 83' lang='lat' dir='ltr'>sublimitas</span> <span class='ocrx_word' id='word_1_412' title='bbox 807 3587 871 3637; x_wconf 84' lang='lat' dir='ltr'>tara.</span> <span class='ocrx_word' id='word_1_413' title='bbox 895 3582 1026 3650; x_wconf 79' lang='lat' dir='ltr'>pronitas</span> <span class='ocrx_word' id='word_1_414' title='bbox 1041 3584 1104 3643; x_wconf 85' lang='lat' dir='ltr'>tata,</span> <span class='ocrx_word' id='word_1_415' title='bbox 1131 3581 1302 3634; x_wconf 76' lang='lat' dir='ltr'>excellentia</span> <span class='ocrx_word' id='word_1_416' title='bbox 1317 3585 1374 3641; x_wconf 76' lang='lat' dir='ltr'>tata,</span> <span class='ocrx_word' id='word_1_417' title='bbox 1389 3579 1508 3647; x_wconf 61' lang='lat' dir='ltr'>eapss‘</span> 
     </span>
     <span class='ocr_line' id='line_1_39' title="bbox 185 3657 1506 3734; baseline 0.002 -22"><span class='ocrx_word' id='word_1_418' title='bbox 185 3661 289 3713; x_wconf 88' lang='lat' dir='ltr'>rientia</span> <span class='ocrx_word' id='word_1_419' title='bbox 305 3667 363 3725; x_wconf 89' lang='lat' dir='ltr'>tua,</span> <span class='ocrx_word' id='word_1_420' title='bbox 381 3664 540 3717; x_wconf 78' lang='lat' dir='ltr'>arroteritae</span> <span class='ocrx_word' id='word_1_421' title='bbox 556 3670 619 3727; x_wconf 82' lang='lat' dir='ltr'>rua,</span> <span class='ocrx_word' id='word_1_422' title='bbox 637 3666 676 3719; x_wconf 89' lang='lat' dir='ltr'>ad</span> <span class='ocrx_word' id='word_1_423' title='bbox 687 3670 855 3734; x_wconf 82' lang='lat' dir='ltr'>potestatem</span> <span class='ocrx_word' id='word_1_424' title='bbox 872 3672 965 3731; x_wconf 78' lang='lat' dir='ltr'>tritam,</span> <span class='ocrx_word' id='word_1_425' title='bbox 989 3679 1098 3734; x_wconf 87' lang='lat' dir='ltr'>parens</span> <span class='ocrx_word' id='word_1_426' title='bbox 1114 3664 1279 3728; x_wconf 73' lang='lat' dir='ltr'>karissime,</span> <span class='ocrx_word' id='word_1_427' title='bbox 1296 3667 1377 3719; x_wconf 82' lang='lat' dir='ltr'>cuias</span> <span class='ocrx_word' id='word_1_428' title='bbox 1390 3663 1422 3716; x_wconf 83' lang='lat' dir='ltr'>dc</span> <span class='ocrx_word' id='word_1_429' title='bbox 1435 3657 1506 3714; x_wconf 60' lang='grc' dir='ltr'>εὖ</span> 
     </span>
     <span class='ocr_line' id='line_1_40' title="bbox 183 3745 1501 3823; baseline 0.002 -27"><span class='ocrx_word' id='word_1_430' title='bbox 183 3759 216 3796; x_wconf 86' lang='lat' dir='ltr'>rc</span> <span class='ocrx_word' id='word_1_431' title='bbox 238 3747 313 3797; x_wconf 88' lang='lat' dir='ltr'>notio</span> <span class='ocrx_word' id='word_1_432' title='bbox 334 3753 375 3800; x_wconf 89' lang='lat' dir='ltr'>est</span> <span class='ocrx_word' id='word_1_433' title='bbox 397 3745 442 3815; x_wconf 87' lang='lat' dir='ltr'>(ci.</span> <span class='ocrx_word' id='word_1_434' title='bbox 460 3746 516 3799; x_wconf 84' lang='lat' dir='ltr'>Vat.</span> <span class='ocrx_word' id='word_1_435' title='bbox 534 3747 568 3801; x_wconf 88' lang='lat' dir='ltr'>ir.</span> <span class='ocrx_word' id='word_1_436' title='bbox 587 3746 604 3814; x_wconf 66' lang='lat' dir='ltr'>S</span> <span class='ocrx_word' id='word_1_437' title='bbox 621 3747 695 3817; x_wconf 83' lang='lat'><strong>313),</strong></span> <span class='ocrx_word' id='word_1_438' title='bbox 720 3757 868 3819; x_wconf 84' lang='lat' dir='ltr'>amputata</span> <span class='ocrx_word' id='word_1_439' title='bbox 893 3758 919 3803; x_wconf 88' lang='lat' dir='ltr'>et</span> <span class='ocrx_word' id='word_1_440' title='bbox 942 3750 1086 3823; x_wconf 86' lang='lat' dir='ltr'>pleraeque</span> <span class='ocrx_word' id='word_1_441' title='bbox 1107 3749 1184 3804; x_wconf 89' lang='lat' dir='ltr'>aliae.</span> <span class='ocrx_word' id='word_1_442' title='bbox 1214 3750 1364 3805; x_wconf 77' lang='lat' dir='ltr'>Christiana</span> <span class='ocrx_word' id='word_1_443' title='bbox 1385 3745 1501 3802; x_wconf 64' lang='lat' dir='ltr'>autem</span> 
     </span>
     <span class='ocr_line' id='line_1_41' title="bbox 184 3823 1498 3901; baseline 0.002 -19"><span class='ocrx_word' id='word_1_444' title='bbox 184 3829 271 3901; x_wconf 88' lang='lat' dir='ltr'>reperi</span> <span class='ocrx_word' id='word_1_445' title='bbox 288 3828 361 3883; x_wconf 87' lang='lat' dir='ltr'>nulla</span> <span class='ocrx_word' id='word_1_446' title='bbox 378 3832 429 3884; x_wconf 90' lang='lat' dir='ltr'>uisi</span> <span class='ocrx_word' id='word_1_447' title='bbox 447 3831 562 3884; x_wconf 83' lang='lat' dir='ltr'>fortasse</span> <span class='ocrx_word' id='word_1_448' title='bbox 584 3830 632 3891; x_wconf 60' lang='lat' dir='ltr'>&#39;1ss</span> <span class='ocrx_word' id='word_1_449' title='bbox 649 3833 733 3898; x_wconf 78' lang='lat' dir='ltr'>deris,</span> <span class='ocrx_word' id='word_1_450' title='bbox 756 3850 805 3888; x_wconf 91' lang='lat' dir='ltr'>uec</span> <span class='ocrx_word' id='word_1_451' title='bbox 822 3834 950 3889; x_wconf 86' lang='lat' dir='ltr'>barbarae</span> <span class='ocrx_word' id='word_1_452' title='bbox 966 3836 1061 3889; x_wconf 89' lang='lat' dir='ltr'>aetatis</span> <span class='ocrx_word' id='word_1_453' title='bbox 1078 3833 1132 3888; x_wconf 91' lang='lat' dir='ltr'>ulla</span> <span class='ocrx_word' id='word_1_454' title='bbox 1147 3842 1221 3889; x_wconf 88' lang='lat' dir='ltr'>certa</span> <span class='ocrx_word' id='word_1_455' title='bbox 1237 3833 1348 3896; x_wconf 86' lang='lat' dir='ltr'>indicia;</span> <span class='ocrx_word' id='word_1_456' title='bbox 1370 3848 1426 3887; x_wconf 76' lang='lat' dir='ltr'>nan</span> <span class='ocrx_word' id='word_1_457' title='bbox 1447 3823 1498 3879; x_wconf 69' lang='lat'>2&#39;71</span> 
     </span>
     <span class='ocr_line' id='line_1_42' title="bbox 183 3899 1494 3989; baseline 0.005 -25"><span class='ocrx_word' id='word_1_458' title='bbox 183 3927 280 3965; x_wconf 84' lang='lat' dir='ltr'>sasrtrn</span> <span class='ocrx_word' id='word_1_459' title='bbox 303 3930 356 3966; x_wconf 88' lang='lat' dir='ltr'>uon</span> <span class='ocrx_word' id='word_1_460' title='bbox 372 3914 491 3968; x_wconf 87' lang='lat' dir='ltr'>deterius</span> <span class='ocrx_word' id='word_1_461' title='bbox 512 3924 554 3968; x_wconf 88' lang='lat' dir='ltr'>est</span> <span class='ocrx_word' id='word_1_462' title='bbox 570 3933 649 3987; x_wconf 86' lang='lat' dir='ltr'>qrram</span> <span class='ocrx_word' id='word_1_463' title='bbox 672 3935 726 3989; x_wconf 85' lang='lat' dir='ltr'>qrro</span> <span class='ocrx_word' id='word_1_464' title='bbox 742 3936 809 3973; x_wconf 91' lang='lat' dir='ltr'>usus</span> <span class='ocrx_word' id='word_1_465' title='bbox 832 3929 870 3973; x_wconf 86' lang='lat' dir='ltr'>est</span> <span class='ocrx_word' id='word_1_466' title='bbox 889 3920 1016 3989; x_wconf 73' lang='lat' dir='ltr'>vegetius</span> <span class='ocrx_word' id='word_1_467' title='bbox 1038 3920 1066 3972; x_wconf 88' lang='lat' dir='ltr'>in</span> <span class='ocrx_word' id='word_1_468' title='bbox 1088 3927 1154 3972; x_wconf 85' lang='lat' dir='ltr'>ante</span> <span class='ocrx_word' id='word_1_469' title='bbox 1175 3919 1335 3974; x_wconf 90' lang='lat' dir='ltr'>vocabulum</span> <span class='ocrx_word' id='word_1_470' title='bbox 1356 3925 1383 3973; x_wconf 92' lang='lat' dir='ltr'>et</span> <span class='ocrx_word' id='word_1_471' title='bbox 1401 3899 1494 3989; x_wconf 71' lang='lat' dir='ltr'>quod</span> 
     </span>
     <span class='ocr_line' id='line_1_43' title="bbox 183 3995 1486 4074; baseline 0.005 -25"><span class='ocrx_word' id='word_1_472' title='bbox 183 3995 1486 4074; x_wconf 68' lang='lat' dir='ltr'>beneficiaaliquotiescorruuemornntur(herispoium,beneficio,debcneficiobeneficiilocvr</span> 
     </span>
     <span class='ocr_line' id='line_1_44' title="bbox 183 4080 1485 4162; baseline 0.004 -29"><span class='ocrx_word' id='word_1_473' title='bbox 183 4080 490 4153; x_wconf 71' lang='lat' dir='ltr'>beneficiumrteatitlcst</span> <span class='ocrx_word' id='word_1_474' title='bbox 499 4083 605 4155; x_wconf 81' lang='lat' dir='ltr'>rpridem</span> <span class='ocrx_word' id='word_1_475' title='bbox 618 4087 800 4146; x_wconf 85' lang='lat' dir='ltr'>uremorabile.</span> <span class='ocrx_word' id='word_1_476' title='bbox 814 4088 859 4142; x_wconf 84' lang='lat' dir='ltr'>sed</span> <span class='ocrx_word' id='word_1_477' title='bbox 868 4088 1176 4143; x_wconf 82' lang='lat' dir='ltr'>acceditaddocumenta</span> <span class='ocrx_word' id='word_1_478' title='bbox 1189 4086 1485 4162; x_wconf 71' lang='lat' dir='ltr'>enquibusevincitur</span> 
     </span>
     <span class='ocr_line' id='line_1_45' title="bbox 183 4162 1479 4246; baseline 0.006 -28"><span class='ocrx_word' id='word_1_479' title='bbox 183 4171 210 4218; x_wconf 90' lang='lat' dir='ltr'>et</span> <span class='ocrx_word' id='word_1_480' title='bbox 227 4167 380 4220; x_wconf 87' lang='lat' dir='ltr'>institutum</span> <span class='ocrx_word' id='word_1_481' title='bbox 397 4175 422 4221; x_wconf 90' lang='lat' dir='ltr'>et</span> <span class='ocrx_word' id='word_1_482' title='bbox 440 4170 528 4240; x_wconf 92' lang='lat' dir='ltr'>ipsum</span> <span class='ocrx_word' id='word_1_483' title='bbox 545 4170 703 4225; x_wconf 85' lang='lat' dir='ltr'>vocabulum</span> <span class='ocrx_word' id='word_1_484' title='bbox 720 4191 733 4227; x_wconf 96' lang='lat' dir='ltr'>a</span> <span class='ocrx_word' id='word_1_485' title='bbox 751 4172 875 4228; x_wconf 86' lang='lat' dir='ltr'>llommris</span> <span class='ocrx_word' id='word_1_486' title='bbox 897 4174 1073 4246; x_wconf 89' lang='lat' dir='ltr'>repetendum</span> <span class='ocrx_word' id='word_1_487' title='bbox 1089 4189 1150 4228; x_wconf 89' lang='lat' dir='ltr'>esse</span> <span class='ocrx_word' id='word_1_488' title='bbox 1172 4171 1217 4244; x_wconf 90' lang='lat' dir='ltr'>(ci.</span> <span class='ocrx_word' id='word_1_489' title='bbox 1235 4174 1322 4230; x_wconf 82' lang='lat' dir='ltr'>Waltz</span> <span class='ocrx_word' id='word_1_490' title='bbox 1343 4162 1479 4228; x_wconf 62' lang='lat' dir='ltr'>deutsche</span> 
     </span>
     <span class='ocr_line' id='line_1_46' title="bbox 191 4247 1470 4330; baseline 0.005 -28"><span class='ocrx_word' id='word_1_491' title='bbox 191 4247 547 4323; x_wconf 76' lang='lat' dir='ltr'>Versassunpspcsctricbtc</span> <span class='ocrx_word' id='word_1_492' title='bbox 569 4259 593 4315; x_wconf 69' lang='grc' dir='ltr'>ἱ),</span> <span class='ocrx_word' id='word_1_493' title='bbox 611 4254 679 4325; x_wconf 80' lang='lat' dir='ltr'>too).</span> <span class='ocrx_word' id='word_1_494' title='bbox 707 4288 747 4294; x_wconf 82' lang='lat'>—</span> <span class='ocrx_word' id='word_1_495' title='bbox 773 4257 874 4324; x_wconf 79' lang='lat' dir='ltr'>Qrmrtn</span> <span class='ocrx_word' id='word_1_496' title='bbox 897 4258 1004 4313; x_wconf 88' lang='lat' dir='ltr'>sacculo</span> <span class='ocrx_word' id='word_1_497' title='bbox 1029 4259 1208 4330; x_wconf 88' lang='lat' dir='ltr'>posteriorem</span> <span class='ocrx_word' id='word_1_498' title='bbox 1235 4274 1297 4313; x_wconf 90' lang='lat' dir='ltr'>esse</span> <span class='ocrx_word' id='word_1_499' title='bbox 1319 4254 1470 4313; x_wconf 75' lang='lat' dir='ltr'>laterculum</span> 
     </span>
     <span class='ocr_line' id='line_1_47' title="bbox 183 4329 1466 4413; baseline 0.004 -24"><span class='ocrx_word' id='word_1_500' title='bbox 183 4351 243 4389; x_wconf 88' lang='lat' dir='ltr'>cunr</span> <span class='ocrx_word' id='word_1_501' title='bbox 260 4334 300 4388; x_wconf 89' lang='lat' dir='ltr'>vol</span> <span class='ocrx_word' id='word_1_502' title='bbox 318 4335 405 4390; x_wconf 90' lang='lat' dir='ltr'>solum</span> <span class='ocrx_word' id='word_1_503' title='bbox 424 4338 533 4393; x_wconf 90' lang='lat' dir='ltr'>lionorii</span> <span class='ocrx_word' id='word_1_504' title='bbox 550 4356 646 4394; x_wconf 85' lang='lat' dir='ltr'>uorrren</span> <span class='ocrx_word' id='word_1_505' title='bbox 664 4341 803 4402; x_wconf 88' lang='lat' dir='ltr'>ostemlat,</span> <span class='ocrx_word' id='word_1_506' title='bbox 827 4343 859 4397; x_wconf 88' lang='lat' dir='ltr'>ad</span> <span class='ocrx_word' id='word_1_507' title='bbox 875 4351 990 4398; x_wconf 89' lang='lat' dir='ltr'>aetatem</span> <span class='ocrx_word' id='word_1_508' title='bbox 1013 4345 1092 4397; x_wconf 89' lang='lat' dir='ltr'>etiam</span> <span class='ocrx_word' id='word_1_509' title='bbox 1110 4342 1267 4398; x_wconf 79' lang='lat' dir='ltr'>interiorem</span> <span class='ocrx_word' id='word_1_510' title='bbox 1283 4343 1358 4399; x_wconf 89' lang='lat' dir='ltr'>ducit</span> <span class='ocrx_word' id='word_1_511' title='bbox 1377 4329 1466 4413; x_wconf 74' lang='lat' dir='ltr'>quilii</span> 
     </span>
     <span class='ocr_line' id='line_1_48' title="bbox 183 4425 1459 4494; baseline 0.003 -22"><span class='ocrx_word' id='word_1_512' title='bbox 183 4426 224 4473; x_wconf 83' lang='lat' dir='ltr'>est</span> <span class='ocrx_word' id='word_1_513' title='bbox 240 4436 332 4473; x_wconf 75' lang='lat' dir='ltr'>cautes</span> <span class='ocrx_word' id='word_1_514' title='bbox 349 4438 440 4475; x_wconf 93' lang='lat' dir='ltr'>rerum</span> <span class='ocrx_word' id='word_1_515' title='bbox 458 4425 609 4485; x_wconf 86' lang='lat' dir='ltr'>nitentium.</span> <span class='ocrx_word' id='word_1_516' title='bbox 626 4442 687 4479; x_wconf 88' lang='lat' dir='ltr'>curn</span> <span class='ocrx_word' id='word_1_517' title='bbox 703 4443 804 4481; x_wconf 85' lang='lat' dir='ltr'>casces</span> <span class='ocrx_word' id='word_1_518' title='bbox 821 4429 921 4482; x_wconf 84' lang='lat' dir='ltr'>curarit</span> <span class='ocrx_word' id='word_1_519' title='bbox 934 4429 1125 4482; x_wconf 85' lang='lat' dir='ltr'>Constantiana</span> <span class='ocrx_word' id='word_1_520' title='bbox 1141 4436 1230 4482; x_wconf 89' lang='lat' dir='ltr'>aetate</span> <span class='ocrx_word' id='word_1_521' title='bbox 1245 4428 1368 4483; x_wconf 91' lang='lat' dir='ltr'>centurio</span> <span class='ocrx_word' id='word_1_522' title='bbox 1380 4425 1459 4494; x_wconf 79' lang='lat' dir='ltr'>(tan-</span> 
     </span>
     <span class='ocr_line' id='line_1_49' title="bbox 182 4503 1457 4586; baseline 0.002 -28"><span class='ocrx_word' id='word_1_523' title='bbox 182 4503 261 4558; x_wconf 86' lang='lat' dir='ltr'>blarc.</span> <span class='ocrx_word' id='word_1_524' title='bbox 281 4507 318 4564; x_wconf 76' lang='lat' dir='ltr'>itt,</span> <span class='ocrx_word' id='word_1_525' title='bbox 334 4510 358 4564; x_wconf 84' lang='lat' dir='ltr'>a,</span> <span class='ocrx_word' id='word_1_526' title='bbox 376 4505 416 4575; x_wconf 79' lang='lat'>2),</span> <span class='ocrx_word' id='word_1_527' title='bbox 434 4507 484 4562; x_wconf 92' lang='lat' dir='ltr'>sub</span> <span class='ocrx_word' id='word_1_528' title='bbox 501 4508 621 4563; x_wconf 88' lang='lat' dir='ltr'>lionorio</span> <span class='ocrx_word' id='word_1_529' title='bbox 639 4510 764 4566; x_wconf 89' lang='lat' dir='ltr'>trilmuus</span> <span class='ocrx_word' id='word_1_530' title='bbox 781 4509 851 4580; x_wconf 86' lang='lat' dir='ltr'>(Not.</span> <span class='ocrx_word' id='word_1_531' title='bbox 868 4530 924 4567; x_wconf 91' lang='lat' dir='ltr'>occ.</span> <span class='ocrx_word' id='word_1_532' title='bbox 942 4531 965 4567; x_wconf 89' lang='lat' dir='ltr'>c.</span> <span class='ocrx_word' id='word_1_533' title='bbox 983 4517 999 4563; x_wconf 77' lang='lat' dir='ltr'>t</span> <span class='ocrx_word' id='word_1_534' title='bbox 1013 4511 1105 4584; x_wconf 83' lang='lat' dir='ltr'>ibique</span> <span class='ocrx_word' id='word_1_535' title='bbox 1119 4511 1251 4584; x_wconf 78' lang='lat' dir='ltr'>Boebiug)</span> <span class='ocrx_word' id='word_1_536' title='bbox 1266 4528 1355 4586; x_wconf 88' lang='lat' dir='ltr'>neque</span> <span class='ocrx_word' id='word_1_537' title='bbox 1370 4503 1457 4566; x_wconf 82' lang='lat' dir='ltr'>canitis</span> 
     </span>
     <span class='ocr_line' id='line_1_50' title="bbox 181 4589 1457 4669; baseline 0.003 -28"><span class='ocrx_word' id='word_1_538' title='bbox 181 4604 278 4643; x_wconf 90' lang='lat' dir='ltr'>nomeu</span> <span class='ocrx_word' id='word_1_539' title='bbox 291 4591 462 4660; x_wconf 81' lang='lat' dir='ltr'>arragistratui</span> <span class='ocrx_word' id='word_1_540' title='bbox 479 4591 518 4646; x_wconf 93' lang='lat' dir='ltr'>illi</span> <span class='ocrx_word' id='word_1_541' title='bbox 530 4609 689 4650; x_wconf 88' lang='lat' dir='ltr'>correessum</span> <span class='ocrx_word' id='word_1_542' title='bbox 706 4612 766 4650; x_wconf 91' lang='lat' dir='ltr'>essc</span> <span class='ocrx_word' id='word_1_543' title='bbox 779 4597 900 4651; x_wconf 85' lang='lat' dir='ltr'>rideatur</span> <span class='ocrx_word' id='word_1_544' title='bbox 915 4598 966 4651; x_wconf 92' lang='lat' dir='ltr'>nisi</span> <span class='ocrx_word' id='word_1_545' title='bbox 979 4596 1012 4651; x_wconf 88' lang='lat' dir='ltr'>ab</span> <span class='ocrx_word' id='word_1_546' title='bbox 1024 4596 1128 4651; x_wconf 88' lang='lat' dir='ltr'>ultimis</span> <span class='ocrx_word' id='word_1_547' title='bbox 1140 4595 1294 4653; x_wconf 83' lang='lat' dir='ltr'>Occidentis</span> <span class='ocrx_word' id='word_1_548' title='bbox 1310 4589 1457 4669; x_wconf 75' lang='lat' dir='ltr'>irruperatori·</span> 
     </span>
     <span class='ocr_line' id='line_1_51' title="bbox 182 4671 1455 4755; baseline 0.004 -27"><span class='ocrx_word' id='word_1_549' title='bbox 182 4671 232 4728; x_wconf 91' lang='lat' dir='ltr'>bus</span> <span class='ocrx_word' id='word_1_550' title='bbox 250 4673 289 4728; x_wconf 89' lang='lat' dir='ltr'>rel</span> <span class='ocrx_word' id='word_1_551' title='bbox 306 4673 371 4730; x_wconf 79' lang='lat' dir='ltr'>aaleo</span> <span class='ocrx_word' id='word_1_552' title='bbox 388 4693 402 4730; x_wconf 86' lang='lat' dir='ltr'>a</span> <span class='ocrx_word' id='word_1_553' title='bbox 418 4676 528 4747; x_wconf 85' lang='lat' dir='ltr'>regibus</span> <span class='ocrx_word' id='word_1_554' title='bbox 545 4677 704 4735; x_wconf 86' lang='lat' dir='ltr'>Gothorum.</span> <span class='ocrx_word' id='word_1_555' title='bbox 735 4680 828 4753; x_wconf 91' lang='lat' dir='ltr'>ltaque</span> <span class='ocrx_word' id='word_1_556' title='bbox 852 4681 1013 4737; x_wconf 89' lang='lat' dir='ltr'>laterculum</span> <span class='ocrx_word' id='word_1_557' title='bbox 1029 4700 1042 4736; x_wconf 88' lang='lat' dir='ltr'>a</span> <span class='ocrx_word' id='word_1_558' title='bbox 1060 4681 1191 4752; x_wconf 79' lang='lat' dir='ltr'>linguaue</span> <span class='ocrx_word' id='word_1_559' title='bbox 1208 4691 1365 4755; x_wconf 82' lang='lat' dir='ltr'>excerptum</span> <span class='ocrx_word' id='word_1_560' title='bbox 1380 4676 1455 4753; x_wconf 80' lang='lat' dir='ltr'>prou·</span> 
     </span>
     <span class='ocr_line' id='line_1_52' title="bbox 181 4755 1455 4836; baseline 0.009 -26"><span class='ocrx_word' id='word_1_561' title='bbox 181 4755 274 4814; x_wconf 91' lang='lat' dir='ltr'>biliter</span> <span class='ocrx_word' id='word_1_562' title='bbox 288 4758 469 4815; x_wconf 88' lang='lat' dir='ltr'>attribuemus</span> <span class='ocrx_word' id='word_1_563' title='bbox 488 4761 595 4818; x_wconf 92' lang='lat' dir='ltr'>saeculo</span> <span class='ocrx_word' id='word_1_564' title='bbox 612 4765 717 4836; x_wconf 87' lang='lat' dir='ltr'>quinto.</span> <span class='ocrx_word' id='word_1_565' title='bbox 742 4764 860 4836; x_wconf 83' lang='lat' dir='ltr'>Originis</span> <span class='ocrx_word' id='word_1_566' title='bbox 873 4766 978 4820; x_wconf 88' lang='lat' dir='ltr'>ridetur</span> <span class='ocrx_word' id='word_1_567' title='bbox 993 4781 1053 4820; x_wconf 90' lang='lat' dir='ltr'>esse</span> <span class='ocrx_word' id='word_1_568' title='bbox 1069 4774 1116 4820; x_wconf 89' lang='lat' dir='ltr'>aut</span> <span class='ocrx_word' id='word_1_569' title='bbox 1128 4767 1247 4824; x_wconf 88' lang='lat' dir='ltr'>urbanae</span> <span class='ocrx_word' id='word_1_570' title='bbox 1262 4775 1311 4824; x_wconf 91' lang='lat' dir='ltr'>aut</span> <span class='ocrx_word' id='word_1_571' title='bbox 1321 4765 1455 4822; x_wconf 75' lang='lat' dir='ltr'>struma</span> 
     </span>
    </p>
   </div>
   <div class='ocr_carea' id='block_1_3' title="bbox 0 0 1666 5506">
    <p class='ocr_par' dir='ltr' id='par_1_3' title="bbox 0 0 1666 5506">
     <span class='ocr_line' id='line_1_53' title="bbox 0 0 1666 5506; baseline 0 0"><span class='ocrx_word' id='word_1_572' title='bbox 0 0 1666 5506; x_wconf 95' lang='lat' dir='ltr'> </span> 
     </span>
    </p>
   </div>
  </div>
 </body>
</html>
