3314 5506
194 397 216 443 Ι.
725 380 934 445 PRAEFATIO

192 574 388 645 prammatici
406 567 431 630 f.
455 572 515 636 54*
538 572 727 646 Explanatia
747 574 866 631 litterae
888 573 965 642 inc„
996 565 1052 629 ubi
1079 565 1143 629 alia
1171 564 1229 629 scd
1255 567 1328 651 ipsa
1349 586 1472 651 quoque

192 671 327 754 antiqua
348 692 445 733 manu
467 691 583 732 nomen
602 675 720 747 saepius
742 670 995 754 superscriptum
1018 676 1078 747 cst,
1104 672 1217 730 littera
1233 673 1316 730 dicta
1331 680 1375 730 est
1390 688 1471 745 quaa

192 776 321 848 lepitera
344 778 429 854 (518,
453 769 507 856 31)
529 809 572 818 -
593 769 616 834 f.
641 782 680 840 75
703 777 845 834 amiclas:
872 770 915 833 cf.
944 791 976 854 p.
1000 776 1072 838 565.
1101 770 1249 854 sequitur
1275 768 1359 832 liber
1380 767 1471 831 Coro

192 873 260 934 nati
282 871 466 936 scholastici
489 874 526 935 de
548 871 669 936 ultimis
692 871 826 956 syllabis
847 870 988 958 partium
1011 871 1180 950 orationis,
1209 881 1245 935 ut
1267 870 1412 950 videtur,
1435 893 1470 934 611

192 994 255 1058 quo
278 995 382 1059 pauca
404 972 445 1037 de
466 975 595 1038 nomine
622 982 655 1037 et
680 975 869 1058 pronomine
896 994 969 1036 cum
999 971 1138 1056 epistula
1166 972 1334 1057 scriptoris
1365 972 1470 1036 relicta

193 1084 279 1138 sunt.
302 1075 382 1138 haec
403 1075 436 1138 in
458 1083 603 1139 extrema
624 1077 746 1161 pagina
767 1076 928 1159 scriptura
948 1071 1082 1158 paulum
1104 1073 1234 1138 diversa
1261 1074 1303 1138 ab
1332 1075 1371 1138 iis
1394 1095 1470 1160 quas

197 1177 395 1260 praecedunt
416 1178 537 1262 scripta
559 1185 634 1241 sunt
655 1178 710 1258 ita,
733 1183 901 1256 expliciunt
920 1182 1037 1251 finiales
1058 1181 1152 1253 serpit
1171 1182 1320 1254 incipiunt
1340 1189 1469 1240 emanat

191 1282 373 1342 scholastici.
439 1283 565 1343 Domino
598 1284 797 1343 eruditissimo
824 1284 1075 1356 peritissimorum
1104 1290 1195 1356 atque
1227 1284 1349 1342 inlustri
1375 1281 1469 1355 fratri

189 1385 315 1443 luxorio
335 1391 506 1444 coronatus.
553 1386 625 1445 Cum
646 1385 872 1444 considerarem
887 1386 1030 1458 temporis
1045 1387 1142 1442 nostri
1153 1385 1279 1443 lectores
1300 1388 1362 1443 etc.
1385 1401 1468 1464 prae·

109 1478 116 1489 “
190 1490 240 1544 ter
262 1481 477 1546 Larentinam
500 1482 644 1547 codicem
666 1504 767 1546 unum
789 1491 902 1546 extare
923 1482 1010 1562 novi,
1033 1482 1212 1566 quitatum
1235 1481 1369 1560 librum,
1393 1482 1468 1544 sicut

191 1583 224 1644 in
246 1581 301 1647 illo
324 1586 463 1668 scriptus
486 1593 543 1664 est,
567 1586 718 1664 continet,
741 1583 960 1649 Oxoniensem
982 1582 1109 1665 collegii
1124 1583 1247 1646 Mariae
1261 1582 1468 1666 Magdalenat

190 1705 221 1745 n.
244 1692 285 1752 64
307 1686 586 1749 membranaceum
608 1687 720 1771 quinto
743 1686 867 1750 decimo
890 1684 1018 1749 saeculo
1034 1686 1199 1770 scriptum,
1223 1706 1319 1770 quern
1333 1685 1467 1749 brevitet

190 1784 362 1871 descripsit
383 1786 504 1851 Coxius
526 1789 560 1850 in
582 1786 730 1871 catalogo
752 1787 900 1851 codicum
922 1808 1019 1850 manu
1042 1788 1252 1871 scriptorum,
1280 1788 1335 1872 qui
1357 1788 1391 1850 in
1412 1785 1467 1850 col·

189 1885 281 1970 legiis
305 1886 452 1975 aulisquc
467 1888 708 1954 Oxonicnsibus
730 1887 827 1953 hodic
849 1896 1066 1969 asservantur,
1089 1886 1162 1952 coll.
1177 1887 1386 1972 Mar.Magd.
1402 1888 1464 1952 cod

188 1995 240 2057 64.
263 1987 514 2076 discrepantiam
535 1992 715 2077 scripturae
736 1992 770 2054 in
792 2013 831 2054 ea
852 2002 953 2075 parte,
976 2012 1060 2076 quae
1082 1998 1132 2052 est
1146 1990 1186 2053 dc
1208 1990 1406 2069 accentibus,
1428 1992 1466 2054 in·

187 2090 371 2156 terccdente
403 2092 533 2158 Halmio
565 2092 742 2157 liberaliter
777 2114 902 2157 mecum
937 2092 1188 2156 communicavit
1218 2092 1259 2155 R.
1293 2092 1329 2154 P.
1360 2091 1466 2172 Smitb¹

189 2192 402 2257 bibliothecae
423 2193 621 2258 Bodleianae
642 2205 762 2259 custos.
786 2194 843 2259 sed
865 2194 970 2280 prima
989 2216 1066 2280 pars
1088 2193 1179 2273 libri,
1202 2216 1285 2279 quae
1307 2193 1351 2257 ad
1372 2195 1466 2259 mino·

185 2315 254 2358 rem
274 2304 377 2358 artem
398 2296 439 2358 dc
460 2306 533 2361 octo
554 2296 702 2382 partibus
725 2297 878 2361 orationis
901 2297 1057 2382 pertinet,
1089 2297 1210 2380 scripta
1238 2306 1287 2359 est
1308 2297 1342 2360 in
1363 2297 1466 2361 codiee

187 2396 383 2461 Senteniano
395 2419 492 2483 supra
504 2421 535 2484 p.
545 2397 686 2463 XXXII
701 2398 863 2483 descripto
879 2422 909 2484 p.
919 2406 1125 2469 tao-tteet
1139 2421 1212 2463 oum
1229 2400 1390 2484 excerptis
1406 2400 1465 2485 qui⁴

187 2497 326 2563 busdam
348 2521 390 2563 ex
412 2500 641 2565 commentario
667 2502 798 2564 maioris
829 2502 908 2564 artis
935 2502 969 2565 in
995 2501 1196 2584 Frisiugensi
1218 2501 1243 2563 f.
1266 2508 1406 2580 27-62,
1435 2500 1465 2564 di

187 2621 250 2685 quo
273 2599 394 2664 dictum
417 2613 467 2667 est
488 2626 519 2688 p.
535 2603 658 2667 XLIV.
674 2603 724 2666 his
740 2602 853 2666 similis
869 2611 920 2666 est
933 2603 1107 2665 Beruensis
1123 2610 1183 2672 207
1207 2603 1335 2666 saeculo
1351 2602 1465 2666 decim(

188 2703 336 2787 scriptus,
352 2710 501 2784 incipiunt
515 2712 618 2784 prime
638 2711 840 2783 expositiones
860 2711 955 2783 serpit
975 2710 1013 2768 de
1027 2710 1185 2783 prioribus
1205 2710 1313 2768 donati
1322 2725 1465 2782 pramma·

187 2810 241 2868 tici
260 2810 342 2869 urhis
363 2826 476 2870 romae.
523 2810 629 2871 Oratio
656 2818 701 2871 est
729 2814 791 2871 aris
818 2813 900 2871 ratio
927 2812 960 2871 id
986 2817 1029 2870 est
1050 2813 1112 2870 oris
1132 2813 1282 2885 elaquatia
1308 2844 1342 2852 -
1367 2805 1464 2870 dein

186 2907 371 2971 teriectione
394 2913 527 2973 dolorem
555 2914 602 2973 uei
628 2915 774 2973 laetitiam
792 2912 1013 2987 proferuntur,
1042 2930 1237 2994 quamquam
1258 2910 1292 2972 in
1314 2929 1352 2971 eo
1374 2906 1464 2972 mula

185 3019 310 3074 mutata
339 3021 373 3075 et
399 3012 433 3074 in
460 3011 643 3075 breviorem
670 3011 808 3075 formam
843 3010 975 3075 redacta
1002 3021 1086 3074 sunt.
1123 3010 1164 3074 ad
1191 3010 1327 3074 eandem
1349 3020 1464 3095 parten

186 3112 349 3197 pertinent
370 3113 434 3176 duo
457 3113 584 3176 codices
606 3113 756 3178 Vaticani
778 3111 939 3176 chartacei
962 3133 1045 3175 saec.
1069 3111 1135 3176 XV
1159 3118 1255 3193 1491,
1277 3117 1401 3177 Servius
1421 3117 1465 3176 Ni

185 3220 394 3281 cemeliensis.
416 3218 521 3278 Oratio
544 3220 658 3280 dicitur
679 3221 809 3279 elocutio
830 3251 872 3263 —
894 3213 935 3277 de
957 3214 1188 3277 interiectione.
1219 3220 1344 3278 contulit
1364 3236 1463 3278 semea

186 3324 336 3398 611492,
365 3323 473 3397 incipit
499 3323 558 3380 Ars
586 3323 700 3383 Donati
723 3322 918 3409 prammatiai
943 3323 974 3379 in
1001 3321 1209 3396 compendium
1238 3322 1365 3380 redacta
1386 3338 1463 3380 seme

179 3431 392 3498 postremoque
412 3441 518 3485 rursus
539 3427 667 3484 redacta
689 3426 721 3484 in
742 3425 981 3499 compendiatum
1003 3430 1032 3483 et
1041 3425 1144 3498 primo
1159 3423 1196 3481 ae
1211 3425 1357 3482 aratione.
1381 3423 1463 3482 aare

185 3526 297 3585 dieitur
323 3527 451 3585 elocutio
477 3528 567 3601 quasi
591 3529 653 3585 aris
679 3529 760 3586 ratio
785 3559 819 3568 —
844 3535 872 3585 et
899 3528 1043 3601 quicquid
1070 3527 1192 3585 uoluere
1220 3527 1278 3583 erit
1298 3528 1462 3599 conposita

182 3629 311 3700 aarum.
334 3629 390 3686 sed
404 3630 509 3702 patius
531 3631 632 3687 omnia
647 3636 736 3688 erunt
756 3631 914 3704 conposita
938 3623 1106 3708 (495,15).
1151 3627 1362 3702 Caaipendium
1377 3627 1462 3687 Serui

182 3731 379 3801 prammatici
398 3744 439 3787 ex
458 3732 664 3803 prammatica
686 3731 793 3789 deitati
810 3733 877 3801 linit
894 3728 1045 3800 feliciter:
1077 3727 1110 3788 in
1138 3725 1230 3788 initio
1252 3727 1461 3790 commentari

185 3848 283 3890 manu
305 3826 482 3890 recentiore
509 3826 675 3910 adscripta
697 3836 772 3890 sunt
793 3825 891 3907 haec,
913 3834 945 3890 in
968 3833 1096 3905 quodam
1118 3832 1195 3889 libro
1217 3831 1266 3889 liic
1288 3831 1406 3890 libellus
1427 3849 1461 3891 as

183 3933 372 3991 scribebatur
393 3932 501 4005 Serpia
529 3941 557 3991 et
581 3934 724 4008 procedit
750 3940 901 4006 tamquam
930 3935 1134 4007 expositorum
1157 3936 1186 3992 ia
1207 3936 1309 4007 prinm
1332 3941 1401 3992 arte
1422 3936 1461 3992 do

184 4035 259 4092 nati.
278 4035 433 4108 flaminius
455 4034 503 4105 (ut
523 4034 598 4093 milii
617 4033 840 4108 aetatemfuit)
864 4035 982 4094 dicebat
1003 4033 1141 4107 Serpium
1162 4037 1293 4109 primam
1316 4037 1461 4094 editiones

184 4137 291 4194 donati
320 4137 409 4193 etiam
442 4138 623 4211 exposuisse.
648 4131 785 4217 denique
807 4131 935 4196 initium
957 4131 1033 4195 libri
1056 4133 1212 4216 scripturn
1235 4134 1338 4196 estin
1362 4133 1461 4197 codici

186 4232 456 4316 Sangermanensi
486 4240 566 4302 1189
596 4254 680 4297 saec.
703 4232 756 4297 IX
789 4232 813 4296 f.
837 4242 877 4303 63
910 4239 1052 4314 Plerique
1079 4242 1155 4298 artis
1180 4244 1402 4314 prammaticae
1429 4244 1460 4300 la

184 4346 263 4398 tores
287 4372 321 4380 -
346 4333 370 4397 f.
394 4338 455 4403 64*
478 4342 679 4414 expressimus
703 4335 789 4419 (489,
813 4336 880 4419 19).

268 4436 378 4500 Prima
399 4458 476 4523 pars
497 4435 572 4501 libri
595 4437 636 4502 de
658 4447 730 4502 octo
752 4437 902 4523 partibus
924 4439 1078 4503 orationis
1094 4462 1135 4504 ex
1150 4441 1261 4505 codice
1277 4441 1460 4506 Santeniani

183 4540 324 4624 primum
345 4539 432 4603 edita
454 4548 504 4602 est
525 4562 546 4603 a
567 4539 731 4603 Fridcrico
747 4540 969 4604 Lindernannc
992 4564 1066 4606 cum
1082 4543 1226 4627 Pompeii
1244 4547 1460 4608 commenta-rii

183 4643 217 4704 in
239 4641 404 4704 Donatum
431 4641 575 4705 Berolini
604 4665 633 4705 a.
664 4650 756 4712 1820.
790 4652 903 4728 postea
935 4645 1154 4709 analectorum
1188 4649 1460 4730 grammaticorun

184 4744 322 4808 editores
350 4743 618 4809 vindobonenses
647 4754 679 4808 et
705 4744 939 4829 praelationem
972 4745 1046 4810 libn'
1077 4751 1109 4810 in
1139 4749 1335 4813 Santerriano
1363 4751 1461 4814 codic«

183 4847 333 4910 omissam
361 4855 393 4910 et
422 4848 688 4911 commentarium
716 4847 756 4911 de
784 4848 971 4912 accentibus
1001 4872 1041 4913 ex
1064 4850 1247 4913 Larentiae
1275 4851 1385 4915 codice
1408 4854 1461 4917 cdi
