3314 5506
549 369 746 432 lNSTlTVTd
770 369 911 431 auutvu
937 369 1097 431 tlt-¹21
1315 372 1321 394 ⁸
1426 367 1466 429 65

226 501 247 540 p
262 487 356 529 irs-rs
370 486 396 527 n
1259 496 1281 538 ρ.
1294 485 1340 526 rso.
1349 484 1374 526 u
1388 482 1416 526 v.

185 566 299 637 atpnta
329 557 380 618 bio
401 575 515 636 pauper
543 557 630 618 buius
652 558 800 636 pauperis.
845 559 887 618 sin
909 567 938 618 et
960 564 1057 618 cetera
1078 555 1161 625 talia,
1190 573 1265 634 quae
1289 555 1467 617 nominativo

180 678 244 720 meu
273 661 392 720 numeri
416 659 574 737 singularis
594 677 627 718 er
655 657 761 720 litteris
783 659 975 727 deliniuntur,
996 660 1000 735 Ι
1021 657 1138 737 quando
1158 677 1173 718 a
1197 660 1375 719 nominativo
1398 674 1467 718 casu

180 763 292 822 numeri
320 759 478 838 singularis
504 778 558 839 per
585 769 699 823 ceteros
720 778 805 822 casus
833 780 868 821 ex
890 759 998 841 syllaba
1025 778 1161 822 erescere
1183 759 1228 821 rel
1250 778 1309 821 non
1332 777 1468 822 creseere

179 865 306 940 possint,
338 865 537 941 reperiuntur.
584 864 771 923 nuncetiam
801 862 857 923 boe
884 880 1052 931 monemus,
1078 863 1156 941 quod
1184 861 1216 922 bi
1242 862 1467 926 nominanda

178 962 284 1042 qaibtas
299 965 393 1025 aeteri
408 982 493 1025 casus
507 981 561 1042 per
576 962 717 1044 syllabam
732 972 877 1032 creseunt,
901 963 967 1042 plus
982 962 1109 1024 habeant
1124 965 1276 1042 potestatis
1292 965 1319 1024 in
1339 971 1467 1026 struotu·
1493 988 1507 1027 s
1609 1004 1612 1011 ·

178 1068 216 1127 ris
231 1064 277 1126 rel
296 1066 410 1136 metris,
435 1084 523 1145 quam
542 1064 583 1125 illi
602 1066 780 1135 nominativi,
805 1085 820 1126 a
840 1064 948 1146 quibus
963 1069 1053 1127 ceteri
1072 1083 1157 1126 casus
1177 1084 1229 1144 per
1245 1063 1386 1146 syllabam
1409 1081 1468 1124 non

179 1174 325 1229 neseunt
370 1167 422 1229 sed
444 1166 481 1228 de
503 1186 606 1229 eorum
632 1176 782 1246 potestate,
806 1168 932 1228 eumad
956 1175 1048 1228 metra
1072 1169 1134 1246 ipsa
1155 1169 1337 1241 venerimus,
1360 1185 1469 1248 nonpe-

179 1276 274 1330 tenter
296 1269 500 1331 tractabimus.
597 1343 606 1361 κ

260 1369 349 1433 Nune
371 1373 458 1432 etiam
479 1372 535 1432 bne
556 1389 710 1432 monemus
732 1373 761 1431 in
786 1371 840 1432 ban
863 1370 955 1432 inrma
979 1372 1096 1451 generis
1117 1373 1293 1440 communis,
1316 1388 1374 1450 qua
1396 1370 1470 1431 dixi·

179 1489 242 1533 mars
263 1474 296 1532 in
319 1474 443 1552 positivo
465 1473 558 1552 gradu
581 1474 757 1534 nominativo
773 1491 842 1533 casu
864 1473 979 1534 narmeri
1000 1471 1157 1550 singularis
1180 1473 1298 1533 nomina
1314 1490 1348 1533 er
1365 1470 1471 1533 litteris
1484 1493 1510 1536 aa

180 1574 304 1644 deliniri,
326 1574 406 1653 quod
428 1593 463 1634 ex
486 1593 520 1636 ea
547 1574 658 1636 seilicet
679 1574 772 1635 torma
796 1574 863 1653 plus
885 1594 972 1654 quam
995 1575 1228 1654 quattuordecim
1250 1575 1324 1644 soni,
1347 1573 1405 1634 boo
1426 1578 1472 1634 est

179 1694 266 1755 quam
287 1676 522 1756 quattuordecim
542 1677 669 1744 nomina,
692 1694 751 1735 non
774 1679 886 1755 possint
905 1675 1046 1738 exbiberi.
1080 1676 1117 1739 de
1135 1675 1228 1737 forma
1248 1676 1367 1773 gertpris
1389 1692 1471 1735 eom-

180 1779 286 1845 nonis.
309 1795 367 1856 qna
389 1780 419 1838 in
434 1779 558 1856 positivo
581 1777 674 1855 gradu
694 1778 872 1837 nominativo
892 1797 962 1838 casu
983 1779 1099 1839 numeri
1120 1776 1276 1855 singularis
1296 1777 1423 1837 nomina*
1438 1794 1472 1838 er

180 1877 282 1941 litteris
302 1879 428 1940 delinita
455 1879 745 1959 quemadmodum
772 1899 806 1939 ex
834 1897 866 1940 se
889 1882 1102 1958 comparativus
1130 1879 1175 1942 vel
1202 1877 1395 1958 superlativas
1416 1895 1472 1938 neo

181 1999 236 2042 nnn
259 1989 291 2042 et
315 1983 395 2061 ipsos
419 1982 561 2065 positivus
584 1981 693 2060 gradus
716 1980 813 2042 iacere
833 1983 948 2061 possint
977 1981 1022 2042 vel
1044 1984 1120 2042 intra
1145 1990 1288 2062 quantum
1311 1997 1508 2044 numerumn

180 2100 241 2144 mae
263 2085 463 2162 reperiantur,
485 2091 626 2162 quantum
647 2084 721 2143 ratio
744 2081 892 2161 poscebat,
913 2085 1110 2144 tractavimus.

260 2174 307 2247 ue
325 2183 355 2246 il.
385 2201 587 2263 quaecumque
607 2187 725 2245 nomina
746 2187 864 2262 generis
878 2185 990 2246 seilicet
1004 2185 1168 2246 eommunis
1188 2186 1216 2244 iu
1234 2184 1358 2263 positivo
1376 2184 1471 2260 gradu

181 2288 360 2349 nominativo
386 2304 455 2346 casu
484 2289 601 2347 numeri
629 2285 785 2363 singularis
813 2286 834 2346 il
859 2284 963 2347 litteris
987 2286 1179 2354 deliniuntur,
1207 2287 1232 2346 si
1259 2285 1472 2385 comparativae

180 2388 289 2466 gradare
315 2405 404 2449 exse
432 2388 529 2448 lacere
561 2396 700 2466 possunt,
733 2387 807 2449 haee
834 2390 863 2448 in
887 2388 982 2448 dativo
1010 2406 1080 2449 casu
1113 2389 1228 2448 numeri
1254 2385 1411 2464 singularis
1437 2405 1472 2447 or

180 2489 321 2570 syllabam
344 2491 492 2568 accipiunt
516 2498 545 2551 et
566 2491 797 2568 comparativam
818 2489 941 2569 gradum
962 2490 1079 2568 generis
1099 2490 1144 2549 sui
1164 2488 1338 2557 ostendunt;
1359 2486 1509 2552 scilieetro

180 2593 328 2672 quoniam,
351 2592 395 2651 sie
416 2593 458 2651 uti
479 2608 568 2670 supra
591 2591 726 2661 diximus,
748 2592 926 2671 quicumque
948 2593 1138 2671 comparativi
1160 2591 1269 2669 gradus
1292 2591 1472 2651 nominativo

180 2710 247 2755 casu
266 2694 389 2754 numeri
411 2691 568 2771 singularis
597 2694 641 2753 ior
663 2690 767 2754 litteris
794 2693 972 2754 deliniuntur
997 2703 1026 2754 et
1047 2711 1106 2753 nou
1130 2712 1164 2753 ex
1186 2693 1235 2753 iila
1257 2692 1369 2754 inrmae
1393 2693 1472 2770 posi·

180 2795 265 2863 tione,
282 2811 343 2873 qua
357 2812 395 2855 ex
409 2811 518 2872 genere
535 2778 696 2855 masculino
709 2791 719 2877 ll
734 2795 910 2856 nominativo
926 2813 995 2856 casu
1011 2797 1127 2857 numeri
1142 2793 1300 2874 singularis
1315 2813 1350 2856 ex
1368 2791 1472 2854 litteris

180 2901 299 2958 nom
321 2895 519 2965 deliniuntur,
541 2897 640 2957 venite
661 2894 885 2973 intelleguntur,
912 2895 942 2956 bi
964 2900 1083 2974 generis
1104 2898 1269 2958 eommunis
1296 2913 1360 2957 esse
1384 2912 1471 2974 repe·

180 3000 305 3068 riantur,
329 3005 452 3076 utputa
475 2997 524 3058 bie
543 3004 574 3057 et
595 2997 667 3058 baec
690 2996 770 3075 pugil
790 2996 859 3057 huic
882 2997 972 3075 pugili
993 2998 1042 3061 bic
1063 2998 1108 3061 vel
1130 2998 1204 3060 haec
1225 2997 1351 3077 pugilior
1373 2998 1471 3059 iacere
1484 3017 1509 3058 2⁵

180 3099 294 3162 hbeat
340 3116 420 3161 nunc
445 3098 518 3160 baec
542 3099 643 3161 eadem
672 3099 855 3179 supradicti
882 3102 1001 3176 generis
1028 3102 1163 3171 nomina,
1188 3119 1263 3179 quae
1287 3099 1415 3161 diximus
1440 3100 1472 3160 in

179 3219 267 3282 supra
297 3201 377 3262 dieto
403 3199 498 3279 gradu
525 3203 702 3262 nominativo
730 3219 802 3262 easu
830 3202 944 3263 numeri
972 3201 1127 3282 singularis
1158 3201 1347 3282 supradicta
1377 3202 1471 3263 torma

179 3302 310 3371 deliniti,
347 3304 376 3362 in
401 3303 497 3363 dativo
526 3321 595 3364 oasa
627 3304 743 3364 numeri
770 3301 926 3382 singularis
948 3321 983 3364 us
1007 3303 1146 3383 syllabam
1179 3304 1327 3382 accipiunt
1357 3308 1387 3362 et
1412 3319 1471 3362 non

180 3414 294 3467 tantum
324 3406 556 3483 comparativum
583 3404 707 3483 gradum
738 3406 855 3482 generis
883 3406 979 3465 neutri
1006 3406 1057 3466 sed
1085 3412 1114 3467 et
1137 3404 1345 3466 adverbiorum
1373 3411 1471 3464 osten·

178 3507 268 3575 dmm
304 3506 419 3567 seilicet
450 3508 588 3586 quoniam
620 3509 799 3586 quicumque
831 3508 1022 3585 oonrparativi
1055 3507 1164 3585 gradtu
1198 3506 1373 3567 nominativo
1396 3521 1509 3566 oasuto

179 3610 299 3671 numeri
320 3605 477 3685 singularis
498 3609 543 3668 ius
565 3607 670 3670 litteris
692 3607 880 3676 deliniuntur,
902 3609 931 3669 lai
948 3627 1006 3669 nnn
1029 3617 1140 3671 mutum
1160 3610 1278 3687 generis
1299 3607 1397 3669 neutri
1418 3606 1471 3669 sed

178 3720 208 3772 et
228 3709 440 3772 adverbiorum
474 3728 538 3772 esse
561 3711 765 3788 reperiuntur,
794 3717 914 3787 utputa
943 3710 991 3772 bie
1012 3720 1042 3772 et
1063 3711 1138 3773 haee
1163 3710 1244 3792 pugil
1273 3709 1342 3771 lanio
1370 3708 1470 3789 pugili,

178 3811 310 3892 pugiiius
331 3814 449 3890 utrique
470 3804 656 3890 respondeat.
688 3811 740 3872 sed
761 3812 878 3889 quando
900 3813 1029 3892 pugillus
1050 3815 1154 3892 generi
1174 3820 1279 3875 neutro
1295 3810 1340 3873 vel
1354 3812 1471 3892 quando

178 3911 322 3976 adverbio
343 3914 374 3973 in
392 3914 613 3991 comparatione
635 3895 822 3992 respondeat,
846 3916 875 3979 ira
897 3914 1099 3994 superioribus
1117 3917 1173 3976 iana
1188 3916 1258 3977 eatis
1279 3914 1469 3976 ostendimus.

179 4034 261 4077 nune
290 4018 320 4076 in
348 4014 404 4076 bae
429 4016 540 4084 forma,
570 4031 627 4092 qua
657 4014 783 4075 diximus
814 4018 932 4094 generis
956 4019 1120 4078 eommunis
1148 4020 1265 4079 uomina
1292 4018 1320 4076 in
1347 4017 1509 4096 positivons

178 4119 276 4197 pado
297 4117 475 4178 nominativo
498 4135 567 4176 casu
589 4119 713 4196 uussuteri
735 4116 892 4196 singularis
914 4116 934 4178 il
956 4118 1060 4181 litteris
1082 4120 1206 4191 deliniri,
1229 4118 1390 4199 quaeritur,
1413 4137 1470 4199 qua

179 4221 219 4282 de
239 4220 329 4281 eam
356 4216 437 4298 pugil
465 4219 629 4278 eommunis
648 4221 766 4297 generis
794 4239 858 4282 esse
887 4219 1011 4282 dicatur.
1056 4221 1112 4283 ban
1140 4221 1176 4282 de
1199 4240 1303 4290 eausa,
1331 4223 1470 4300 quoniam

179 4338 388 4402 quaecumque
408 4317 549 4381 voeabula
571 4319 730 4382 masculina
750 4322 927 4382 nominativo
948 4341 1018 4384 casu
1040 4323 1156 4383 numeri
1178 4322 1334 4400 singularis
1353 4321 1374 4382 ii
1393 4322 1469 4384 litte·

180 4425 224 4484 ris
246 4422 428 4508 deliniuntur
457 4430 486 4484 et
511 4440 547 4484 ex
569 4439 619 4482 sna
645 4425 744 4502 specie
772 4423 910 4486 voeabula
936 4425 1074 4486 feminina
1105 4425 1202 4487 lacere
1228 4431 1368 4504 possunt,
1396 4423 1470 4486 haee

180 4528 346 4586 eommunis
378 4525 495 4604 generis
527 4542 591 4586 esse
620 4526 858 4603 pronuntiantur.
903 4526 973 4587 item
1001 4525 1031 4586 in
1061 4525 1116 4586 hae
1148 4544 1239 4605 snpra
1265 4526 1340 4588 dieta
1374 4526 1467 4589 iorma
1482 4540 1508 4582 n

179 4706 238 4756 nnn
256 4722 272 4755 ι
288 4720 335 4772 per
352 4704 467 4771 syllabae
484 4700 507 4753 ll
596 4703 613 4754 8
629 4705 791 4756 tractabimus
808 4721 824 4753 r
840 4706 1005 4756 tractanimas
1026 4703 1047 4755 ll
1118 4705 1150 4756 15
1168 4706 1268 4769 possint
1285 4683 1306 4756 ν’
1319 4715 1428 4773 possunt
1446 4705 1469 4756 Il

231 4775 269 4828 23
284 4791 364 4841 quar
382 4773 487 4840 quaell
551 4775 585 4826 tt
603 4775 707 4825 nomine
724 4791 770 4828 orn.
790 4776 828 4826 ll:
843 4775 1003 4833 deliniuntur,
1022 4774 1227 4825 nomina-venire
1244 4792 1259 4822 n
1311 4775 1346 4828 26
1359 4775 1468 4827 debeant

180 4845 219 4896 lla
287 4844 321 4897 33
337 4848 440 4909 utrique
455 4861 470 4895 r
488 4843 580 4894 uirili
648 4844 682 4896 34
702 4845 880 4911 respondeatis
898 4845 1108 4912 respondeantll

231 4952 396 4996 nume.
414 4950 493 4993 nar.
510 4950 574 4993 1111.
1240 4933 1258 4989 5
