3314 5506
699 396 770 461 ans
792 395 1033 461 GRAlldldlle
1448 397 1511 463 359

205 581 411 661 productum,
442 593 548 649 neutro
577 594 758 668 correptum,
789 586 934 670 qnisquu,
970 584 1118 670 quisnam,
1155 583 1313 666 quispiam,
1349 581 1452 666 aliquis
1481 591 1511 644 et

202 692 326 750 cetera.

760 843 810 905 nu
831 843 964 906 VERBO.

293 996 433 1060 Verbum
456 998 526 1078 quid
549 999 611 1059 esti
653 998 726 1060 Pars
748 999 888 1060 orationis
910 1016 977 1059 cum
1000 1005 1134 1076 tompore
1156 1004 1186 1058 et
1207 1014 1334 1076 persona
1355 997 1418 1056 sinc
1441 1014 1511 1058 casu
1557 1039 1560 1048 ·

190 1100 244 1154 aut
275 1117 381 1179 agere
403 1099 512 1181 aliquid
535 1111 584 1162 aut
605 1103 664 1179 pati
687 1109 736 1162 aut
758 1110 894 1162 neutrum
922 1101 1099 1178 significans.
1144 1097 1240 1160 Verbo
1263 1107 1334 1179 quot
1356 1097 1510 1161 accidunt?
1536 1115 1548 1153 s

189 1194 351 1275 Septem.
386 1203 485 1275 Quae?
518 1203 647 1276 Qualitas
669 1199 835 1282 coniugatio
858 1220 951 1281 genus
973 1221 1115 1264 numerus
1136 1204 1229 1281 ligura
1244 1211 1360 1282 tempus
1374 1219 1510 1282 persona.

189 1295 350 1367 Qualitas
372 1305 530 1367 rerbomm
559 1308 589 1366 in
612 1325 670 1386 quo
693 1307 754 1366 est?
798 1305 831 1365 ln
860 1304 955 1365 modis
984 1313 1013 1366 et
1039 1306 1069 1364 in
1098 1305 1210 1366 formis
1255 1304 1332 1366 blodi
1354 1304 1512 1384 quisunt?

189 1394 411 1478 indicativus,
434 1416 467 1469 ut
488 1406 569 1486 lego,
593 1409 799 1488 imperativus,
823 1414 855 1467 ut
876 1406 954 1485 lego,
984 1409 1144 1487 optativus,
1173 1414 1205 1468 ut
1232 1408 1343 1468 utinam
1372 1404 1511 1485 legerem,

189 1504 438 1580 coniunctivae,
463 1520 495 1571 ut
516 1529 582 1571 cum
599 1510 711 1589 legam,
734 1509 907 1579 infinitivus,
931 1517 963 1570 ut
978 1509 1091 1587 legere,
1114 1508 1322 1589 inpersonalis,
1347 1517 1380 1569 ut
1393 1508 1510 1586 legitur.

189 1598 345 1673 Formae
368 1611 525 1673 verborum
548 1619 619 1692 quot
640 1614 726 1673 sunt?
759 1611 910 1682 Quattuor.
945 1612 1043 1683 Quae?
1075 1610 1224 1674 Perfecta.
1254 1621 1285 1672 ut
1307 1609 1386 1689 logo,
1416 1611 1548 1671 medi-1⁰

188 1704 322 1785 tativa,
345 1722 379 1775 ut
400 1713 537 1781 lecturio,
561 1714 788 1794 frequentativa,
823 1722 854 1774 ut
886 1713 1001 1783 lectito,
1032 1712 1210 1782 inchoativa,
1240 1721 1272 1773 ut
1299 1715 1432 1774 fervesco
1461 1731 1508 1773 ca·

188 1800 302 1874 ¹500.
353 1817 579 1896 coniugationes
602 1815 758 1878 verborum
781 1826 854 1895 quot
876 1818 961 1877 sunt?
1000 1815 1082 1876 Tres.
1123 1815 1222 1886 Quae?
1260 1814 1358 1876 Prima
1380 1814 1509 1876 secunda

189 1912 314 1978 tertia,
359 1918 457 1980 Prima
481 1937 555 1998 quac
578 1921 642 1979 est?
676 1920 757 1991 Quae
780 1919 934 1980 indicativo
956 1917 1044 1978 modo
1067 1925 1200 1998 tempore
1222 1918 1370 1998 praesenti
1385 1935 1509 1978 numero

188 2007 361 2092 singulari
382 2022 511 2084 secunda
533 2040 658 2102 persona
682 2020 772 2081 verbo
794 2023 888 2083 activo
911 2029 940 2082 et
962 2019 1087 2081 neutrali
1108 2039 1125 2080 a
1147 2020 1320 2099 productam
1337 2019 1509 2081 hebetante

188 2117 405 2186 novissimam
427 2122 570 2195 litteram,
594 2125 707 2203 passivo
730 2124 880 2184 communi
907 2130 937 2184 ct
958 2122 1116 2201 deponenti
1144 2129 1212 2183 ante
1240 2123 1426 2183 notissimam
1449 2121 1546 2202 syl-1⁵

188 2206 331 2295 hbam,
352 2234 385 2288 ut
407 2244 473 2286 amo
496 2245 591 2297 amas,
615 2244 698 2287 anaor
720 2226 842 2293 emerim
872 2232 901 2285 et
923 2225 1053 2285 futurum
1083 2233 1199 2302 tempus
1221 2223 1351 2284 eiusdem
1375 2224 1455 2284 modi
1476 2226 1507 2286 in

188 2308 233 2372 ¹³⁰
262 2332 308 2386 et
330 2329 361 2388 in
382 2327 438 2389 bor
461 2327 600 2408 syllabam
616 2329 718 2398 mittit,
742 2336 774 2388 ut
795 2345 861 2387 amo
877 2325 996 2398 amabo,
1020 2345 1103 2387 amor
1118 2324 1251 2387 amabor.
1281 2326 1417 2388 Secunda
1432 2346 1507 2407 qnae

190 2420 264 2477 esti
324 2430 404 2502 Quae
426 2431 583 2491 indicativo
605 2429 694 2491 modo
716 2436 850 2509 tempore
879 2429 1027 2509 praesenti
1057 2446 1180 2489 numero
1209 2427 1352 2507 singulari
1377 2429 1507 2490 secunda

190 2530 346 2593 Persona
367 2532 457 2593 verbo
480 2533 572 2594 actiro
594 2540 624 2593 et
645 2529 772 2593 neutrali
794 2551 810 2592 e
833 2532 1005 2611 productam
1028 2529 1117 2592 babet
1139 2538 1205 2591 ante
1222 2532 1408 2593 novissimam
1431 2529 1508 2592 litte-

192 2631 292 2698 ΜΠ,
322 2637 434 2715 passivo
457 2635 606 2696 communi
627 2642 657 2695 et
678 2634 838 2714 deponenti
865 2642 933 2695 ante
961 2634 1146 2695 novissimam
1173 2631 1328 2712 syllabam,
1356 2640 1389 2694 ut
1416 2633 1546 2694 uoceou

195 2712 324 2806 doces,
346 2736 455 2798 doceor
477 2736 607 2805 doceris;
632 2745 661 2798 et
683 2736 813 2797 futurum
836 2745 952 2818 tempus
975 2735 1105 2796 eiusdem
1128 2734 1209 2795 modi
1233 2736 1263 2795 in
1286 2733 1324 2796 bo
1347 2744 1376 2795 et
1398 2737 1429 2795 in
1451 2734 1507 2795 bor

197 2818 358 2900 Syllabam
380 2840 481 2907 mittit,
505 2846 537 2900 ut
558 2838 650 2900 doceo
673 2837 799 2909 docebo,
824 2837 932 2900 doceor
955 2835 1094 2898 docebor.
1128 2835 1226 2897 Tertia
1241 2855 1317 2917 quae
1332 2838 1394 2898 est?
1426 2835 1507 2907 Quae

200 2919 483 3002 ludicanvomodo
506 2949 639 3021 tempore
661 2941 810 3018 praesenti
833 2958 957 3001 numero
972 2937 1113 3018 singulari
1128 2938 1257 2999 secunda
1274 2957 1401 3017 persona
1416 2938 1506 3000 verbo

203 3028 314 3100 ³⁰fiv0
335 3051 363 3104 et
385 3041 511 3104 neutrali
532 3045 542 3103 i
564 3050 730 3123 correptam
753 3041 798 3102 vel
820 3044 830 3102 i
852 3041 1026 3123 productam
1049 3040 1139 3103 babet
1159 3049 1227 3102 ante
1250 3043 1437 3104 notissimam
1460 3041 1507 3102 lit-

205 3126 329 3213 teram,
350 3146 465 3224 passivo
489 3146 638 3206 communi
659 3155 689 3206 et
710 3145 869 3225 deponenti
891 3163 946 3224 pro
967 3145 977 3203 i
1000 3143 1096 3205 littera
1119 3163 1135 3204 e
1157 3151 1324 3223 correptam
1347 3143 1392 3205 vel
1414 3147 1545 3224 ipro-²⁶

208 3218 336 3306 ductum
356 3245 444 3307 babet
467 3256 534 3307 ante
557 3248 743 3308 novissimam
758 3244 913 3325 syllabam,
937 3256 969 3305 ut
990 3244 1056 3323 lego
1072 3245 1159 3323 legis,
1183 3243 1265 3323 legor
1281 3243 1395 3323 legeris,
1419 3246 1506 3306 audio

208 3328 319 3416 wilia,
341 3347 444 3409 audior
466 3348 591 3418 audiris;
621 3358 650 3409 et
671 3348 803 3409 futurum
833 3356 948 3427 tempus
970 3347 1101 3408 eiusdem
1129 3346 1208 3407 modi
1236 3348 1387 3408 inauret
1414 3349 1445 3408 in
1473 3367 1507 3408 ar

206 3423 358 3511 ⁸t¹¹abam
381 3452 481 3521 mittit,
505 3460 537 3513 nt
557 3449 624 3529 lego
646 3449 757 3529 legam,
781 3449 863 3528 legor
885 3449 981 3528 legar,
1004 3447 1091 3508 audio
1113 3447 1244 3518 audiam,
1268 3448 1371 3510 audior
1393 3448 1504 3510 audiar.

203 3520 284 3599 hste
315 3551 344 3611 in
365 3553 537 3631 imperativo
560 3555 641 3613 etin
664 3553 805 3613 infinitivo
828 3553 926 3613 statim
945 3549 1072 3611 discerni
1094 3558 1232 3629 possunt,
1256 3559 1355 3612 utrum
1377 3551 1387 3611 i
1408 3549 1505 3612 littera

200 3639 353 3738 {mepta
374 3655 413 3714 sit
434 3674 471 3716 an
493 3655 645 3735 producta.
680 3673 746 3715 narn
769 3662 905 3733 correpta
928 3650 1049 3714 ilittera
1063 3653 1094 3713 in
1110 3672 1126 3713 e
1141 3653 1340 3722 convertitur;
1362 3653 1505 3732 producta
1519 3667 1545 3708 ao

195 3731 367 3825 ”fuerit
391 3773 450 3817 non
473 3766 611 3818 mutatur.
656 3757 778 3828 Quando
801 3756 886 3816 tertia
909 3756 1075 3830 coniugatio
1103 3755 1233 3816 torturum
1256 3763 1372 3834 tempus
1394 3774 1453 3816 non
1474 3757 1505 3817 in

191 3840 229 3889 ³⁰¹
271 3857 398 3919 tantum
421 3857 472 3919 sed
496 3861 582 3919 ctiam
604 3861 633 3919 in
657 3858 695 3919 bo
718 3860 821 3919 mittit?
866 3856 1031 3927 Interdum,
1062 3875 1130 3918 curn
1160 3858 1170 3916 ἰ
1196 3856 1324 3918 litteram
1352 3874 1412 3917 non
1440 3875 1506 3918 cor·

186 3939 331 4018 'mam
352 3959 488 4021 babuerit
509 3961 560 4020 sed
582 3960 771 4040 productam,
795 3968 828 4020 ut
850 3978 885 4019 co
907 3960 932 4020 is
954 3958 1017 4028 ibo,
1047 3978 1123 4039 queo
1151 3960 1217 4039 quis
1246 3958 1345 4039 quibo.
1391 3959 1507 4022 Genera

183 4032 373 4121 'ffhmrum
401 4069 473 4141 quot
501 4064 588 4123 sunt?
620 4063 764 4142 Quinque.
799 4061 897 4132 Quae?
930 4061 1029 4122 Actira
1056 4063 1168 4142 passiva
1197 4069 1302 4122 neutra
1330 4060 1505 4142 deponentia

181 4143 392 4251 ⁰⁰¹f¹1nunia
436 4164 534 4225 bctiva
558 4166 739 4245 quaesunt?
783 4163 864 4236 Quae
890 4164 922 4223 in
950 4182 968 4225 o
996 4161 1134 4224 desinunt
1160 4172 1190 4225 et
1217 4171 1335 4243 accepta
1364 4184 1379 4224 r
1406 4164 1542 4226 litterae

193 4247 328 4343 flunt
349 4283 384 4325 ex
406 4282 438 4326 se
460 4267 588 4346 passiva,
612 4276 644 4327 ut
665 4265 731 4345 lego
754 4265 847 4344 legor.
891 4264 1008 4327 Passim
1030 4283 1106 4345 quae
1127 4267 1213 4327 sunt?
1258 4266 1338 4337 Quae
1361 4267 1391 4326 in
1414 4285 1430 4327 r
1452 4266 1502 4328 de·

178 4343 318 4427 'muln
338 4376 368 4430 et
389 4385 423 4428 ea
445 4368 563 4449 dempta
585 4367 762 4429 redeuntia
784 4367 890 4439 activa,
914 4374 947 4428 ut
968 4365 1051 4444 legor
1073 4366 1148 4446 lego.
1186 4366 1297 4429 Neutra
1319 4385 1394 4448 quae
1417 4369 1503 4430 sunt?

194 4521 321 4626 ἓῗέἰιιε
338 4545 398 4600 add.
416 4549 451 4600 αἱ,
470 4544 549 4608 man.)
570 4546 636 4596 idem
655 4545 795 4595 nrasculino
815 4560 909 4612 genere
926 4545 1076 4612 productum
1104 4555 1192 4596 neutro
1218 4556 1359 4614 correptum
1390 4556 1415 4596 ut
1434 4549 1503 4610 quie·

180 4591 253 4696 Υ..
295 4611 326 4661 Μ
411 4615 565 4683 lproducte
584 4626 672 4666 neutro
691 4624 805 4682 correpte
825 4615 849 4664 h
935 4616 969 4666 24
988 4614 995 4663 l
1014 4627 1154 4682 correptam
1173 4616 1247 4666 babet
1268 4618 1308 4666 uel
1327 4618 1335 4665 i
1354 4617 1504 4682 productam

185 4670 245 4766 ψ’
289 4684 435 4748 productam
454 4687 495 4736 uel
512 4688 520 4735 i
538 4696 679 4752 correptam
696 4685 772 4735 habet
788 4685 820 4735 M
902 4686 937 4737 29
954 4700 1000 4734 nec
1019 4698 1069 4734 non
1087 4688 1251 4752 imperativus
1265 4703 1366 4750 quoqne
1380 4696 1404 4734 et
1420 4687 1505 4736 inlini·

189 4734 279 4855 ἐξ
304 4765 474 4822 ocurreptnm
497 4755 634 4819 habentes,
653 4757 718 4806 sicut
742 4756 818 4805 etiarn
840 4755 953 4805 Donatus
976 4754 1063 4818 docet,
1087 4756 1295 4807 manifestissime
1318 4756 1345 4806 id
1368 4757 1505 4806 ostendunt

268 4824 364 4874 &auur
375 4841 402 4889 ρ.
420 4827 486 4878 1225
543 4827 653 4877 nuumi
676 4825 784 4875 litteram
805 4832 944 4890 correptam
962 4823 1071 4874 babeant
1088 4841 1121 4876 au
1139 4827 1289 4894 productum
1309 4825 1339 4876 M
1393 4825 1425 4877 31
1450 4842 1504 4876 mu·

193 4859 313 4941 libitu,
328 4904 365 4945 est
381 4897 481 4959 quando
501 4895 534 4947 M
600 4896 846 4959 aequiuocum
865 4894 905 4944 uel
924 4908 1015 4959 queam
1035 4893 1066 4946 M
