3314 5506
240 368 302 431 seo
431 380 436 389 ·
804 360 957 443 [sunau]

291 470 306 510 l.
321 471 346 512 tt
358 468 407 512 eod.
417 468 469 511 lasa.

239 550 422 611 ortmnseeus
443 546 582 628 pluralia,
605 565 673 609 cum
695 547 820 610 dicimus
843 553 945 610 ‘mous
966 553 1096 618 servus’.
1120 554 1240 611 ‘nostra
1262 556 1396 631 peeora’.
1424 553 1495 630 ipra

239 660 268 713 et
288 652 320 712 lu
342 648 568 731 pronominibus
595 656 647 711 aut
674 648 799 728 simplex
820 657 879 719 est,
910 658 942 712 ut
961 650 1045 729 quis,
1073 658 1126 713 aut
1146 652 1315 731 conposita,
1341 654 1496 734 utquisque

237 752 373 833 quisnam
396 753 551 834 quispiam.
581 753 680 813 omnia
694 751 869 831 pronomina
892 751 929 812 avl
950 749 1060 831 aliquid
1082 751 1272 816 reseruntur:
1293 753 1422 834 intellegi
1438 759 1494 817 eun

237 872 292 934 per
313 871 346 914 se
366 855 431 934 ipsa
453 870 512 914 non
535 860 660 933 possunt
680 853 866 932 pronomina.
910 853 980 915 item
1008 853 1153 934 quaedam
1182 862 1213 917 et
1239 853 1357 918 casibus
1376 855 1493 919 decime

210 964 300 1027 itur,
323 964 358 1017 ut
378 957 512 1025 uomina,
528 962 559 1016 et
571 956 642 1017 satis
665 963 710 1016 est
729 953 857 1034 exempli
878 955 971 1033 pratia
993 972 1096 1034 pauca,
1118 955 1171 1017 sed
1186 955 1361 1028 difficiliora,
1380 958 1492 1038 posidet.

320 1056 353 1117 ln
381 1055 481 1119 multis
507 1054 735 1136 pronominibus
760 1054 915 1118 diversitas
942 1073 1092 1147 generum,
1113 1065 1175 1127 est,
1209 1077 1288 1138 quae
1314 1060 1491 1122 uomiuadvuu

236 1160 434 1221 accusativum
456 1157 615 1221 ablativum
637 1157 785 1237 disparem
807 1157 890 1226 lacit,
914 1165 1030 1221 eeteros
1044 1156 1156 1222 similes
1176 1160 1209 1220 iu
1224 1177 1350 1224 numero
1369 1159 1491 1241 doubt

236 1269 269 1323 ut
289 1260 339 1323 ille
360 1259 409 1321 illa
432 1259 519 1322 illud:
549 1262 696 1339 genitivus
723 1260 855 1320 omnium
876 1258 954 1320 idem
978 1270 1023 1322 est
1043 1259 1139 1330 illius,
1166 1262 1238 1323 item
1260 1261 1373 1325 dativus
1391 1261 1441 1331 illi,
1456 1279 1491 1323 ac·

235 1363 382 1423 cusatirus
403 1364 501 1425 rarius
529 1364 661 1424 omnium
689 1359 771 1422 illum
794 1359 874 1422 illam
897 1358 985 1432 illud,
1014 1361 1157 1424 ablativus
1179 1361 1344 1425 maseadino
1364 1371 1395 1426 at
1411 1369 1490 1425 nuno

197 1479 222 1521 io
235 1463 339 1525 similis
360 1463 397 1525 ab
418 1462 483 1534 illo,
513 1463 653 1525 feminino
680 1461 813 1524 diaeum
834 1460 871 1523 ab
893 1459 957 1532 illo;
985 1461 1140 1543 pluraliter
1167 1465 1365 1528 nominativus
1388 1464 1488 1528 auditu

235 1567 331 1627 varius
352 1564 396 1626 illi
417 1564 484 1627 illae
505 1563 569 1635 illa,
597 1565 742 1644 genitivus
769 1561 932 1626 masculino
960 1573 990 1627 et
1017 1573 1123 1628 neutro
1151 1564 1256 1627 similis
1276 1564 1407 1638 illorum,
1428 1565 1489 1627 loui-

233 1668 304 1728 nino
325 1665 456 1736 illarum,
486 1668 667 1728 accusativus
694 1684 765 1728 suus
795 1668 901 1746 cuique
928 1665 995 1728 illos
1016 1665 1080 1728 illas
1100 1664 1164 1738 illa,
1195 1667 1309 1731 tauros
1329 1677 1360 1731 et
1378 1667 1488 1730 albitus

232 1768 311 1830 idem
338 1776 383 1829 est
411 1767 550 1830 omnibus
577 1767 634 1829 illis
662 1775 693 1829 ct
713 1767 750 1829 ab
772 1766 840 1830 illis.
876 1769 908 1828 iu
930 1767 1104 1848 quibusdam
1127 1780 1157 1831 et
1178 1772 1209 1831 in
1232 1788 1358 1834 numero
1376 1767 1487 1848 singulari

231 1871 378 1932 invenitur
399 1880 433 1932 ut
453 1872 599 1949 genitivus
621 1877 651 1931 et
673 1869 785 1932 dativus
808 1870 949 1931 leminino
971 1887 1081 1948 genere
1103 1889 1161 1933 uua
1183 1873 1222 1934 sit
1243 1871 1353 1942 lorma,
1381 1880 1410 1934 ut
1425 1887 1487 1932 meus

194 1989 297 2034 remea
324 1990 438 2042 meum,
467 1972 554 2034 liuius
582 1974 641 2034 mei
667 1971 783 2034 duobus
811 1990 982 2043 commune,
1011 1981 1041 2034 et
1067 1972 1137 2034 huic
1159 1992 1243 2035 meo:
1282 1992 1350 2035 nam
1369 1973 1486 2035 diversum

231 2074 319 2137 huius
344 2094 429 2136 meae
456 2082 486 2134 et
512 2074 581 2135 huic
609 2092 701 2136 meae.
746 2072 800 2135 sed
828 2071 896 2135 talia
923 2075 1062 2153 persequi
1089 2075 1178 2139 nimis
1211 2074 1332 2154 longum
1365 2084 1412 2138 est
1447 2091 1487 2151 egi

230 2195 395 2257 pronomen
418 2175 565 2256 qualitatis
586 2177 688 2238 linitae
709 2193 855 2256 personae
876 2177 990 2255 primae
1012 2177 1131 2252 generis
1153 2180 1251 2239 omum
1273 2177 1383 2254 figurae
1400 2174 1485 2256 simpi-

231 2280 286 2349 cis,
309 2279 389 2357 quod
411 2276 608 2340 declinabitur
630 2279 687 2340 sio:
712 2278 890 2338 nominativo
913 2295 976 2357 ego,
998 2278 1127 2356 genitivo
1149 2280 1224 2349 mei,
1247 2278 1344 2340 dativo
1364 2279 1434 2350 mibi.
1451 2294 1484 2338 ae

230 2381 360 2442 cusativo
375 2398 432 2451 me,
456 2379 581 2441 ablativo
596 2398 612 2440 a
629 2398 691 2450 me;
715 2388 745 2441 et
763 2378 917 2464 pluraliter
940 2380 1118 2441 nominativo
1139 2393 1208 2450 uos,
1231 2382 1358 2461 genitivo
1371 2387 1483 2444 nostruu

191 2498 216 2539 ao
230 2481 325 2545 dativo
347 2481 447 2552 nobis,
471 2483 634 2544 accusativo
656 2501 725 2552 nos,
746 2482 876 2543 vocativo
898 2499 932 2551 o,
955 2479 1080 2541 ablativo
1102 2500 1119 2542 a
1141 2480 1236 2542 nobis.
1280 2484 1349 2544 item
1370 2496 1484 2563 personae

228 2583 375 2646 secundae
398 2581 546 2665 qualitatis
569 2583 700 2645 eiusdem
723 2584 842 2661 generis
864 2584 960 2644 omnis
980 2584 1023 2642 sie
1037 2580 1249 2644 declinabitur:
1273 2584 1439 2646 nominativo
1454 2589 1483 2646 tr.

228 2686 355 2766 genitivo
383 2687 426 2749 tui
453 2683 498 2747 vei
526 2688 577 2757 tis,
606 2685 702 2748 dativo
724 2683 777 2746 libi
806 2682 850 2745 vel
872 2685 908 2755 ti,
931 2687 1094 2746 accusativo
1116 2693 1161 2756 te,
1183 2687 1316 2747 vocativo
1337 2704 1366 2758 o,
1388 2682 1484 2747 ablativo

227 2806 244 2849 a
266 2795 310 2856 te;
334 2800 365 2849 et
385 2786 540 2867 pluraliter
560 2806 612 2849 vos
640 2794 768 2848 vestrum
797 2786 880 2848 vobis
902 2805 953 2848 vos
975 2802 992 2846 o
1014 2804 1031 2847 a
1053 2785 1145 2848 vobis.
1188 2788 1260 2849 item
1288 2805 1425 2868 personae
1442 2794 1483 2846 ter·

227 2890 284 2952 tiae
306 2887 454 2970 qualitatis
487 2889 618 2951 eiusdem
646 2892 765 2968 generis
794 2887 949 2950 maurulini
970 2889 1082 2968 figurae
1104 2887 1261 2969 simpliois,
1284 2889 1362 2971 quod
1382 2886 1483 2951 declar

188 3008 213 3050 as
226 2991 307 3054 bitur
328 2992 385 3052 sic:
415 2992 592 3053 nominativo
621 2989 687 3061 ille,
717 2992 844 3069 genitivo
872 2988 967 3060 illius,
997 2990 1093 3051 dativo
1120 2989 1164 3051 illi
1186 2990 1231 3051 vel
1251 2990 1319 3063 illo,
1348 2989 1485 3053 accusativo

202 3090 324 3163 ·illum,
356 3094 486 3153 vocativo
508 3112 541 3163 o,
573 3091 698 3154 ablativo
721 3092 757 3153 ab
779 3092 845 3160 illo;
874 3090 1008 3153 similiter
1029 3110 1084 3173 per
1106 3094 1205 3155 omnia
1227 3111 1336 3171 genera
1358 3108 1484 3154 numeros

224 3214 281 3275 que
311 3191 484 3256 declinatur.
527 3196 596 3256 item
624 3213 789 3274 pronomen
816 3196 913 3255 minus
941 3213 1030 3274 quam
1057 3195 1171 3256 linitum
1206 3196 1326 3272 generis
1357 3191 1485 3256 masculini

224 3297 402 3359 nominativo
430 3298 507 3377 ipse,
535 3297 663 3374 genitivo
690 3297 796 3376 ipsius,
825 3296 920 3357 dativo
948 3296 1017 3376 ipsi,
1047 3296 1212 3356 accusativo
1240 3296 1352 3377 ipsum,
1380 3295 1485 3358 vocativo

223 3418 255 3470 o,
279 3398 402 3461 ablativo
425 3398 462 3460 ab
484 3399 564 3479 ipso;
592 3406 622 3459 et
643 3396 786 3478 pluralem
817 3397 900 3458 lacit:
931 3398 1000 3458 item
1029 3398 1147 3476 generis
1169 3396 1312 3459 'leminini
1333 3397 1486 3461 nominativo

184 3517 210 3559 ao
223 3502 302 3581 ipsa,
332 3501 459 3580 genitivo
486 3501 594 3579 ipsius,
622 3498 718 3560 dativo
748 3501 818 3580 ipsi,
847 3501 1010 3561 accusativo
1038 3500 1148 3579 ipsam,
1178 3502 1308 3560 vocatiro
1331 3520 1363 3572 o,
1385 3499 1486 3563 ablotivo

222 3602 259 3665 ab
281 3604 361 3683 ipsa;
389 3611 419 3665 ct
445 3601 590 3682 pluralem
624 3601 704 3663 iacit.
748 3602 817 3662 item
844 3620 1011 3682 pronomen
1038 3600 1184 3662 inlinitum
1215 3604 1334 3680 generis
1356 3599 1485 3666 masculini

222 3706 400 3767 nominativo
422 3706 488 3785 quis
511 3703 554 3765 vel
578 3705 643 3786 qui,
667 3704 794 3780 genitivo
817 3704 915 3771 cuius,
945 3703 1041 3764 dativo
1064 3703 1124 3772 cui,
1147 3705 1315 3766 accusativo
1337 3721 1486 3786 quemve

221 3808 315 3867 cativo
337 3825 369 3876 o,
399 3805 524 3868 ablativo
554 3825 569 3868 a
599 3824 657 3886 quo
687 3803 730 3865 vel
753 3823 770 3865 a
798 3806 863 3884 qui;
893 3811 924 3865 ei
950 3803 1094 3883 pluralem
1117 3805 1201 3865 lacit:
1239 3804 1324 3866 aliter
1345 3803 1485 3868 oecunduvu

220 3916 350 3970 veterem
379 3906 604 3969 declinationem
632 3924 687 3986 per
719 3922 813 3984 genus
840 3924 997 3968 commune
1024 3906 1072 3966 uic
1101 3914 1130 3968 et
1157 3906 1232 3967 baec
1265 3908 1346 3987 quis,
1381 3907 1485 3987 genitm

183 4025 208 4068 ss
221 4011 320 4088 quius,
344 4008 440 4071 dativo
462 4010 528 4089 qui,
551 4009 715 4070 accusativo
737 4008 817 4069 buno
839 4017 869 4069 et
889 4007 966 4070 banc
988 4025 1091 4087 quem,
1115 4009 1244 4069 vocativo
1267 4027 1301 4080 o,
1324 4004 1483 4072 ablativoab

220 4109 277 4169 boc
300 4117 329 4170 et
350 4109 386 4170 ab
409 4109 465 4171 hae
486 4111 551 4190 qui;
575 4117 605 4171 et
625 4109 770 4190 pluralem
793 4110 870 4181 lacit,
894 4111 1072 4171 nominativo
1087 4109 1118 4169 bi
1140 4118 1170 4171 et
1191 4110 1248 4171 bae
1270 4129 1358 4191 ques,
1379 4109 1484 4191 genua

219 4210 325 4272 borum
348 4220 379 4273 et
399 4210 503 4273 harum
527 4213 645 4292 quium,
676 4212 772 4274 dativo
794 4210 914 4292 quibus,
949 4212 1113 4274 accusativo
1134 4213 1190 4274 bos
1212 4222 1243 4272 et
1264 4211 1318 4274 bas
1340 4231 1421 4294 quus,
1446 4227 1482 4269 ro

219 4314 312 4375 cativo
342 4333 375 4383 o,
406 4312 530 4375 ablativo
557 4332 574 4374 a
601 4313 722 4394 quibus:
755 4314 872 4392 generis
899 4314 1034 4376 seminini
1065 4315 1244 4375 nominativo
1266 4333 1356 4396 quae,
1379 4313 1482 4394 genitivo

218 4416 317 4488 cuius,
341 4415 436 4477 dativo
459 4417 520 4486 eui,
544 4418 708 4479 accusativo
731 4435 833 4497 quam,
862 4418 992 4477 vocativo
1016 4436 1050 4487 o,
1073 4414 1198 4477 ablativo
1220 4435 1238 4477 a
1260 4436 1334 4498 qua;
1357 4425 1385 4480 et
1403 4413 1480 4496 plura·

179 4515 284 4578 eoliter
305 4535 394 4598 quae,
423 4536 560 4597 quarum,
590 4519 654 4597 quis
677 4517 721 4580 vel
743 4518 863 4602 quibus,
893 4537 980 4599 quas,
1008 4517 1151 4600 aquibus
1174 4517 1219 4578 rel
1242 4521 1360 4599 aquis:
1387 4515 1481 4596 genem

285 4790 485 4843 breleruntorl
502 4791 665 4856 proteruntur
685 4793 709 4842 L
777 4793 940 4857 4quaedam
961 4807 993 4842 ex
1014 4791 1115 4843 casibus
1135 4791 1160 4841 L
1231 4792 1333 4842 issatis
1350 4800 1386 4842 est
1401 4784 1478 4841 oeteudi

216 4863 367 4928 gratiml,
449 4861 601 4929 noluissed
687 4861 719 4911 14
737 4860 775 4928 ot]
797 4871 822 4913 et
838 4862 862 4911 L
932 4863 1019 4928 generi
1039 4860 1064 4908 L
1134 4862 1217 4913 iorma
1234 4877 1280 4912 oue
1297 4861 1331 4925 L,
1349 4861 1429 4912 aaut
