3346 5506
918 289 934 321 S

230 377 288 439 ma
737 390 739 400 ⁴
812 374 924 468 rruoor

277 493 439 547 phul-4811.
571 530 574 543 ,
1288 502 1309 542 p.
1323 488 1412 529 332-32
1432 488 1459 530 V.

226 565 324 633 liores,
345 563 476 633 oboves,
499 563 535 622 ab
552 564 597 623 bis
614 562 719 623 bubus.
748 580 826 624 urrato
847 563 876 622 iu
890 563 947 623 boc
965 565 1083 624 iiorriiue
1102 562 1263 642 quaeritur,
1287 575 1344 637 qua
1360 557 1404 622 'de
1423 579 1509 623 causa

226 689 241 729 a
264 667 338 728 bove
362 674 391 727 et
411 686 427 726 a
449 665 506 727 bue
526 666 622 727 iacere
648 667 822 743 reperiatur.
867 665 981 726 bacdc
1004 683 1090 725 causa
1113 662 1226 724 above
1252 663 1351 723 facore
1377 680 1510 741 pronun·

226 772 328 838 tiatur,
359 769 497 847 (pupilium
525 785 729 848 quaecumque
758 768 874 827 nomina
903 765 1072 828 animalium
1099 766 1275 827 nominativo
1298 778 1366 825 casu
1393 766 1511 847 numeri

226 870 347 952 pluralis
369 886 401 931 es
421 869 526 931 litteris
547 869 734 948 deliniuntur,
758 870 832 930 baec
852 887 887 929 cx
904 869 1007 929 eodem
1028 869 1205 929 nominativo
1223 882 1293 928 casu
1314 868 1430 926 numeri
1445 866 1512 946 plu·

200 973 331 1054 araliss
354 971 488 1033 ultimum
509 967 655 1048 omittunt
677 979 705 1031 et
726 969 881 1032 ablativum
905 989 1005 1031 casum
1028 971 1144 1031 numeri
1165 969 1320 1048 singularis
1341 969 1511 1031 ostendunt.

225 1083 344 1136 atvero
367 1082 396 1135 et
416 1093 431 1134 a
455 1073 511 1133 boe
533 1071 579 1133 illa
601 1073 638 1134 de
658 1091 744 1133 causa
768 1073 866 1134 lacere
887 1073 1110 1152 pronuntiatur,
1141 1072 1281 1150 ¹quoniam
1307 1086 1513 1151 quaecumque

226 1179 343 1237 numina
366 1174 532 1235 animalium
552 1174 588 1234 ab
605 1194 620 1235 e
637 1181 773 1254 correpto
797 1176 895 1236 venire
915 1176 1115 1253 reperiuntur,
1138 1173 1211 1234 baec
1234 1192 1269 1234 ex
1289 1172 1426 1250 genetivo
1441 1190 1512 1235 casu

226 1280 343 1339 numeri
366 1275 488 1358 pluralis
509 1274 624 1337 ultimas
649 1276 776 1346 litteras,
789 1316 791 1320 ψ
805 1295 879 1356 quas
900 1275 1010 1336 babent
1030 1283 1098 1336 ante
1119 1260 1330 1335 consonantem
1353 1275 1512 1354 oppositas,

225 1382 361 1441 omittunt
383 1387 412 1440 et
433 1398 449 1439 e
470 1377 599 1438 litteram
622 1378 781 1457 accipiunt,
811 1379 890 1441 unde
911 1377 1067 1439 ablativum
1088 1395 1188 1438 casum
1213 1378 1331 1451 numeri
1354 1373 1514 1454 stimularis

189 1507 213 1547 m
227 1482 394 1544 ostendunt.

309 1582 469 1644 Declinatio
494 1583 597 1642 maris:
635 1583 750 1643 numeri
772 1581 931 1660 singularis
960 1582 1006 1642 bic
1027 1599 1090 1642 nias
1118 1583 1206 1643 buius
1225 1583 1316 1641 uraris
1344 1581 1414 1642 huic
1436 1582 1514 1643 mari

225 1687 304 1755 lrunc
321 1703 432 1746 marem
455 1703 472 1744 o
491 1702 554 1746 mus
576 1684 612 1745 ab
627 1685 684 1745 boc
702 1702 793 1754 mare,
816 1682 1086 1767 numeripluljralis
1107 1683 1137 1743 bi
1154 1701 1252 1745 mares
1271 1682 1380 1744 horum
1397 1696 1512 1745 marum

226 1789 270 1849 bis
293 1785 424 1848 maribus
450 1786 505 1846 hos
526 1804 624 1846 mares
651 1804 786 1848 omares
810 1788 846 1847 ab
873 1786 919 1848 bis
941 1786 1081 1847 maribus.
1126 1803 1196 1847 saue
1220 1786 1257 1846 de
1286 1786 1422 1862 getretiro
1443 1800 1513 1846 casu

227 1890 341 1951 numeri
366 1888 486 1968 pluralis
514 1888 571 1949 boc
593 1907 762 1957 monemus,
793 1889 871 1968 qriod
894 1890 952 1948 iam
975 1895 1004 1949 ct
1029 1890 1057 1948 iu
1079 1887 1283 1966 superioribus
1308 1888 1450 1956 diximus,
1483 1880 1513 1947 ld

189 2000 270 2057 iaest
291 1991 370 2073 quod
392 1991 470 2052 bunc
493 2009 607 2059 casum.
636 1992 686 2069 qut
709 1989 745 2051 ab
769 2010 784 2051 e
808 1997 945 2069 correpto
969 1993 1068 2051 venire
1097 1992 1260 2069 repmitur,
1290 1987 1421 2051 insonis
1443 2006 1513 2049 con·

225 2101 360 2173 petentur
378 2101 504 2153 tractare
523 2092 690 2154 debeamus.

311 2194 470 2256 [tertinulo
494 2194 583 2254 lovis:
616 2196 732 2255 uuureri
753 2193 910 2272 singularis
937 2195 985 2257 bic
1006 2196 1136 2274 luppiter
1157 2195 1340 2280 liuius'lovis
1361 2193 1430 2254 buic
1452 2192 1513 2253 lovi

228 2301 307 2360 bunc
328 2298 425 2358 lovem
462 2297 629 2377 oluppiter
660 2296 696 2357 ab
717 2297 774 2357 boc
796 2296 871 2357 love.
918 2297 990 2358 baec
1011 2299 1035 2356 si
1058 2314 1214 2357 numerum
1243 2294 1387 2376 pluralem
1415 2295 1514 2356 laocro

226 2408 381 2479 coguntur,
405 2398 441 2458 ad
464 2399 521 2458 boc
542 2398 708 2477 exenrplum
733 2398 932 2460 declinantur:
966 2401 1080 2459 numeri
1103 2398 1224 2478 pluralis
1250 2399 1280 2458 hi
1301 2399 1384 2459 loves
1404 2397 1513 2458 horum

188 2525 213 2566 ao
227 2503 336 2563 lovium
365 2500 410 2561 bis
430 2499 549 2560 loribus
579 2501 633 2560 bus
653 2500 736 2561 loves
768 2519 786 2560 o
810 2501 893 2561 lores
923 2501 960 2561 ab
983 2502 1028 2562 his
1049 2500 1175 2562 loribus.
1220 2518 1291 2560 sane
1320 2498 1357 2561 de
1378 2499 1513 2577 genetivo

227 2622 295 2664 casu
319 2602 434 2663 numeri
456 2601 579 2681 pluralis
600 2602 659 2663 hoc
683 2619 845 2670 monemus,
869 2603 946 2681 quod
970 2603 1025 2663 iam
1051 2609 1079 2665 et
1100 2605 1130 2662 in
1153 2602 1356 2681 superioribus
1377 2601 1513 2670 diximus,

227 2705 256 2766 id
277 2703 417 2783 estquod
440 2704 517 2764 bunc
539 2721 648 2771 casum.
672 2705 721 2782 qui
741 2703 809 2766 abe
831 2713 970 2784 correpto
992 2690 1092 2766 venire
1113 2708 1270 2783 reperitur,
1291 2706 1319 2764 in
1338 2705 1420 2766 souis
1442 2720 1514 2765 oon·

226 2815 360 2887 potenter
383 2812 510 2866 tractare
535 2805 705 2866 debeamus.

276 2967 279 2973 .
311 2907 473 2969 lleclinatio
496 2907 637 2968 duorum:
672 2911 791 2984 generis
812 2908 964 2970 masculini
988 2911 1102 2970 numeri
1126 2909 1246 2988 pluralis
1265 2909 1295 2969 lii
1318 2909 1378 2970 duo
1405 2909 1514 2969 borum

189 3032 214 3072 aa
228 3011 353 3071 duorum
376 3009 421 3070 bis
444 3009 559 3069 duobus
581 3008 635 3068 hos
657 3009 732 3070 duos
754 3009 852 3071 uduo
881 3011 918 3070 ab
939 3011 985 3071 liis
1005 3011 1135 3079 duobus;
1170 3011 1288 3089 generis
1306 3011 1437 3072 feminini
1459 3027 1514 3071 uu·

227 3115 300 3174 meri
323 3111 445 3190 pluralis
466 3112 522 3172 bae
540 3111 616 3172 duae
636 3112 741 3172 barum
764 3113 889 3173 duarum
908 3114 954 3174 bis
975 3112 1090 3174 duabus
1112 3114 1165 3175 bas
1183 3115 1293 3174 duaso
1316 3113 1391 3175 duae
1413 3111 1451 3172 ab
1469 3112 1515 3172 tm·

227 3214 357 3282 duabus;
386 3215 504 3291 generis
525 3215 621 3274 neutri
642 3216 758 3275 numeri
780 3214 901 3293 pluralis
923 3216 995 3276 baec
1015 3216 1074 3276 duo
1094 3202 1203 3278 borum
1224 3215 1351 3276 duorum
1373 3215 1421 3276 his
1441 3215 1515 3275 duo·

227 3317 282 3379 bus
305 3317 379 3378 baec
401 3316 459 3376 duo
483 3317 580 3377 uduo
602 3316 704 3378 abbis
726 3316 851 3378 duobus.
896 3317 1050 3379 declinatio
1068 3317 1237 3378 aurborum:
1259 3319 1378 3395 generis
1399 3334 1515 3378 mascu-

227 3419 280 3480 lini
312 3419 427 3481 numeri
449 3417 569 3496 pluralis
602 3419 633 3480 bi
655 3419 742 3480 ambo
770 3420 877 3480 borum
906 3420 1061 3481 amborum
1092 3422 1137 3481 bis
1160 3420 1304 3481 ambobus
1329 3421 1383 3480 bos
1410 3418 1516 3480 ambos

189 3542 214 3583 ao
229 3542 245 3581 o
263 3521 349 3583 ambo
368 3521 404 3582 ab
421 3521 466 3582 liis
482 3521 641 3589 ambobus;
664 3523 779 3599 petieris
795 3522 925 3584 seminini
944 3524 1059 3584 numeri
1075 3521 1196 3600 pluralis
1216 3523 1272 3583 hae
1287 3521 1391 3583 ambae
1408 3521 1516 3583 harum

227 3624 380 3684 ambarum
405 3624 450 3683 bis
465 3607 608 3683 ambabus
628 3624 681 3683 lias
699 3624 800 3685 ambas
821 3643 839 3685 o
859 3625 963 3686 ambae
988 3607 1023 3686 ab
1039 3625 1085 3684 bis
1101 3624 1258 3693 ambabus;
1280 3626 1400 3702 generis
1418 3626 1515 3685 neutri

228 3727 344 3787 numeri
366 3724 488 3804 pluralis
519 3727 593 3787 haec
611 3725 697 3786 ambo
727 3727 833 3787 borum
853 3726 1007 3789 amborum
1040 3728 1085 3787 bis
1107 3726 1252 3788 ambobus
1284 3727 1356 3788 baec
1377 3725 1467 3787 ambo
1496 3744 1516 3785 o

228 3827 314 3888 aurbu
343 3826 379 3887 ab
402 3826 448 3886 his
470 3826 625 3888 ambobus.
671 3827 826 3889 declinatio
847 3831 953 3890 trium:
983 3831 1100 3907 generis
1122 3830 1286 3889 communis
1311 3831 1428 3889 numeri
1451 3829 1516 3909 plu·

227 3928 298 3990 ralis
319 3928 350 3989 bi
372 3936 400 3989 et
422 3928 477 3989 bac
500 3936 568 3997 tres,
592 3930 699 3991 borum
720 3938 749 3991 et
771 3931 875 3991 barum
897 3933 996 3999 trium,
1020 3931 1065 3990 liis
1089 3939 1116 3991 ct
1138 3932 1183 3991 bis
1204 3930 1314 4000 tribus,
1335 3932 1391 3992 bos
1412 3939 1441 3990 et
1463 3931 1516 3992 bas

189 4049 215 4090 as
228 4039 290 4092 tres
312 4038 341 4091 et
363 4031 432 4099 tris,
454 4049 472 4090 o
495 4039 524 4091 et
548 4050 566 4089 o
589 4040 663 4100 tres,
687 4032 722 4092 ab
745 4033 790 4093 bis
812 4040 841 4093 et
862 4031 900 4092 ab
923 4034 969 4093 bis
991 4032 1100 4102 tribus;
1135 4033 1253 4110 generis
1275 4035 1371 4094 neutri
1399 4034 1517 4095 numeri

226 4131 350 4213 pluralis
377 4133 451 4193 baec
472 4135 526 4193 tria
551 4134 657 4194 horum
681 4136 770 4195 trium
792 4135 838 4195 bis
856 4134 951 4194 tribus
972 4134 1046 4194 baec
1064 4137 1119 4194 tria
1141 4152 1158 4193 o
1180 4137 1235 4196 tria
1256 4135 1292 4195 ab
1314 4135 1361 4196 liis
1380 4134 1487 4197 tribus
1507 4130 1518 4216 Ι

227 4232 383 4297 declinatio
410 4242 538 4312 septem:
577 4238 692 4296 numeri
721 4235 856 4315 pluralis,
891 4239 942 4316 qui
964 4244 1062 4315 aptate
1090 4238 1312 4314 pronuntiatur,
1343 4237 1373 4298 bi
1401 4244 1515 4316 septem

227 4337 333 4398 horum
356 4344 468 4415 septem
504 4338 549 4397 bis
571 4346 683 4417 septem
720 4339 775 4399 lios
799 4344 910 4416 septem
945 4347 1096 4417 oseptcm
1126 4338 1163 4399 ab
1182 4340 1228 4399 his
1249 4347 1372 4418 septem.
1416 4341 1461 4402 sic
1487 4346 1517 4401 ot

228 4456 333 4500 norem
361 4438 463 4499 decem
491 4439 628 4500 undecim
657 4439 810 4500 duodecim
842 4441 982 4502 tredecim
1013 4440 1256 4525 quattuordecim
1278 4442 1449 4522 quindecim
1470 4459 1516 4503 ae·

189 4541 332 4602 undecim.
378 4540 533 4602 declinatio
554 4540 650 4601 bidui:
674 4542 731 4602 boc
751 4541 872 4602 biduum
897 4543 984 4602 liuius
1006 4543 1088 4604 bidui
1113 4544 1181 4603 buic
1204 4543 1293 4604 biduo
1316 4544 1374 4604 hoc
1392 4543 1514 4606 biduum

299 4720 363 4770 lab
382 4719 422 4768 bis
440 4719 609 4769 bubusliab
629 4719 668 4769 bia
688 4720 809 4770 bobusB
879 4722 911 4770 14
930 4723 979 4771 ium
999 4732 1024 4771 ct
1043 4723 1179 4772 inBiam
1198 4724 1263 4773 inu
1334 4722 1517 4775 attonitam

228 4797 253 4840 et
271 4790 322 4841 duo
340 4804 355 4839 o
373 4790 424 4840 duo
442 4788 498 4840 Br:
517 4789 609 4838 etduo
628 4790 712 4842 omli
781 4791 815 4839 ‘til
833 4790 881 4841 hos
900 4793 1118 4842 ambosetmnbo
1137 4809 1152 4843 o
1170 4794 1245 4844 ambo
1263 4793 1318 4842 Bra
1336 4796 1516 4845 etamboon.

227 4859 251 4910 tt
304 4860 336 4911 :tt
356 4869 452 4924 septem
470 4867 530 4922 post
548 4859 681 4908 declinatio
700 4875 745 4911 om.
763 4859 795 4919 lt,
815 4861 875 4913 odd.
896 4862 920 4911 B
992 4865 1199 4927 pronuntiatura
1218 4864 1414 4928 pronuntiantur
1431 4863 1456 4914 1t
