3346 5506
236 375 296 436 172
396 406 398 409 v
823 374 937 436 ruunt

284 505 307 546 p.
322 491 399 533 333-3
413 491 439 533 u.
1327 504 1349 545 p.
1363 492 1435 533 roas
1448 492 1476 534 v.

234 583 301 624 eum
325 562 368 624 vel
383 564 407 623 si
426 564 586 642 rapiamus,
608 582 675 623 curn
697 562 742 622 vei
758 564 782 623 si
806 560 936 641 rapiatis,
961 580 1028 622 cum
1050 561 1094 622 vei
1109 564 1132 622 si
1154 565 1285 643 rapiant:
1309 564 1416 625 eodem
1437 564 1520 626 mods

233 674 367 745 tempore
387 666 548 745 praeterito
568 665 665 744 specie
683 664 855 744 imperfecta
878 665 937 724 sive
957 665 1054 724 miuus
1076 683 1166 744 quam
1187 666 1319 745 perfecta
1337 665 1382 728 vei
1402 665 1520 730 inchoa¹

232 770 287 829 tiva
310 770 427 828 numeri
448 766 605 844 singularis
628 784 696 825 eum
719 764 762 826 331
786 767 810 826 33
831 783 984 846 raperem,
1014 783 1081 826 eum
1104 765 1149 826 vei
1172 769 1197 827 si
1219 785 1358 846 raperes,
1389 786 1461 830 curn
1482 768 1520 831 va'

231 871 255 931 si
278 875 411 948 raperet;
447 870 565 930 numeri
592 867 713 948 pluralis
740 885 806 928 eum
831 866 875 928 333
896 868 920 928 si
946 886 1135 948 raperemus,
1164 887 1233 930 cum
1255 867 1301 931 vei
1322 871 1348 930 si
1370 871 1518 951 raperetis

205 990 299 1034 scum
325 970 371 1031 vei
393 973 417 1032 si
445 978 600 1050 raperent:
638 969 741 1030 eodem
770 969 859 1030 modo
886 969 990 1031 eodem
1020 978 1153 1050 ternpore
1181 971 1279 1050 specie
1305 972 1520 1050 periecta'sivv

231 1072 364 1134 absoluta
387 1074 503 1134 numeri
524 1070 681 1148 singularis
703 1089 770 1132 cum
792 1071 838 1133 vel
859 1073 883 1132 si
905 1074 1066 1151 rapuerim,
1090 1091 1157 1134 cum
1179 1071 1223 1136 vei
1243 1075 1269 1134 si
1287 1075 1435 1153 rapueris,
1457 1092 1520 1136 cun

230 1175 276 1237 vel
295 1177 320 1236 si
342 1177 489 1255 rapuerit;
511 1174 629 1235 numeri
650 1172 771 1252 pluralis
791 1192 858 1234 cnm
880 1173 926 1234 vei
946 1175 970 1234 si
989 1176 1189 1254 rapuerimus,
1215 1192 1282 1235 cum
1304 1173 1350 1236 rei
1369 1178 1396 1237 si
1417 1184 1520 1257 rapue

230 1278 303 1347 ritis,
326 1295 394 1337 cnm
417 1274 462 1337 vei
476 1276 500 1337 si
522 1276 691 1355 rapuerint:
717 1275 821 1337 eodem
841 1277 928 1337 modo
950 1275 1054 1337 codem
1077 1283 1210 1356 tempore
1230 1278 1329 1358 specie
1349 1277 1520 1359 plusqua!-

230 1379 362 1459 periecta
384 1379 444 1439 sive
466 1378 647 1439 recordativa
670 1375 716 1439 vei
739 1384 839 1438 exacta
863 1380 980 1439 numeri
1002 1377 1157 1456 singularis
1186 1396 1253 1440 cunr
1274 1377 1320 1440 vei
1338 1379 1343 1457 Ι
1362 1380 1389 1440 33
1409 1380 1520 1461 333333

194 1501 220 1542 ro
233 1500 305 1550 sem,
333 1499 399 1543 cum
421 1479 465 1542 vel
487 1481 512 1540 si
533 1481 691 1560 rapuisses,
713 1497 779 1540 cum
805 1478 847 1539 vel
869 1481 893 1540 si
915 1482 1076 1560 rapuisset;
1108 1480 1225 1542 numeri
1246 1478 1369 1560 pluralis
1390 1498 1462 1543 cum
1482 1482 1520 1543 ve

231 1585 255 1645 si
276 1584 485 1663 reperissemus,
509 1601 575 1643 cum
596 1580 641 1642 vei
662 1583 688 1641 si
709 1582 888 1661 rapuissetis,
914 1601 980 1643 cum
1002 1581 1046 1643 vei
1062 1584 1087 1642 si
1101 1584 1283 1662 rapuissem:
1306 1583 1413 1645 eodem
1436 1584 1520 1647 mods

231 1693 363 1766 tempore
385 1686 484 1746 iuturo
506 1684 622 1745 numeri
647 1682 803 1761 singularis
825 1702 892 1746 curn
914 1683 958 1745 vel
974 1685 998 1744 si
1019 1701 1157 1764 rapuero,
1177 1702 1245 1745 cum
1265 1683 1308 1745 vei
1330 1685 1354 1746 si
1377 1687 1520 1768 rapueris

231 1786 365 1851 cumaei
387 1788 410 1847 si
439 1787 586 1866 rapuerit;
623 1787 738 1847 numeri
760 1784 882 1866 pluralis
908 1805 976 1847 eum
998 1785 1043 1846 vei
1066 1787 1090 1846 si
1111 1789 1314 1867 rapuerimus,
1343 1805 1411 1848 curu
1433 1786 1480 1849 vei
1502 1792 1520 1849 3

229 1890 403 1970 rapueritis,
430 1907 497 1950 cum
522 1888 568 1948 vei
596 1889 621 1947 si
646 1889 807 1968 rapuerint.
853 1887 942 1948 modo
967 1887 1146 1967 inpersonaii
1174 1889 1305 1950 numeris
1330 1895 1360 1950 et
1388 1890 1520 1968 personia

192 2010 217 2051 aa
230 1993 360 2054 confusis
389 2000 522 2071 tempore
550 1990 697 2071 praesenti
731 1989 791 2050 sive
822 1991 941 2051 instanti
967 1992 1097 2071 rapitur,
1137 1990 1240 2051 eodem
1268 1990 1357 2052 modo
1389 1998 1520 2072 tempora

228 2095 389 2175 praeterito
407 2094 507 2173 speeie
524 2091 696 2172 imperfecta
719 2093 778 2153 sive
799 2094 897 2153 minus
916 2110 1004 2170 quam
1025 2092 1156 2171 perfecta
1177 2090 1223 2152 vei
1243 2091 1406 2154 inchoativa
1426 2095 1520 2175 rapie-

229 2196 332 2265 batur,
364 2195 468 2256 eodem
491 2193 579 2254 modo
605 2192 709 2255 eaden]
731 2202 865 2274 tempore
890 2195 989 2273 specie
1009 2194 1138 2274 perfecta
1162 2195 1222 2255 sive
1242 2193 1376 2256 absoluta
1404 2203 1520 2275 rapturo

229 2306 274 2359 est
297 2304 326 2358 et
347 2295 487 2358 ulteriore
507 2296 637 2376 perfecta
659 2304 775 2374 raptum
798 2297 866 2366 init,
901 2297 1005 2381 eodem
1028 2296 1116 2356 ruodo
1139 2295 1245 2357 eodem
1266 2302 1401 2377 tempore
1424 2299 1520 2377 speeie

228 2398 515 2480 plusquamperfecto
535 2397 593 2457 3333
613 2397 797 2458 recordativa
813 2397 862 2459 <vei
886 2404 985 2460 exacta
1007 2406 1125 2479 raptum
1146 2404 1258 2460 333333
1279 2397 1422 2461 ulteriore
1441 2398 1520 2480 pins

190 2519 216 2561 33
229 2500 449 2582 quaurperiecta
471 2501 532 2560 sire
550 2498 733 2560 recordativa
757 2500 800 2561 rel
819 2507 920 2561 exacta
942 2507 1057 2579 raptum
1081 2500 1185 2569 iuerat,
1209 2500 1314 2561 eodem
1337 2500 1428 2562 modo
1449 2508 1520 2564 tem·

228 2621 304 2683 pore
327 2602 425 2663 futuro
447 2603 589 2680 rapietur.
606 2597 618 2682 [i
634 2602 759 2679 gerundi
780 2610 848 2663 suut
869 2602 958 2672 baec,
982 2602 1117 2681 rapiendi
1139 2601 1184 2663 vei
1204 2602 1355 2682 rapiandi,
1379 2602 1520 2682 rapiendo

228 2705 273 2768 vei
294 2703 453 2784 rapiundo,
482 2703 656 2782 rapiendum
679 2703 723 2765 vei
746 2704 938 2784 rapiuuduur,
967 2712 1093 2782 raptum.
1137 2710 1273 2783 tempora
1297 2705 1520 2785 participiorum

228 2807 385 2869 trabuntur
412 2805 449 2866 ab
473 2807 530 2867 boc
552 2804 641 2866 verbo
665 2806 757 2867 activo
782 2805 856 2875 duo,
884 2824 1025 2887 praesens
1049 2807 1184 2886 rapiens,
1215 2807 1348 2868 futurum
1370 2814 1520 2887 rapturus

228 2928 336 2971 nomen
354 2917 465 2987 raptor,
491 2907 646 2988 appellatio
668 2914 799 2988 raptura.

189 3028 214 3070 aa
312 3010 474 3072 beciiuatio
493 3011 606 3090 passiva
629 3012 732 3071 tertiae
753 3011 967 3087 coniugatiouis
989 3018 1152 3089 correptae.
1189 3011 1289 3089 rapior
1310 3008 1435 3072 verbnm
1455 3030 1520 3092 pas·

227 3116 321 3174 sivum
343 3113 498 3173 indicativo
525 3114 584 3173 sive
607 3115 824 3191 pronuntiative
851 3112 940 3173 modo
968 3113 1078 3174 dictum
1108 3115 1249 3192 temporis
1274 3114 1441 3192 praesentis
1463 3115 1520 3176 sive

227 3217 362 3277 instantis
387 3217 503 3276 numeri
532 3215 689 3294 singularis
717 3217 828 3294 tigurae
856 3217 1037 3293 compositae
1065 3234 1210 3294 personae
1238 3216 1352 3296 primae
1380 3216 1521 3296 coniuga-

227 3319 316 3379 tionis
338 3319 442 3379 tertiae
465 3324 633 3397 correptae,
662 3318 741 3397 quod
764 3315 958 3377 declinabitur
981 3319 1033 3378 sic.
1077 3317 1166 3378 modo
1187 3317 1343 3379 indicativo
1368 3319 1429 3379 sire
1452 3337 1520 3400 pro·

227 3421 386 3482 nuntiativo
408 3422 552 3499 temporis
567 3421 731 3499 praesentis
752 3421 812 3479 sive
830 3419 962 3478 instantis
983 3421 1099 3480 numeri
1115 3418 1273 3497 sinmdaris
1290 3421 1392 3499 rapior
1407 3422 1520 3500 raperis

188 3540 214 3580 33
227 3527 348 3602 rapitur,
371 3524 488 3584 muneri
507 3522 629 3601 pluralis
649 3523 781 3601 rapimus
802 3521 938 3599 rapimiui
960 3523 1129 3600 rapiuntur:
1152 3521 1257 3583 eodem
1273 3521 1362 3582 modo
1385 3529 1520 3603 tempore

226 3627 385 3704 praeterito
402 3626 501 3703 specie
519 3625 691 3704 imperfecta
714 3625 885 3684 3333333333
901 3641 988 3701 quam
1005 3624 1134 3702 perfecta
1153 3623 1198 3684 rei
1220 3624 1384 3686 inchoativa
1403 3627 1520 3687 numeri

226 3726 383 3804 singularis
405 3725 542 3804 rapiebar
565 3725 728 3806 rapiebaris
752 3724 937 3804 rapiebatur,
966 3727 1081 3786 numeri
1110 3725 1233 3804 pluralis
1260 3725 1451 3805 rapiebamur
1473 3745 1520 3788 ra·

227 3826 385 3906 piebamini
407 3827 613 3907 rapiebantur:
650 3826 863 3890 eodemmodo
890 3827 993 3888 eodem
1015 3835 1149 3908 tempore
1177 3829 1276 3906 specie
1297 3829 1431 3908 perfecta
1461 3831 1520 3891 sive

226 3928 361 3991 absoluta
386 3931 501 3991 numeri
519 3931 675 4009 singularis
696 3938 798 4010 raptus
818 3948 883 3990 sum
906 3937 1008 4008 raptus
1030 3948 1063 3990 es
1085 3939 1186 4009 raptus
1209 3938 1261 4000 est,
1284 3933 1399 3992 unrueri
1419 3930 1520 4010 plura·

188 4031 263 4093 niis
284 4033 359 4112 rapti
380 4051 483 4094 sumus
510 4033 587 4112 rapti
606 4035 675 4094 estis
701 4034 777 4112 rapti
798 4039 880 4099 suut;
920 4040 949 4092 33
973 4032 1114 4093 ulteriore
1143 4034 1274 4110 perfecta
1302 4034 1363 4093 3333
1385 4032 1520 4097 absoluta

226 4136 343 4196 numeri
364 4134 521 4213 singularis
543 4145 645 4213 raptus
664 4136 707 4195 sui
728 4142 831 4213 raptus
855 4134 934 4194 inisti
955 4140 1058 4212 raptus
1081 4135 1144 4203 tuit,
1164 4135 1278 4195 nrmreri
1299 4132 1423 4215 pluralis
1442 4136 1520 4214 rapti

225 4237 335 4298 inimus
363 4239 439 4317 rapti
461 4238 555 4297 inistis
582 4239 660 4315 rapti
681 4238 802 4298 iueruut
824 4235 867 4295 vei
887 4236 985 4296 inere:
1023 4237 1126 4297 eodem
1148 4236 1237 4297 modo
1260 4236 1364 4297 eodem
1385 4242 1520 4316 tempore

225 4339 324 4418 specie
345 4338 634 4419 piusqnanrperieeta
662 4340 722 4400 sive
743 4336 925 4399 recordativa
948 4337 993 4397 vei
1016 4345 1118 4398 exacta
1147 4339 1264 4398 numeri
1288 4337 1448 4417 singularis
1473 4356 1520 4401 ra·

225 4447 294 4518 ptus
317 4458 397 4500 eram
428 4448 529 4519 raptus
557 4460 623 4501 eras
652 4448 756 4520 raptus
781 4447 859 4509 erat,
897 4441 1013 4500 numeri
1040 4440 1163 4519 pluralis
1193 4441 1269 4520 rapti
1295 4459 1414 4502 eramus
1443 4442 1520 4521 rapti

187 4554 213 4595 ⁴⁰
227 4543 316 4602 eratis
336 4543 413 4621 rapti
428 4549 525 4609 eraut;
549 4550 577 4602 et
590 4541 741 4627 3113333333
764 4541 1053 4622 plusquamperfecta
1076 4543 1136 4604 sive
1151 4543 1336 4604 recordativa
1353 4540 1398 4604 vei
1417 4550 1520 4605 exacta

297 4787 329 4838 ld
349 4787 493 4836 inc-boatiuu
513 4788 537 4837 B
557 4788 715 4838 iuciroataii
769 4788 915 4854 rapiebatur
931 4805 961 4839 ro
980 4790 1155 4855 repebaturlt
1210 4790 1241 4840 17
1261 4789 1410 4841 absolutae
1429 4797 1520 4842 exacta

226 4857 275 4908 RB
345 4858 378 4906 27
397 4858 494 4923 iigurne
512 4857 639 4925 simplicis
656 4859 739 4910 editor
760 4858 962 4910 Vindoboueuais
1444 4866 1449 4873 '
