3314 5506
467 1264 576 1362 DE
626 1259 1249 1425 intonamus,

760 1517 962 1529 ...ι-

516 1669 587 1743 ΒΕ
613 1666 955 1745 IDIOMATIBVS
981 1667 1201 1745 CASVVM.

297 1827 338 1888 [le
361 1824 550 1888 idiomatibus
571 1841 647 1904 quae
669 1824 820 1903 pertinent
834 1822 870 1884 ad
886 1825 1052 1902 genetivum
1068 1842 1179 1886 cesum.
1213 1823 1303 1905 pudet
1323 1842 1366 1885 me
1384 1822 1463 1884 moris

214 1923 364 2010 ἐρυθριοί
385 1920 445 1986 τὸν
467 1925 590 2005 ἔρωτα,
614 1919 813 2006 αίσχύνομαι
834 1918 894 1986 τὸν
915 1923 1038 2004 ἔρωτα,
1060 1924 1159 1986 taedet
1181 1943 1228 1987 me
1251 1924 1395 1986 muliemm
1411 1935 1464 1983 ova-

187 2029 369 2108 τχαίνομαι
384 2022 443 2100 τὰς
464 2035 645 2108 γυναῖκας,
668 2028 800 2106 paenitet
821 2046 868 2088 me
891 2026 979 2088 buius
1001 2025 1115 2089 consilii
1137 2022 1356 2107 μεταμέλομαι
1375 2019 1419 2087 ἐπὶ
1434 2020 1465 2104 τῷ

213 2130 409 2214 συμβουλίῳ
437 2125 563 2213 τούτῳ,
591 2125 765 2209 μεταμέλει
792 2147 849 2208 μοι
877 2128 936 2208 τῆς
962 2127 1104 2209 βουλῆς,
1134 2131 1215 2210 piget
1243 2147 1291 2190 me
1312 2126 1466 2209 proiectionis

214 2225 304 2292 ὀκνῶ
332 2226 393 2312 τήν
415 2225 623 2311 ἀποδημίαν,
652 2222 743 2292 ὀκνοῖ
769 2222 983 2310 ἀποδημῆσαι
1007 2228 1093 2311 [libet
1114 2230 1188 2292 mibi
1209 2222 1342 2312 ἀρέσκει
1360 2226 1433 2310 μοι];
1449 2232 1468 2285 et

214 2351 289 2413 quac
316 2335 347 2392 in
376 2335 434 2394 sme
463 2334 642 2412 ligurantur,
675 2331 704 2392 id
736 2341 781 2393 est
808 2350 884 2412 quae
912 2335 943 2392 in
974 2332 1033 2392 line
1061 2330 1184 2393 uerbum
1213 2331 1357 2393 adiectum
1381 2329 1468 2392 babent

216 2442 383 2514 pertaesum
407 2443 451 2495 est
469 2432 547 2494 illius
569 2432 681 2513 oavyoi
703 2427 817 2510 adadu,
834 2427 1091 2514 ’ἀποστρέφομαι
1113 2425 1228 2494 αὐτόν.
1264 2436 1396 2496 miserem
1413 2446 1470 2492 meo·

179 2549 203 2591 tv
217 2533 450 2617 diciioiaaec'po
472 2528 532 2595 τὸν
554 2530 697 2614 πτωχόν,
721 2533 872 2614 οἰκτείρω
895 2528 955 2596 τὸν
977 2528 1131 2615 ἐπαίτηνε
1153 2535 1319 2616 perlectum
1341 2538 1396 2597 eius
1414 2529 1470 2593 vorbi

217 2647 262 2698 est
289 2639 444 2699 miseratus
471 2656 554 2705 sum;
587 2639 714 2698 miseros
742 2646 838 2699 autem
867 2646 897 2698 et
924 2638 1083 2699 miseresco
1112 2655 1166 2717 per
1188 2638 1381 2699 accusativum
1399 2648 1471 2697 mnu

218 2741 389 2807 eileruntur.
434 2758 509 2819 quae
537 2746 635 2800 autem
670 2757 725 2818 per
757 2740 911 2819 participia
943 2739 1152 2819 proferuntur,
1186 2747 1215 2801 et
1242 2740 1316 2801 baec
1346 2738 1472 2818 genium

218 2860 317 2903 casum
346 2841 516 2911 admittunt,
546 2849 579 2901 ut
607 2857 708 2901 amaus
735 2839 787 2900 filii
809 2850 854 2902 est
881 2840 975 2922 φιλεί
994 2833 1053 2902 τὸν
1081 2837 1202 2919 παῖδα,
1226 2841 1321 2922 φιλεῖ
1338 2834 1393 2903 τὸν
1410 2825 1473 2901 oliv,

114 2939 119 2953 '
218 2964 308 3023 egens
335 2944 526 3024 pecuniarum
556 2934 673 3021 ἐνδεὴς
706 2933 892 3022 χρημάτων.
938 2951 967 3003 et
994 2961 1069 3023 quae
1097 2946 1128 3003 in
1157 2951 1205 3004 tor
1234 2942 1370 3023 syllabam
1395 2944 1475 3002 exeunt

182 3061 207 3102 m
222 3045 265 3106 rel
288 3047 498 3114 terminantur,
522 3043 647 3104 eundem
664 3046 822 3122 genitivum
839 3063 938 3106 casum
955 3044 1126 3113 admittunt,
1150 3053 1182 3106 ut
1203 3055 1322 3107 curator
1336 3063 1394 3107 snm
1413 3042 1475 3103 boios

218 3151 262 3208 rei
285 3146 450 3227 φροντίζω
473 3145 533 3205 τοῦ
555 3141 759 3226 πράγματος,
783 3148 900 3226 cupitor
922 3165 986 3206 sum
1010 3146 1096 3207 huius
1118 3148 1162 3206 rei
1186 3141 1253 3226 ἐρῶ
1274 3146 1335 3208 τοῦ
1355 3140 1476 3227 πράγμα-

221 3269 284 3321 τος.
329 3251 418 3328 igitur
446 3247 671 3328 appellationes,
701 3267 775 3327 quae
808 3266 874 3309 cum
902 3250 994 3327 figura
1023 3248 1176 3318 dicuntur,
1204 3257 1256 3309 aut
1282 3249 1427 3311 ablativum
1443 3248 1477 3303 aut

220 3352 377 3429 genitivum
407 3351 553 3429 recipiunt
580 3367 689 3409 casum.
734 3368 857 3428 quarum
887 3349 1045 3431 pleraeque
1074 3359 1215 3430 utrosque
1244 3369 1328 3412 casus
1355 3349 1476 3428 recipiunt

219 3462 249 3513 et
277 3472 330 3533 per
358 3454 517 3532 genitivum
546 3451 680 3531 quidem,
710 3457 742 3510 ut
769 3453 888 3530 ignarus
916 3470 980 3512 sum
1003 3453 1090 3513 huius
1112 3453 1172 3522 rei,
1201 3453 1316 3532 peritus
1336 3470 1397 3513 snm
1416 3448 1478 3510 buius

181 3568 207 3610 νο
222 3557 279 3624 rei,
309 3557 378 3615 item
407 3555 575 3633 imperitus;
605 3571 659 3632 per
687 3549 842 3613 ablativum
872 3560 983 3622 autem,
1015 3561 1046 3614 ut
1067 3552 1173 3632 dignus
1194 3573 1259 3615 sum
1284 3555 1339 3615 bac
1363 3571 1395 3614 re
1420 3572 1434 3606 a
1460 3553 1480 3605 tl

221 3657 315 3717 buius·
339 3658 397 3726 rei;
436 3663 465 3716 et
496 3654 586 3716 verbo
619 3650 826 3725 antecedente,
860 3656 938 3714 venit
971 3655 1042 3716 mibi
1073 3657 1104 3716 in
1134 3663 1265 3716 mentem
1296 3656 1379 3716 huius
1404 3653 1438 3713 rei
1460 3655 1480 3706 et

220 3759 293 3818 baec
315 3777 373 3819 res.
1315 3744 1318 3750 ’

305 3859 397 3919 Dativi
419 3877 516 3920 casus:
541 3877 630 3938 parco
652 3858 705 3918 tibi
728 3853 889 3938 peidopac'
900 3871 972 3936 σου,
996 3875 1089 3919 οοοοο
1111 3856 1164 3919 tibi
1186 3855 1481 3938 diaecesanum

221 3961 340 4020 inimico
362 3955 499 4038 dianam
521 3954 580 4020 τὸν
603 3955 739 4040 ἐχθρόν,
762 3958 865 4020 obsum
890 3961 984 4021 vicino
1006 3956 1143 4039 βλάπτω
1165 3953 1226 4020 τὸν
1247 3961 1391 4040 γείτονα,
1410 3955 1482 4019 officio

184 4062 310 4121 asnonio
332 4057 469 4138 βλάπτοι
491 4054 551 4121 τὸν
573 4062 691 4139 αίτιον,
715 4061 903 4123 incommodo
919 4060 1050 4123 malelico
1072 4057 1212 4141 βλάπτον
1235 4056 1296 4124 τὸν
1318 4052 1483 4131 κακοποιόν,

306 4269 333 4324 P
352 4269 444 4324 codex
466 4269 617 4326 Parisinus
638 4273 708 4330 7530

308 4434 422 4485 damari
439 4436 465 4484 P
544 4425 768 4501 4αίοχύνομαι]
793 4438 914 4486 nouarP
999 4435 1194 4504 σικχαίνομαι]
1217 4435 1411 4488 crxxervormrl'
1476 4426 1488 4476 l

225 4520 397 4557 carruavrou.
415 4515 594 4570 anocrrponm
614 4519 694 4554 arros
712 4500 806 4570 1....
828 4521 879 4556 reo.
898 4506 1008 4557 mendici
1028 4543 1118 4560 .....
1140 4521 1161 4554 ω
1178 4523 1226 4559 ros
1243 4523 1353 4560 nrtuxorr
1374 4507 1396 4556 P
1466 4497 1489 4550 10

225 4576 352 4642 perlectus
367 4577 421 4625 eius
442 4576 467 4623 P
535 4577 565 4625 17
585 4589 758 4638 quaecumque
781 4576 864 4643 ligure
885 4577 928 4626 P:
945 4587 1044 4627 ceterae
1064 4576 1250 4642 appellationes
1270 4593 1336 4641 qnae
1358 4591 1411 4626 cum
1427 4574 1489 4639 igme

224 4648 341 4697 dicuntur
360 4644 489 4696 Diomedes
505 4645 565 4708 312,
584 4648 600 4692 2
618 4652 643 4694 et
658 4645 787 4695 odoratos
804 4645 864 4708 293,
884 4648 901 4696 2
971 4648 1005 4699 20
1023 4645 1070 4696 hac
1089 4662 1116 4696 re
1135 4655 1159 4696 et
1177 4647 1254 4699 huius
1272 4650 1308 4698 vei
1325 4648 1392 4698 uenit
1407 4642 1458 4694 mibi
1472 4641 1490 4688 it

225 4730 331 4767 mentem
347 4716 424 4766 buius
442 4715 479 4764 rei
498 4725 521 4764 et
535 4714 598 4764 boec
614 4730 655 4763 res
672 4723 696 4763 et
708 4716 785 4764 uerbo
797 4717 961 4767 antecedente
973 4717 1053 4766 dativi
1070 4730 1143 4766 cesus
1153 4718 1186 4770 P.
1200 4720 1302 4778 tamna,
1314 4733 1386 4784 quam
1397 4712 1491 4766 udam·

224 4790 359 4851 exemplum
378 4787 564 4849 appellationis,
580 4800 646 4850 quae
663 4800 715 4833 ewa
733 4793 838 4850 utroque
852 4802 914 4836 casu
931 4788 1032 4850 dicitnr,
1052 4787 1164 4839 cecidit:
1183 4789 1257 4838 dives
1274 4803 1331 4839 eum
1346 4787 1419 4838 buius
1434 4782 1492 4834 relat

224 4856 272 4908 bac
291 4874 318 4908 re
336 4857 465 4908 Charisius
482 4855 543 4919 293,
558 4858 575 4909 6
592 4863 617 4905 et
634 4855 764 4906 Diomedes
777 4856 836 4920 312,
859 4857 890 4907 ltl
