3314 5506
232 122 295 185 tao
812 115 934 178 sunvu

1264 235 1287 277 ρ.
1301 224 1426 267 rrae-noo
1438 223 1461 266 r.

232 323 298 366 cum
331 305 500 385 permansio
528 312 586 375 est,
623 305 670 363 ‘in
703 303 769 364 loro
802 323 866 364 sum
877 308 896 374 ²,
925 301 998 364 ‘sub
1032 301 1152 364 basilica
1183 309 1280 365 sum'.
1322 303 1396 367 haec
1416 300 1533 382 fauent

231 408 354 469 mutatio
376 405 422 467 rel
443 408 612 487 permansio
632 403 806 476 uerborum,
835 423 911 485 quae
932 405 970 466 ad
992 402 1189 466 elocutionem
1211 406 1422 486 praeponenda
1443 414 1544 482 sung

231 510 345 570 ratione
368 507 526 587 colligitur.
570 525 638 567 narn
660 524 753 586 pergo
775 507 947 587 proficiscor
968 507 1043 568 rado
1065 514 1095 568 et
1116 506 1203 567 huius
1225 507 1306 568 modi
1327 509 1550 582 mutatioueru

229 612 410 688 significant,
439 618 484 670 sto
512 610 601 671 sedeo
631 609 745 669 dormio
774 617 802 669 et
830 608 916 669 huius
944 608 1025 669 modi
1051 611 1299 688 permansionem.
1345 609 1551 691 loquellareg

204 715 462 793 apraepositiones
484 712 551 773 ideo
580 711 731 781 dicuntur,
755 712 822 790 quia
844 728 961 789 semper
984 709 1158 783 cohaerent,
1186 721 1220 774 ut
1241 711 1377 773 conduco
1399 714 1542 792 recipio·

230 815 391 876 cohaerere
419 823 516 874 autern
546 832 595 874 eas
622 832 671 873 res
698 810 747 872 illa
777 812 935 890 significat,
963 812 1042 893 quod
1065 831 1125 876 non
1147 816 1299 891 patiuntur
1321 814 1353 874 in
1374 814 1538 893 significa.

229 919 309 978 tione
331 918 602 995 interpositionem:
647 933 735 975 nemo
765 916 843 975 enim
872 914 944 975 dicit
971 921 1044 975 ‘eon
1074 914 1128 976 tibi
1154 915 1249 978 duco'
1278 923 1330 978 ant
1357 921 1410 976 ‘re
1437 915 1526 987 illum

231 1019 308 1097 cipio
318 1024 337 1078 ’.
382 1021 615 1098 praepositiones
638 1036 704 1077 cum
733 1017 911 1096 postpositae
933 1016 1056 1089 luerint,
1079 1019 1104 1077 si
1126 1036 1226 1080 casum
1249 1035 1336 1079 suum
1358 1034 1514 1094 reservent,

228 1118 324 1181 adlrnc
346 1105 579 1200 praepositiones
601 1127 683 1188 sunt,
710 1116 719 1198 li
742 1127 774 1179 ut
804 1123 986 1179 ‘transtra
1015 1137 1082 1198 per
1109 1128 1147 1180 et
1167 1124 1321 1180 remos’.
1364 1121 1391 1181 si
1421 1126 1510 1183 auum

190 1240 215 1281 ro
229 1239 328 1282 casum
353 1229 480 1292 mutent,
503 1223 577 1281 fiunt
599 1219 750 1289 adverbia,
773 1228 806 1280 ut
828 1227 980 1300 ‘tempore
999 1228 1093 1303 post’.
1137 1218 1189 1281 sed
1211 1219 1388 1302 plerumque
1408 1230 1509 1282 metro·

226 1341 292 1384 rum
315 1324 429 1384 ratione
457 1325 543 1384 etiam
566 1325 751 1403 praepositae
773 1323 850 1383 idem
874 1323 998 1394 iaciunt,
1027 1330 1061 1384 ut
1082 1320 1213 1401 ‘longo
1241 1331 1329 1402 post
1350 1331 1509 1402 ternpore

226 1427 356 1486 renit'.
400 1425 553 1487 sciendum
576 1434 621 1486 est
643 1426 746 1495 etiarn,
770 1426 1002 1505 praepositiones
1022 1426 1174 1504 utriusque
1196 1441 1282 1485 casus
1304 1425 1437 1505 quotieas
1453 1441 1516 1503 pro

226 1526 289 1588 alin
318 1527 585 1607 praepositionibus
612 1536 776 1607 ponuntur,
804 1527 861 1587 illis
888 1546 938 1589 eas
966 1526 1083 1588 casibus
1104 1527 1201 1605 iungi,
1225 1525 1334 1606 quihus
1354 1529 1525 1606 iunguntur·

224 1627 292 1690 illae
315 1648 369 1709 pro
392 1629 498 1709 quibus
520 1640 684 1708 ponuntur,
708 1638 741 1689 nt
763 1631 810 1689 ‘in
833 1628 985 1689 alterum’.
1030 1648 1096 1689 nam
1120 1629 1258 1708 quoniam
1280 1630 1313 1688 in
1335 1629 1419 1690 modo
1436 1645 1540 1688 con-

188 1739 270 1791 rutra
304 1732 463 1808 significat,
487 1735 650 1792 accusativo
673 1731 819 1810 iungenda
849 1739 906 1800 est,
936 1733 1004 1810 quia
1032 1738 1134 1791 contra
1162 1732 1319 1791 accusativi
1349 1749 1428 1792 casus
1450 1737 1548 1790 ot·

223 1833 293 1892 itern
317 1838 445 1913 ‘super
468 1835 616 1896 Priamo
638 1836 843 1912 rogitans':
874 1837 1012 1914 quoniam
1035 1852 1124 1914 super
1148 1831 1184 1893 de
1206 1834 1368 1912 significat,
1388 1832 1551 1893 abladro

223 1935 370 2012 iungenda
393 1945 447 1996 est.

686 2140 733 2201 DE
756 2141 1057 2203 INTERlECTIONE.

308 2292 530 2353 Interiectiones
557 2295 677 2373 proprie
705 2304 774 2355 sunt
801 2295 921 2356 allectus
950 2314 1020 2355 voce
1044 2293 1194 2354 incondita
1224 2295 1366 2374 expressi.
1407 2290 1451 2353 sed
1474 2298 1551 2351 et

186 2392 329 2472 aoplenns
351 2395 522 2475 frequenter
551 2415 649 2456 sermo
677 2415 732 2476 pro
760 2399 963 2459 interiectione
986 2396 1127 2466 hahetur,
1150 2398 1176 2458 si
1198 2397 1334 2458 allectum
1357 2396 1541 2475 significet,

222 2503 255 2557 nt
277 2502 349 2577 ‘pro
372 2496 484 2558 dolor'.

308 2597 399 2680 [Sunt
421 2601 538 2660 nomina
555 2599 658 2660 similia
675 2602 838 2679 participiis
858 2603 1022 2678 praesentis
1036 2603 1193 2679 temporis,
1215 2609 1250 2662 ut
1264 2600 1384 2662 demens
1397 2598 1526 2678 legens,

224 2698 236 2783 ll
261 2700 470 2763 discernuntur
493 2713 589 2763 autem
615 2704 666 2763 sic.
697 2705 721 2762 si
744 2721 851 2763 nomen
875 2703 977 2774 luerit,
1001 2705 1242 2783 conparationem
1265 2705 1382 2784 recipit,
1403 2710 1432 2762 ut
1449 2698 1518 2758 de-

220 2804 358 2872 mentior;
375 2805 399 2864 si
414 2805 600 2884 participium
616 2805 712 2876 luerit,
727 2824 785 2865 non
803 2807 907 2885 recipit
919 2807 1167 2883 conparationem.
1191 2806 1379 2866 inveniuntur
1390 2803 1507 2864 nomina

181 2905 326 2966 assimilia
346 2908 508 2986 participiis
530 2909 683 2986 praeteriti
704 2911 843 2984 temporis
865 2907 907 2968 vel
924 2910 1021 2988 potins
1036 2909 1137 2969 eadem
1154 2918 1185 2969 et
1193 2909 1368 2988 participia;
1382 2904 1427 2966 sed
1440 2902 1502 2962 dis·

220 3018 383 3068 cernuntur
399 3007 604 3069 declinatione.
628 3028 694 3069 narn
710 3011 862 3090 participia
879 3012 1035 3082 siluerint,
1052 3009 1197 3071 secundae
1213 3019 1283 3071 snut
1298 3004 1491 3070 declinationis,

220 3119 252 3171 ut
273 3109 321 3169 lric
343 3113 421 3171 visus
444 3112 529 3172 lulius
553 3114 619 3182 visi,
642 3112 691 3171 hic
714 3111 829 3172 auditus
852 3113 938 3172 huius
953 3112 1058 3183 auditi;
1082 3115 1107 3172 si
1129 3122 1227 3173 autern
1249 3113 1367 3172 nomina
1388 3107 1488 3169 luant.

220 3221 307 3272 erunt
334 3223 455 3294 quartae
487 3213 704 3284 declinationis,
735 3224 766 3273 ut
793 3213 840 3274 hic
869 3217 946 3276 visus
974 3215 1060 3276 lrtrius
1089 3216 1180 3285 visus,
1214 3215 1261 3275 hic
1284 3208 1488 3275 enuticusunus

219 3315 344 3375 auditus.
389 3334 565 3395 quamquam
600 3315 673 3376 haec
706 3335 779 3395 quae
814 3317 939 3377 diximus
972 3319 1057 3378 etiam
1090 3316 1139 3378 illa
1167 3319 1282 3377 ratione
1305 3311 1484 3377 decerninus.

182 3417 297 3497 acquod
322 3420 507 3497 participium
531 3428 601 3478 tunc
624 3411 681 3489 es't,
706 3437 771 3478 cunr
796 3426 911 3497 tempus
933 3419 1035 3490 habet,
1059 3428 1182 3499 utputa
1206 3419 1276 3479 ‘ille
1299 3418 1404 3479 auditus
1420 3409 1487 3470 nl'2

219 3537 285 3578 cunr
309 3530 404 3579 autern
429 3539 488 3579 non
511 3519 601 3580 habet
623 3528 747 3600 ternpus,
771 3540 878 3581 nomen
898 3531 950 3592 est,
974 3531 1006 3582 ut
1028 3520 1162 3583 ‘auditus
1184 3540 1269 3582 meus
1291 3520 1403 3581 obtusus
1419 3509 1488 3572 tsi'»

219 3621 313 3680 ‘visus
336 3640 419 3681 meus
441 3621 562 3682 obtusus
585 3621 675 3703 est’.]

759 3812 960 3820 ⁸——

302 3991 453 4059 aaronem]
474 3997 552 4061 Very.
572 3998 637 4050 Aen.
656 3997 746 4048 Vddd
830 3997 1181 4054 10murenremutuent1>
1225 4003 1227 4007 '
1264 4000 1294 4052 ll
1313 3991 1490 4065 longowff·

217 4062 296 4115 bucol.
320 4063 397 4123 t‚30
467 4067 498 4115 12
515 4067 747 4123 uenitgueniel’
819 4067 1344 4135 ltisnperPriarno]Verp.11en.1750
1403 4054 1487 4112 22⁰⁰

217 4133 359 4198 participiis
377 4138 563 4185 transeuntibus
578 4139 602 4186 in
623 4138 733 4190 nomina.
772 4135 836 4187 Sunt
854 4138 1110 4191 nomiuaPntaclrino.
1138 4148 1276 4190 tractatum
1294 4138 1362 4189 etob
1379 4128 1485 4184 tocie&

216 4211 241 4251 et
253 4205 285 4253 ab
298 4206 353 4266 ipso
369 4205 458 4254 Seruio
475 4209 580 4255 alienum
598 4209 622 4255 in
632 4209 682 4268 fine
696 4223 779 4256 eorum
797 4224 862 4272 quoe
881 4212 905 4259 in
920 4211 1036 4258 minorem
1047 4217 1127 4258 artem
1145 4209 1240 4261 Donati
1250 4212 1409 4277 praenuntient
1419 4205 1483 4250 ti*

215 4282 338 4323 meatotns
356 4282 413 4323 erat
431 4275 553 4326 adiecisse
571 4279 671 4327 uidetur
685 4277 813 4327 librarius.
884 4280 918 4329 ’24
933 4293 982 4327 non
998 4280 1087 4344 recipit
1099 4282 1322 4344 comparationem.
1342 4269 1478 4328 tremiti!¹1¹¹

216 4343 276 4392 dicit
301 4345 423 4409 legentior
441 4343 640 4411 legentissimus.
670 4348 730 4410 quid
749 4349 770 4397 si
788 4349 820 4398 sit
845 4361 935 4397 nomen
959 4363 1010 4399 non
1029 4347 1112 4398 simile
1128 4352 1264 4416 participio
1280 4352 1325 4400 sed
1341 4343 1431 4413 quidsit
1454 4331 1476 4376 θ’

216 4416 379 4480 participium
397 4414 471 4463 aliurn
488 4417 576 4482 recipit
591 4419 777 4480 discretionem,
796 4427 823 4467 ut
838 4427 876 4466 eet
888 4433 986 4479 amans,
1000 4419 1066 4483 quod
1081 4428 1104 4467 et
1124 4435 1215 4470 nomen
1236 4430 1312 4471 estet
1328 4412 1471 4486 participluffl'

216 4497 273 4532 nnnr
294 4487 314 4534 ei
334 4487 366 4534 sit
384 4500 490 4548 nomen,
507 4489 619 4550 gentitiuo
638 4489 766 4553 iungitur,
783 4498 810 4537 nt
829 4503 916 4538 amans
940 4491 994 4540 tui:
1019 4491 1041 4538 si
1058 4498 1141 4540 antem
1158 4493 1318 4556 participium
1332 4492 1374 4550 sit,
1389 4482 1468 4533 ΜΨ
1541 4525 1551 4556 ⁴.

216 4553 268 4601 tino
281 4556 403 4621 iungitur,
423 4564 449 4604 ut
467 4571 555 4605 amans
570 4567 594 4607 te
609 4559 821 4621 quemadmodum
838 4559 924 4608 colens
942 4568 975 4608 te.
995 4560 1018 4610 si
1031 4569 1115 4610 antem
1134 4563 1296 4611 inueniantur
1313 4574 1331 4617 ς
1390 4553 1416 4603 ²¹¹)
1533 4558 1548 4626 j

214 4637 295 4680 onas
366 4626 399 4677 26
416 4636 474 4675 sunt
486 4627 661 4677 declinationis
682 4637 776 4684 §snut
791 4630 1014 4681 declinationeaP
1080 4631 1114 4682 32
1129 4639 1154 4681 et
1171 4635 1245 4683 nisus
1259 4646 1328 4682 mens
1343 4624 1438 4679 innui
1529 4679 1551 4712 ,ψ
