3314 5506
614 391 791 452 cortilio
815 391 991 454 uoutrvu
1385 400 1445 461 411

1226 513 1248 554 p.
1264 501 1319 542 uso.
1333 500 1358 542 ov
1372 500 1396 543 r.

161 575 232 638 laris
259 575 415 655 aliquando
442 578 522 636 varie
549 577 738 648 terminatur,
767 586 799 638 ut
827 598 843 638 a
871 599 929 659 quo
957 580 1001 640 vel
1029 600 1044 640 a
1073 584 1131 659 qui.
1177 601 1243 641 nam
1268 581 1391 640 dicimus
1414 583 1448 641 ‘a

161 698 220 758 quo
249 679 369 739 venisti'
399 688 428 738 et
455 684 489 740 ‘a
517 681 566 759 qui
595 681 732 748 venisti’;
761 680 811 740 scd
842 701 857 740 a
885 684 935 761 qni
962 684 992 742 in
1022 702 1076 743 usu
1105 702 1168 742 csso
1197 682 1291 743 desiit.
1336 682 1449 742 dativus

161 782 249 841 etiam
278 788 308 841 et
329 779 471 841 ablativus
494 780 615 861 pluralis
643 781 816 862 plerumque
841 786 911 843 varii
933 793 1014 844 sunt:
1044 785 1170 845 dicimus
1192 786 1270 844 enim
1294 793 1323 843 ct
1345 805 1360 844 a
1384 786 1448 863 quis

161 890 189 943 et
211 901 228 942 a
251 881 366 961 quibus.
413 884 462 962 qui
485 883 603 963 quidem
628 885 760 945 videntur
783 885 838 945 bac
861 888 973 946 ratione
997 888 1116 956 variari,
1147 889 1285 966 quoniam
1308 885 1449 947 ablativus

161 983 319 1063 singularis
341 986 477 1045 inventus
499 997 544 1046 est
565 988 670 1046 varius
708 989 816 1049 scimus
839 989 918 1048 enim
941 990 1008 1068 quia
1031 990 1128 1048 omnia
1151 1007 1225 1067 quae
1248 1007 1265 1046 o
1289 989 1474 1048 terminari-5

161 1094 207 1147 lor
234 1088 267 1146 iu
295 1087 320 1145 is
347 1089 481 1158 mittunt,
510 1104 584 1164 quae
608 1090 632 1158 i,
661 1091 690 1148 in
713 1088 777 1150 bus.
822 1106 893 1167 ergo
922 1092 997 1151 sicut
1018 1091 1143 1150 dicimus
1165 1091 1201 1151 ab
1224 1090 1281 1150 boc
1303 1091 1389 1151 docto
1412 1088 1449 1150 ab

161 1188 204 1248 bis
227 1187 338 1257 doctis,
361 1190 401 1248 ita
425 1188 549 1249 dicimus
571 1210 587 1251 a
610 1209 667 1269 quo
690 1210 706 1251 a
729 1193 803 1270 quis.
848 1194 920 1253 item
942 1194 1017 1252 sicut
1040 1193 1163 1253 dicimus
1186 1213 1201 1253 a
1223 1194 1314 1272 puppi
1336 1211 1351 1252 a
1375 1210 1449 1271 pup-

161 1289 261 1370 pibus,
292 1291 330 1350 ita
359 1290 484 1350 dicimus
515 1309 531 1350 a
558 1293 609 1370 qui
637 1292 790 1372 aquibus.
835 1294 886 1354 sed
909 1296 1085 1372 pronomina
1107 1312 1195 1374 quern
1218 1294 1253 1354 ad
1277 1293 1395 1353 modum
1419 1295 1449 1353 in

161 1391 357 1453 declinatione
385 1391 536 1469 duplicant
565 1412 664 1463 casus,
693 1395 731 1454 ita
760 1395 935 1475 plerumque
964 1399 1108 1457 minuunt.
1154 1415 1221 1457 narn
1250 1402 1319 1455 sunt
1340 1414 1450 1474 prono·

161 1496 239 1555 mina
262 1493 312 1555 ubi
336 1502 447 1555 tautum
476 1494 565 1555 modo
588 1498 714 1574 genetivi
736 1507 803 1557 snut
823 1519 842 1554 v
864 1506 896 1556 nt
924 1517 1025 1559 eccum
1049 1517 1147 1559 eccam
1176 1497 1280 1566 ellunr;
1309 1505 1376 1559 sunt
1399 1496 1449 1556 ubi
1463 1515 1487 1555 ιο

161 1597 355 1657 nominativus
383 1606 413 1657 et
440 1599 586 1658 vocativus
615 1598 710 1669 deest,
740 1607 771 1659 ut
799 1601 844 1659 sui
871 1600 927 1660 sibi
955 1620 987 1660 sc
1015 1621 1030 1660 a
1060 1619 1106 1666 sc;
1135 1608 1203 1661 sunt
1231 1599 1280 1659 ubi
1303 1601 1449 1659 vocativus

161 1705 275 1761 tantum
298 1698 395 1768 deest,
419 1706 452 1759 ut
472 1700 503 1759 in
525 1702 701 1778 pronomine
723 1701 801 1781 qnod
824 1710 869 1763 est
890 1721 954 1780 ego.

683 1885 697 1971 ῃ
733 1889 780 1951 un
803 1888 935 1950 vanno.

245 2005 392 2067 ‘Verbum
408 2017 536 2088 estpars
559 2009 701 2069 orationis
723 2027 788 2069 com
811 2018 945 2088 ternpore
968 2017 996 2069 et
1017 2027 1143 2089 persona
1159 2009 1223 2068 sine
1246 2011 1342 2069 casu’.
1370 1992 1448 2087 q'uod

161 2108 231 2169 dixit
262 2108 346 2169 ‘cum
378 2119 509 2188 tempore
538 2119 567 2170 et
594 2117 747 2190 persona’‚
776 2131 920 2173 conexum
947 2110 1179 2190 intellegendum
1208 2118 1260 2171 est.
1311 2118 1488 2170 neutrnmro

161 2213 239 2271 enim
270 2219 367 2290 potest
393 2213 424 2271 in
451 2211 541 2274 verbo
569 2211 605 2272 ab
634 2212 727 2275 altero
749 2217 889 2293 separari.
935 2232 1002 2274 nam
1031 2215 1055 2275 si
1084 2213 1175 2273 solam
1199 2231 1355 2292 personam
1380 2211 1450 2272 vebs

161 2311 351 2391 intellegere,
373 2331 539 2393 pronomen
562 2323 621 2383 est;
645 2315 778 2376 sisoium
801 2323 930 2395 tempus,
954 2317 1140 2395 participium
1164 2323 1222 2383 est;
1245 2317 1270 2375 si
1293 2323 1450 2394 utrumque

161 2414 263 2484 dmul,
287 2424 349 2476 tum
372 2414 493 2475 verbum
517 2423 571 2476 est
602 2416 683 2497 quod
698 2426 794 2479 autem
811 2418 917 2479 adiecit
939 2437 1008 2479 casu
1031 2436 1149 2486 carere,
1173 2437 1233 2477 uon
1254 2416 1333 2477 velut
1347 2434 1450 2496 super·

163 2517 220 2577 llue
245 2525 290 2577 est
311 2517 449 2595 positum.
495 2520 560 2596 quis
582 2521 660 2581 enim
683 2521 777 2581 nescit
798 2519 920 2580 verbnm
944 2539 1012 2580 casu
1035 2521 1155 2579 carere?
1188 2517 1240 2578 sed
1263 2520 1450 2597 timuitpro·

161 2627 226 2698 pter
254 2617 319 2679 illas
347 2619 544 2690 elocutiones,
573 2639 648 2699 quae
674 2624 717 2682 sic
739 2622 919 2692 formantur,
943 2623 1027 2702 quasi
1048 2639 1148 2681 casum
1176 2619 1318 2691 habeant,
1341 2628 1373 2680 ut
1394 2620 1488 2681 ‘dam

162 2721 235 2781 mibi
261 2720 393 2782 bibere'.
437 2723 480 2782 sio
510 2732 554 2783 est
582 2725 660 2785 enim
691 2723 745 2785 ‘da
771 2725 844 2785 milri
872 2723 1001 2792 bibere’,
1030 2731 1063 2785 ut
1084 2725 1110 2784 si
1132 2722 1212 2783 dicas
1233 2722 1290 2782 ‘da
1313 2723 1386 2782 mibi
1409 2723 1449 2781 vi-

161 2825 260 2894 oum',
285 2823 363 2903 quod
386 2825 486 2903 ntique
508 2842 609 2885 casum
632 2825 729 2887 babet.
773 2845 810 2894 ne
837 2828 886 2907 qni
915 2844 986 2905 ergo
1013 2833 1152 2906 putarent
1172 2832 1295 2903 propter
1316 2823 1450 2884 similitu·

162 2923 261 2986 dinem
284 2923 483 2986 elocutionum
506 2945 605 2988 casnm
628 2929 715 2988 modo
738 2929 851 2989 infinito
874 2927 1015 2997 adtribui,
1039 2928 1105 2989 ideo
1121 2927 1194 2987 dixit
1208 2928 1327 3005 penitus
1350 2943 1448 2985 casum

164 3047 179 3088 a
200 3026 294 3089 verbo
315 3027 429 3107 repelli.
460 3048 527 3089 nam
551 3028 617 3089 illae
641 3028 820 3091 elocutiones
842 3049 901 3091 non
925 3050 1024 3091 casum
1047 3032 1208 3107 recipiunt,
1232 3028 1284 3089 sed
1307 3029 1450 3088 Graecam

162 3128 358 3190 elocutionem
381 3139 553 3209 sequuntur.
1464 3151 1488 3191 ιι

246 3230 378 3302 Qualitas
405 3230 563 3293 verborum
591 3232 728 3293 dividitur
755 3235 786 3294 in
818 3235 922 3294 modos
955 3241 984 3294 et
1013 3236 1043 3294 in
1072 3234 1190 3293 iormas.
1236 3232 1316 3292 modi
1349 3250 1451 3291 omues

161 3342 229 3395 sunt
252 3341 336 3402 octo,
365 3333 538 3394 indicativus
566 3336 754 3413 imperativus
781 3338 972 3414 promissIvus
994 3336 1138 3415 optativus
1161 3335 1364 3395 coniunctivos
1385 3334 1450 3393 inii-

161 3437 240 3496 nitus
262 3435 458 3513 inpersonalis
483 3437 618 3515 gerundi.
664 3436 714 3496 sed
738 3455 774 3496 ex
795 3437 841 3497 his
869 3439 997 3516 quinque
1019 3435 1121 3498 volunt
1143 3456 1206 3496 esse
1229 3435 1391 3515 legitimos;
1414 3436 1451 3496 de

161 3538 258 3599 tribus
273 3555 343 3597 vero
359 3536 523 3608 dubitatur,
547 3540 637 3599 idest
659 3539 695 3599 de
717 3540 890 3617 promissivo
912 3537 1093 3618 inpersonali
1115 3538 1247 3617 gerundi.
1279 3538 1451 3599 indicativus

162 3640 270 3700 dicitur
292 3639 412 3711 modus,
437 3643 573 3718 quoniam
597 3659 651 3721 per
673 3643 769 3720 ipsum
793 3640 871 3720 quod
894 3643 1024 3718 gerimus
1045 3640 1224 3710 indicamus,
1247 3648 1280 3700 ut
1302 3637 1347 3700 'est
1367 3638 1448 3719 lego;
1463 3659 1488 3700 ao

161 3743 367 3822 imperativus,
397 3745 534 3821 quoniam
558 3761 611 3822 per
634 3745 728 3822 ipsum
751 3744 945 3822 imperamus,
975 3751 1007 3803 ut
1028 3749 1073 3803 est
1094 3741 1172 3820 lege:
1196 3743 1354 3821 optativus
1378 3760 1451 3821 quo-

161 3845 241 3904 niam
276 3840 366 3904 habet
397 3843 566 3905 adverbium
596 3847 738 3924 optantis,
772 3852 804 3905 ut
835 3846 945 3906 utinam
979 3844 1084 3923 legam.
1130 3845 1346 3904 coniunctivum
1381 3862 1451 3903 vero

161 3944 283 4007 modum
313 3963 371 4004 non
400 3945 467 4006 ideo
496 3948 712 4006 coniunctivum
741 3945 877 4016 dicimus,
906 3948 973 4025 quia
1002 3945 1091 4007 habet
1121 3944 1227 4025 aliquid
1252 3947 1450 4017 coniunctum,

161 4047 190 4108 id
215 4056 261 4107 est
288 4064 354 4106 cunr
384 4048 461 4127 (nam
485 4056 514 4109 et
536 4050 681 4127 optativus
704 4049 850 4127 inciperet
873 4067 937 4109 esse
960 4050 1176 4119 coniunctivus,
1200 4049 1267 4128 quia
1290 4046 1379 4108 babet
1401 4050 1451 4110 ad-

161 4148 296 4209 verbium
325 4149 514 4211 coniunctum
544 4150 682 4231 utinam];
711 4149 762 4210 sed
790 4150 857 4210 ideo
886 4150 981 4211 dictus
1009 4159 1053 4211 est
1080 4152 1296 4220 coniunctims,
1325 4150 1393 4230 quia
1419 4151 1489 4212 inas

160 4249 325 4330 loquendo.
354 4269 420 4310 cum
444 4250 523 4312 solus
545 4252 723 4313 locutionem
749 4251 861 4330 inplere
890 4272 950 4313 non
977 4254 1100 4330 poterit,
1124 4253 1275 4329 coniungit
1296 4251 1352 4311 sibi
1374 4251 1450 4310 indi-

161 4354 303 4421 cativum,
328 4361 360 4412 ut
382 4353 465 4413 ‘curn
489 4356 636 4434 scripsero
660 4354 781 4415 iaciam’
806 4363 834 4414 et
857 4357 941 4416 ‘cum
966 4353 1067 4414 dixero
1090 4352 1185 4431 legam
1195 4358 1215 4412 ’.
1253 4353 1384 4414 indnitus
1407 4352 1450 4412 di·

161 4456 241 4515 citur
268 4453 388 4524 modus,
416 4457 483 4536 quia
512 4475 572 4517 non
599 4457 701 4518 definit
727 4474 883 4537 personas,
906 4456 957 4518 sed
982 4474 1084 4516 omnes
1107 4464 1167 4515 tres
1190 4472 1247 4515 uno
1271 4454 1359 4514 modo
1381 4472 1450 4533 pro-

233 4627 249 4674 2
269 4623 344 4673 desiit
362 4639 379 4681 ς
398 4626 463 4676 desit
476 4628 501 4676 P
582 4630 679 4690 bquoe
694 4644 709 4677 o
726 4629 876 4677 terminatur
892 4641 909 4683 ς
928 4641 993 4689 quae
1012 4642 1043 4677 ou
1061 4626 1227 4675 terminantur
1245 4625 1269 4673 P
1344 4623 1448 4678 biom,

161 4695 192 4760 P,
216 4690 315 4749 addis
397 4698 540 4759 iaquoa
559 4699 749 4762 quiscaqno
770 4699 827 4760 quis
846 4696 871 4745 P
955 4696 986 4746 10
1004 4693 1128 4763 genetivi]
1149 4696 1286 4744 accusativi
1303 4695 1451 4745 I'utccdiuc:

161 4769 277 4816 lacunam
289 4765 405 4824 indicam,
422 4783 471 4831 quo
487 4771 602 4831 ememplo
618 4769 786 4831 pronominum
802 4782 877 4817 casua
894 4775 985 4816 tautum
999 4769 1107 4831 penetiot'
1124 4767 1291 4816 cccrum-unt.-
1310 4765 1345 4826 cf.
1362 4766 1448 4828 Pomp.

161 4851 183 4899 p.
203 4836 290 4955 25738
313 4835 340 4884 ll
369 4846 393 4885 et
411 4839 541 4886 vocativus
558 4854 602 4888 om
620 4838 652 4902 P,
672 4838 771 4895 adds
824 4836 856 4888 18
875 4851 924 4888 non
942 4851 1024 4894 ovo-5
1077 4837 1111 4888 20
1130 4837 1269 4885 formantur
1287 4848 1304 4891 ς
1321 4834 1451 4886 firmamur

161 4907 186 4956 P
309 4918 358 4953 nno
375 4907 487 4962 uerbos
