3314 5506
560 110 755 174 lNSTlTl'Td
779 110 918 172 dll'llVll
941 111 1107 173 367-378
1416 110 1471 169 tut

248 230 393 273 ,marm
1271 223 1422 268 ,ιιι-ιιι.
1465 261 1468 266 .

185 245 295 364 Ιιιιέιιι
328 301 511 377 deliniuntur
542 307 572 360 et
599 306 697 378 aptota
719 316 784 360 esse
813 317 872 359 non
899 299 1104 376 reperiuntur,
1140 298 1213 359 lraec
1240 239 1277 360 all
1305 295 1472 375 exemplum

183 408 298 466 formae
321 422 394 464 suae
411 420 468 482 per
489 420 592 463 onmes
613 419 699 464 casus
723 401 916 462 declinantur.

266 505 355 567 Nunc
388 506 419 565 i'n
447 503 502 565 hac
530 502 624 564 torma
647 505 766 582 generis
795 501 964 571 masculini,
997 521 1055 582 qua
1083 502 1210 563 diximus
1242 501 1366 563 ablativo
1401 519 1471 562 casu

181 609 301 671 numeri
329 605 487 684 singularis
515 607 632 666 numina
660 624 677 664 e
699 604 795 666 littera
817 606 971 666 terminari
1000 612 1030 666 et
1053 590 1235 665 nominatim
1259 622 1328 664 casu
1356 605 1472 664 numeri

180 708 350 792 sinkularis
371 726 427 769 uus
445 708 550 769 litteris
572 704 785 777 deliniri,‘hnc
806 725 975 776 menemus,
1006 706 1085 787 quod
1106 726 1142 768 ex
1162 726 1196 768 ea
1217 723 1275 766 unu
1298 725 1333 766 eo
1355 704 1471 783 plurimi
1496 733 1524 771 s·

180 815 256 881 soni,
280 812 340 872 troc
362 820 408 872 est
428 829 488 871 non
508 830 543 870 eo
562 809 687 889 plurima
709 810 838 879 nomina,
860 810 976 903 possint
996 808 1137 895 exhiberi.
1181 809 1217 869 de
1240 808 1334 868 lemma
1356 809 1473 886 generis

178 912 348 982 masculini,
371 931 430 993 qua
452 911 577 974 ablativo
600 930 670 974 casn
692 913 807 973 numeri
828 909 986 990 singularis
1008 913 1127 972 nemina
1149 931 1166 969 ιι
1189 908 1286 971 littera
1311 911 1471 972 terminan-

179 1026 230 1078 tur
251 1024 283 1078 et
304 1016 486 1077 nominativo
508 1032 578 1074 casu
598 1015 714 1075 numeri
735 1011 894 1091 singularis
914 1030 968 1073 ons
990 1012 1097 1073 litteris
1116 1013 1310 1080 deliniuntur,
1330 1019 1471 1093 quantum

180 1120 257 1179 ratio
280 1115 433 1196 poscebat,
457 1117 653 1178 tractavimus.

267 1220 310 1281 lle
329 1238 392 1281 vus.
437 1237 640 1299 quaecumque
662 1220 780 1279 uomina
801 1221 917 1296 generis
939 1217 1092 1279 masculini
1115 1216 1240 1279 ablativo
1262 1235 1333 1277 casu
1354 1218 1472 1278 numeri
1487 1243 1510 1281 ιιι

178 1320 341 1399 singularis
364 1341 382 1381 0
404 1320 502 1382 littera
525 1322 720 1381 terminantur
749 1328 778 1381 et
803 1321 983 1380 nominativo
1006 1338 1074 1381 casu
1101 1321 1218 1395 numeri
1242 1317 1399 1395 singularis
1420 1337 1472 1378 rus

179 1423 292 1504 syllaba
315 1423 510 1492 deliniuntur,
541 1430 662 1503 utputa
682 1423 719 1482 ab
739 1421 795 1482 lruc
815 1441 900 1484 servo
929 1422 978 1482 hic
999 1440 1116 1490 servus,
1143 1421 1217 1482 haec
1238 1421 1274 1482 ad
1297 1420 1354 1480 lroc
1372 1438 1471 1480 exem·

180 1526 262 1606 plurn
280 1523 484 1587 declinantur:
508 1526 622 1586 numeri
638 1522 796 1601 singularis
813 1524 861 1585 hic
875 1542 977 1585 servus
998 1523 1085 1584 huius
1103 1523 1178 1585 servi
1202 1524 1271 1583 huic
1285 1541 1371 1584 servo
1394 1521 1472 1583 huuc

180 1647 299 1690 servum
323 1647 342 1687 o
362 1645 446 1689 serre
474 1625 511 1687 ab
534 1626 590 1687 hoc
611 1645 712 1695 servu,
742 1627 857 1687 numeri
885 1624 1007 1704 pluralis
1033 1626 1064 1686 hi
1085 1627 1161 1686 servi
1188 1625 1295 1685 lmrum
1319 1642 1471 1685 serrorum

181 1730 344 1791 dissertis
374 1728 429 1790 hos
449 1746 551 1789 servus
573 1748 590 1788 e
609 1730 686 1790 serui
710 1728 747 1789 ab
771 1728 817 1790 lris
836 1710 939 1788 seinis.
984 1729 1026 1788 sic
1048 1735 1079 1788 et
1099 1727 1154 1789 alia
1178 1728 1297 1804 generis
1317 1725 1471 1787 masculini
1487 1751 1510 1790 u

181 1834 318 1901 nemina,
345 1849 422 1912 quae
455 1829 580 1891 ablativo
609 1849 678 1891 casu
712 1832 828 1892 numeri
854 1829 1010 1909 singularis
1037 1849 1055 1889 ο
1085 1829 1181 1890 littera
1215 1830 1409 1890 terminantur
1443 1836 1473 1890 et

181 1933 364 1995 nominative
389 1951 460 1994 casu
486 1934 603 1993 numeri
630 1931 785 2017 singularis
813 1951 864 1994 vus
887 1931 996 2012 syllaba
1023 1932 1217 2000 deliniuntur,
1246 1932 1283 1992 ad
1305 1929 1471 2008 exemplum

180 2038 260 2097 serri
277 2053 333 2114 per
349 2051 454 2095 omnes
472 2051 558 2095 casus
579 2034 770 2096 declinantur.
800 2035 927 2096 nuncin
947 2021 1003 2095 lrac'
1024 2052 1113 2112 snpra
1133 2036 1242 2112 scripta
1267 2033 1361 2093 torma
1383 2050 1473 2113 quae·

181 2140 273 2207 ritur,
297 2155 358 2217 qua
387 2136 425 2197 de
452 2154 541 2198 causa
576 2135 625 2198 hic
646 2155 715 2197 arus
743 2145 773 2198 et
804 2154 864 2196 uon
897 2136 946 2196 lric
968 2154 1021 2196 arrs
1049 2137 1172 2198 dicatur.
1217 2136 1273 2197 hac
1304 2134 1341 2198 de
1373 2154 1472 2202 causa,

180 2240 324 2321 quoniam
347 2256 550 2320 quaecumque
573 2239 690 2298 nomina
712 2241 830 2316 generis
851 2236 1004 2299 masculini
1026 2239 1160 2315 genetivo
1184 2256 1253 2300 casu
1276 2238 1391 2298 numeri
1412 2238 1471 2298 sin·
1485 2259 1511 2300 ιι

179 2341 296 2419 gadaris
316 2342 344 2400 ri
360 2338 470 2419 syllaba
494 2341 696 2408 terminantur,
721 2340 793 2401 lraec
811 2341 990 2401 nominativo
1014 2359 1082 2401 casu
1105 2343 1220 2402 numeri
1243 2339 1399 2419 singularis
1421 2359 1473 2401 rus

178 2441 292 2524 syllaba
314 2442 511 2511 deliniuntur;
539 2449 569 2503 et
589 2442 655 2503 ideo
677 2442 726 2502 tric
747 2461 819 2504 avus
844 2450 873 2503 et
895 2457 954 2503 nnn
977 2443 1025 2504 hic
1047 2459 1100 2503 aus
1126 2442 1224 2504 lacere
1252 2444 1471 2522 pronuntiatur.

179 2546 311 2607 nuncin
332 2543 388 2605 hac
413 2543 507 2605 torma
538 2546 655 2623 generis
679 2544 846 2613 masculini,
876 2563 931 2624 qua
958 2545 1084 2606 diximus
1110 2543 1236 2606 ablativo
1261 2563 1331 2606 casu
1357 2547 1473 2606 numeri

179 2646 341 2726 singularis
360 2647 480 2706 nomina
501 2665 519 2706 o
538 2645 635 2707 littera
658 2648 810 2707 terminari
833 2654 863 2707 et
884 2649 1061 2708 nominativo
1085 2666 1155 2708 casu
1176 2649 1292 2708 numeri
1315 2646 1473 2726 singularis

180 2768 235 2811 rus
256 2747 369 2828 syllaba
388 2747 512 2818 deliniri,
535 2749 593 2809 lmc
613 2766 776 2817 monemus,
801 2748 880 2828 qued
903 2768 937 2809 er
953 2769 987 2810 ea
1009 2767 1068 2810 non
1087 2768 1175 2830 quam
1197 2749 1298 2829 plures
1319 2751 1393 2818 soni,
1415 2749 1510 2815 hocas

180 2861 227 2912 est
244 2868 305 2911 nun
327 2868 417 2930 quam
437 2849 567 2935 plurima
583 2852 711 2938 numina,
735 2852 849 2929 possint
867 2848 1018 2931 exhibeffri.
1050 2852 1088 2912 de
1103 2852 1196 2912 torma
1220 2853 1338 2929 generis
1357 2870 1472 2912 mascu-

180 2953 248 3022 linl,
270 2970 330 3032 qua
354 2950 480 3013 ablativo
504 2970 574 3014 casu
602 2954 718 3014 numeri
740 2951 897 3031 singularis
927 2955 1044 3014 nemina
1065 2973 1083 3013 ο
1106 2952 1202 3013 littera
1225 2955 1422 3014 terminantur
1443 2963 1473 3016 et
1556 3019 1562 3031 ,

180 3056 364 3115 nominativo
386 3072 457 3116 casu
483 3058 598 3116 numeri
619 3053 774 3134 siugrdaris
796 3073 849 3115 vus
871 3054 981 3134 syllaba
1009 3055 1203 3124 definiuntur,
1233 3062 1376 3137 quantum
1396 3057 1471 3117 ratio

181 3154 552 3243 pmeebet‘traetavimns.

267 3257 311 3319 lle
333 3277 398 3320 uus.
443 3277 645 3340 quaecumque
663 3260 782 3320 nomina
804 3261 920 3336 generis
939 3257 1093 3319 masculini
1117 3257 1243 3319 ablativo
1264 3276 1332 3319 casu
1356 3261 1472 3321 numeri
1485 3278 1510 3320 ιι

181 3359 343 3440 singularis
369 3380 387 3420 ο
410 3359 506 3423 littera
534 3363 730 3422 terminantur
759 3369 788 3421 et
809 3362 986 3421 nominativo
1011 3380 1081 3422 casu
1109 3362 1224 3422 numeri
1251 3357 1417 3444 sirllgularis
1437 3380 1473 3422 us

181 3462 294 3543 syllaba
313 3471 381 3541 post
402 3482 422 3523 u
444 3463 569 3525 litteram
592 3463 780 3533 deliniuntur,
798 3472 830 3524 ut
850 3468 920 3542 puta
941 3462 978 3524 ah
994 3463 1051 3524 lrec
1065 3472 1212 3543 perpetue
1234 3462 1282 3524 hic
1298 3472 1471 3543 perpetuus,

181 3566 257 3627 haec
279 3565 315 3626 ad
336 3564 393 3626 bec
414 3565 580 3645 exemplum
604 3562 802 3627 declinantur:
828 3567 945 3627 numeri
965 3565 1122 3643 singularis
1143 3565 1191 3626 lric
1206 3573 1367 3644 perpetuus
1385 3565 1473 3628 huius

182 3669 320 3747 perpetui
340 3667 408 3727 huic
430 3676 573 3748 perpetuo
595 3667 675 3729 hunc
697 3675 874 3747 perpetuum
896 3686 914 3726 n
936 3674 1078 3747 perpetue
1100 3667 1137 3729 ab
1156 3667 1213 3728 hoc
1234 3676 1394 3748 perpetuo,
1417 3687 1472 3730 nu-

181 3770 257 3831 meri
278 3768 401 3848 pluralis
423 3768 454 3830 hi
475 3771 611 3850 perpetui
631 3770 736 3831 lterum
759 3777 971 3849 perpetuorum
994 3769 1040 3830 lris
1060 3773 1211 3850 perpetuis
1238 3771 1293 3831 hos
1313 3777 1511 3849 perpetuosss

181 3890 201 3931 e
216 3871 356 3951 perpetui
378 3870 416 3932 ab
437 3870 483 3932 his
503 3873 662 3952 perpetuis.
707 3873 749 3933 sic
774 3879 804 3932 et
827 3870 881 3931 alia
909 3873 1025 3949 generis
1053 3870 1204 3935 masculini
1235 3874 1368 3942 nomina,
1397 3891 1472 3953 quae

180 3972 310 4045 ablativo
333 3990 404 4034 casu
432 3975 548 4034 numeri
576 3971 733 4052 singularis
755 3992 773 4032 ο
796 3972 891 4033 littera
919 3975 1115 4035 tenninantnr
1143 3982 1173 4035 et
1199 3976 1376 4035 nominativo
1402 3993 1472 4036 casu

182 4076 300 4137 numeri
321 4074 478 4155 singularis
501 4093 535 4135 us
554 4073 663 4156 syllaba
686 4083 752 4154 pest
774 4073 938 4136 ulitteram
958 4075 1145 4145 deliniuntur,
1165 4076 1201 4136 ad
1217 4075 1383 4156 exemplum
1405 4095 1472 4155 per·

181 4179 264 4257 petui
300 4195 355 4256 per
386 4197 489 4240 omnes
519 4195 604 4239 casus
638 4177 831 4241 declinantur.
877 4195 956 4238 nunc
988 4179 1016 4237 in
1039 4176 1095 4238 hac
1126 4180 1346 4258 suprascripta
1377 4179 1471 4239 torma

180 4281 346 4359 quaeritur,
368 4298 424 4360 qua
447 4280 483 4342 de
505 4298 591 4341 cansa
612 4287 774 4358 perpetuus
796 4287 825 4340 et
839 4280 1016 4341 nominativo
1039 4288 1068 4341 et
1083 4283 1248 4361 accusativo
1265 4299 1335 4344 casu
1357 4281 1511 4344 numeriae

249 4528 269 4578 5
287 4541 338 4575 uon
356 4541 387 4576 eo
406 4527 510 4594 plurimi
526 4530 583 4579 sont
603 4528 627 4580 R
644 4542 695 4579 nen
712 4543 741 4578 eo
758 4527 846 4593 plures
864 4529 921 4578 seni
937 4527 963 4577 B
1049 4528 1082 4581 32
1103 4537 1162 4594 post
1180 4544 1197 4578 u
1213 4528 1321 4580 litteram
1340 4545 1355 4580 ιι
1381 4539 1470 4579 anteu

180 4598 293 4647 litteram
315 4596 414 4648 Rsnte
432 4614 449 4646 u
467 4596 551 4647 littera
568 4599 593 4647 B
662 4597 696 4650 38
714 4606 773 4665 post
790 4614 806 4646 u
824 4598 933 4648 litteram
951 4598 974 4649 R
990 4606 1081 4664 postu
1100 4597 1182 4649 littera
1200 4600 1226 4650 B
