3314 5506
219 387 259 445 76
805 384 913 446 l‘llOlll

270 514 290 553 p.
311 502 396 543 ran-as
411 499 436 540 n.
1115 541 1122 554 ,
1292 511 1315 552 ρ.
1328 498 1409 540 asan
1421 498 1451 540 v.

219 573 335 633 numina
351 567 364 653 ΙΙ
380 573 408 631 in
431 571 524 631 dativo
548 569 590 632 vel
612 570 736 631 ablativo
759 589 828 632 casu
856 573 971 631 numeri
995 570 1116 649 pluralis
1142 580 1210 630 ante
1237 569 1369 631 nltimam
1397 586 1498 632 conau-

219 680 410 752 nantemper
426 674 497 733 duas
515 673 523 732 i
545 671 851 734 litteras-scribantur.
884 674 940 733 hac
960 673 997 733 de
1019 689 1115 743 cansa,
1139 671 1276 750 qnoniam
1298 688 1499 752 qnaoenmque

219 775 335 835 immina
354 773 478 835 ablativo
498 790 567 834 casn
578 775 702 849 ‚numeri
725 773 880 852 singularis
895 793 910 835 a
926 773 1020 835 littera
1044 775 1248 844 terminantur,
1271 772 1345 835 haec
1357 774 1391 834 iu
1406 771 1500 835 datirn

219 883 248 938 et
267 875 393 936 ablativo
415 895 484 938 casu
512 877 628 937 numeri
650 875 771 955 pluralis
799 895 866 937 cum
885 876 989 938 andem
1011 874 1134 936 ablativo
1158 891 1226 935 casu
1256 876 1373 937 numeri
1393 872 1500 958 sinlgu·

192 969 374 1057 alaris'pari
396 995 521 1039 numero
543 976 719 1057 syllabarum
742 985 859 1056 oportet
886 978 1079 1057 pronuntiari.
1124 978 1192 1038 item
1213 977 1301 1037 etiam
1322 976 1381 1038 boc
1402 992 1501 1039 mnne·

218 1098 284 1141 mus
310 1083 340 1140 in
369 1079 424 1140 bac
452 1080 546 1139 torma
571 1080 688 1157 generis
712 1079 879 1148 masculini,
908 1097 966 1159 qna
990 1078 1116 1139 diximus
1140 1076 1264 1138 ablativo
1290 1096 1361 1139 casu
1388 1077 1501 1140 numeri

218 1181 377 1260 singularis
396 1182 513 1241 nomina
537 1179 669 1261 alittera
690 1183 841 1242 terminari
867 1188 896 1241 et
916 1182 1091 1241 nominativo
1114 1198 1183 1241 casu
1209 1179 1325 1240 numeri
1346 1177 1502 1258 singularis

219 1283 368 1345 ialitteris
389 1282 518 1351 deliniri,
546 1282 624 1361 qnod
648 1301 685 1343 ex
706 1301 738 1343 ea
757 1282 928 1362 plusquam
950 1281 1055 1343 XXXII
1077 1282 1156 1350 sani,
1180 1280 1237 1341 hcc
1259 1287 1304 1341 est
1322 1278 1432 1342 XXXll
1449 1299 1503 1363 <uc-

218 1386 307 1454 mina,
328 1401 388 1444 non
410 1374 523 1464 possint
544 1382 685 1445 exhiberi.
718 1383 869 1450 deforma
888 1386 1004 1462 generis
1025 1382 1185 1452 masculini,
1209 1398 1265 1463 qua
1286 1382 1413 1444 ablatirc
1435 1400 1502 1444 casu

182 1487 335 1550 innumeri
355 1484 512 1564 singularis
534 1486 651 1546 nomina
674 1504 689 1545 a
712 1483 805 1546 littera
828 1486 1028 1547 terminantur*
1050 1493 1079 1545 et
1101 1484 1277 1546 nominativo
1298 1502 1370 1546 casu
1389 1485 1503 1546 numeri

219 1586 374 1666 singularis
395 1589 421 1648 ia
442 1585 560 1656 litteris,
590 1604 649 1648 nnn
669 1588 694 1647 ia
716 1585 843 1666 syllaba,
867 1587 1059 1656 deliniuntur,
1088 1593 1230 1667 quantum
1252 1587 1337 1657 ratic
1353 1585 1501 1664 pascebat,

218 1691 413 1751 tractavimus.
797 1720 802 1729 ·
1365 1698 1371 1708 ’
1478 1721 1482 1729 ·

304 1791 346 1852 lle
363 1808 407 1851 as·
445 1780 651 1871 'quaecumque
677 1791 793 1850 nemina
821 1791 939 1870 generis
965 1789 1117 1851 masculini
1143 1789 1267 1851 ablativo
1290 1807 1361 1850 casu
1390 1789 1503 1851 numeri

219 1892 416 1971 singularias
446 1891 540 1953 littera
566 1893 819 1953 terminanturct
845 1892 1023 1952 nominativo
1053 1911 1122 1953 casu
1149 1893 1263 1953 numeri
1288 1890 1447 1970 singularis
1474 1907 1504 1950 as

183 2017 207 2058 rs
220 1994 323 2056 litteris
344 1994 531 2062 definiuntur,
556 2001 588 2053 ut
609 2001 679 2073 puta
701 1993 738 2053 ab
760 1993 817 2053 boc
835 1994 931 2055 Aenea
956 1979 1004 2054 hic
1025 1994 1153 2061 Aeneas,
1179 1993 1253 2054 hacc
1271 1994 1308 2055 ad
1328 1993 1387 2054 boc
1408 2010 1504 2055 exem·

219 2097 300 2177 plum
323 2095 520 2158 declinantur:
544 2097 659 2155 numeri
680 2093 835 2172 singularis
857 2094 905 2155 bic
926 2096 1039 2156 Aeneas
1062 2096 1149 2157 huius
1167 2097 1283 2156 Aeneae
1303 2094 1372 2156 huic
1390 2095 1505 2158 Aenean

220 2200 299 2260 bunc
320 2201 437 2259 Aenean
465 2199 601 2257 nAenea
630 2195 667 2256 ab
688 2196 744 2255 boc
768 2197 874 2257 Aenea.
919 2197 991 2258 baec
1021 2216 1174 2258 numerum
1200 2195 1345 2276 pluralem
1371 2214 1432 2258 nnn
1455 2196 1504 2257 ad·

219 2286 352 2368 mittunt,
384 2297 496 2358 seilicet
528 2299 667 2378 quoniam
692 2315 904 2378 ·qnaecnmque
937 2302 1053 2360 nomina
1079 2300 1179 2360 Latina
1211 2299 1362 2359 dumtaxat
1390 2298 1504 2377 mireris

221 2399 375 2461 masculini
404 2401 568 2465 accusativo
598 2417 668 2460 casu
697 2401 813 2460 numeri
840 2400 994 2479 singularis
1020 2420 1056 2461 an
1081 2400 1185 2462 litteris
1211 2400 1407 2468 deliniuntur,
1433 2398 1505 2461 haec

182 2523 208 2565 aa
221 2501 363 2582 pluralem
385 2493 491 2562 sonum
514 2501 611 2561 iacere
632 2499 834 2578 prohibentur.
869 2503 921 2564 sed
944 2521 1001 2583 qua
1025 2502 1061 2564 de
1085 2521 1171 2564 cansa
1193 2503 1267 2563 haec
1285 2518 1375 2580 supra
1395 2518 1505 2563 memn-

222 2609 302 2664 ratae
321 2600 433 2663 lormae
454 2603 571 2662 nnmina
594 2599 737 2681 pluralem
759 2620 864 2664 sonum
888 2605 985 2665 lacere
1009 2604 1236 2684 prohibeantur,
1261 2605 1291 2664 in
1313 2604 1418 2665 metria
1437 2620 1505 2664 rnn-

220 2712 355 2786 patenter
376 2703 575 2765 tractabimus.
611 2721 691 2764 nunc
711 2702 768 2765 boc
789 2723 943 2766 monemus
965 2708 993 2767 in
1015 2707 1070 2767 bac
1091 2707 1184 2766 torma
1205 2706 1322 2782 generis
1343 2703 1503 2772 masculini,

140 2872 147 2884 ,
220 2800 288 2887 qua·
302 2806 429 2866 diximus
450 2805 577 2866 ablativo
600 2824 669 2867 casu
692 2809 808 2867 numeri
827 2806 986 2884 singularis
1008 2809 1126 2868 nomina
1149 2826 1165 2868 a
1189 2805 1283 2867 littera
1306 2807 1460 2868 terminari
1478 2813 1507 2866 et

145 2957 147 2960 Α
220 2909 399 2969 nominativo
419 2925 489 2968 casu
519 2909 636 2969 numeri
656 2908 812 2985 singularis
830 2927 862 2969 as
883 2907 986 2969 litteris
1014 2909 1143 2978 deliniri,
1177 2908 1255 2988 qnod
1282 2927 1317 2970 ea
1341 2917 1382 2970 ea·
1405 2906 1471 2988 plus
1491 2902 1505 2991 ll

181 3031 208 3072 aa
221 3026 308 3089 quiam
330 3007 460 3070 LXXXll
483 3011 562 3077 soni,
586 3009 642 3070 boc
667 3017 711 3070 est
733 3028 820 3088 quarn
843 3010 972 3071 LXXXll
996 3012 1128 3080 nomina,
1152 3029 1210 3071 nnn
1232 3010 1345 3090 possint
1365 3009 1505 3072 exbiberi.

221 3112 267 3172 de'
279 3112 372 3172 torma
392 3114 509 3188 generis
529 3110 697 3180 masculini,
716 3131 773 3191 qua
793 3111 919 3172 ablativo
937 3132 1007 3173 casu
1034 3113 1150 3173 numeri
1173 3111 1329 3190 singularis
1352 3113 1471 3174 nomina
1490 3130 1506 3172 a

219 3213 316 3274 littera
337 3214 532 3273 terminantur
554 3220 581 3273 el
602 3215 779 3273 nominative
796 3231 865 3274 casu
885 3217 1000 3275 numeri
1022 3214 1178 3291 singularis
1193 3231 1226 3274 as
1241 3212 1346 3276 litteris
1364 3213 1507 3276 deliniun-

220 3324 277 3386 tur,
299 3323 441 3395 quantum
458 3317 532 3375 ratic
555 3314 704 3393 poscebat,
728 3318 924 3377 tractavimus.

306 3418 409 3479 bees.
455 3435 660 3498 quaecumque
682 3419 798 3478 nomina
829 3403 945 3498 generis
967 3417 1119 3480 masculini
1147 3416 1271 3478 ablativa
1296 3436 1367 3479 casu
1395 3417 1508 3480 numeri

182 3519 377 3599 aaslngularis
398 3539 415 3580 a
434 3518 528 3580 bttera
558 3521 754 3583 terminantur
785 3530 813 3582 et
840 3522 1017 3582 nominativo
1050 3538 1120 3581 casu
1153 3521 1269 3580 numeri
1297 3518 1455 3597 singularis
1478 3536 1508 3581 ca

220 3623 326 3683 litteris
354 3621 546 3689 deliniuntur,
577 3628 609 3681 ut
636 3630 705 3701 puta
731 3620 768 3682 ab
798 3623 855 3684 boc
877 3622 1002 3684 Anchisa
1030 3623 1079 3682 hic
1103 3615 1258 3692 Anchises,
1287 3622 1362 3683 haec
1389 3623 1426 3684 ad
1453 3621 1508 3683 bac

222 3722 388 3800 exemplum
411 3721 609 3782 declinantur:
634 3725 749 3784 numeri
770 3725 927 3802 singularis
949 3723 997 3784 hic
1011 3724 1153 3784 Anchises
1174 3723 1261 3785 buius
1275 3723 1420 3785 Anchisae
1442 3723 1508 3786 buia

221 3824 367 3886 Anchisae
389 3822 468 3884 hunc
489 3823 636 3884 Anchisen
657 3842 675 3883 n
695 3824 821 3886 Anchise
848 3825 884 3885 ab
910 3824 967 3885 boc
988 3826 1122 3886 Anchisa.
1168 3827 1241 3887 baec
1260 3810 1507 3908 uumerumsplu·

124 3970 126 3974 ι
221 3926 313 3987 ralern
336 3940 394 3984 nnn
410 3924 581 3992 admittunt;
600 3923 712 3987 scilicet
727 3927 865 4006 quoniam
880 3945 1084 4008 quaecumque
1107 3930 1225 3989 nomina
1242 3927 1344 3989 Latina
1360 3928 1506 3991 dumtaxat

183 4041 209 4081 ³⁵
222 4029 339 4106 generis
359 4025 512 4087 masculini
539 4028 703 4088 accusativo
724 4045 794 4087 casu
816 4029 932 4088 numeri
959 4028 1116 4106 singularis
1139 4047 1176 4090 en
1203 4029 1309 4091 litteris
1330 4029 1506 4093 deliniuntur

222 4138 252 4193 et
277 4128 402 4191 ablativa
430 4146 499 4189 casu
533 4132 649 4190 numeri
674 4127 831 4208 singularis
857 4148 874 4190 a
903 4130 997 4191 littera
1025 4133 1236 4200 terminantur,
1264 4131 1338 4193 baec
1365 4130 1505 4212 pluralem

222 4250 328 4293 soniam
361 4231 460 4293 iacere
494 4229 697 4308 prohibentur.
742 4223 793 4293 sed
823 4250 879 4309 qua
911 4233 948 4294 de
977 4251 1065 4294 causa
1095 4234 1168 4295 haec
1197 4251 1286 4313 supra
1304 4229 1310 4318 l
1330 4241 1505 4296 memoratae

223 4335 335 4396 termae
360 4334 478 4394 nomina
500 4333 643 4412 pluralem
670 4351 774 4394 sonum
801 4335 898 4396 lacere
922 4334 1149 4414 prohibeantur,
1180 4337 1236 4397 hoc
1264 4337 1292 4396 in
1316 4339 1427 4421 metris
1441 4354 1504 4399 cen·

291 4504 439 4558 delinere
456 4506 480 4555 B
499 4506 669 4557 ialittcriall
755 4505 971 4557 deblatha—8
990 4506 1089 4557 deliniri
1108 4523 1155 4559 om.
1173 4507 1199 4557 B
1285 4506 1438 4557 ialittara
1455 4511 1504 4559 aia

223 4574 343 4625 litterali
361 4575 386 4625 ia
400 4575 492 4625 litteris
510 4593 525 4624 r
611 4575 628 4626 il
653 4577 685 4626 de
701 4575 782 4627 torma
801 4575 849 4626 hac
867 4586 986 4641 quantum
1006 4579 1069 4626 ratio
1092 4577 1214 4643 poscebat
1236 4577 1400 4627 tractanlmua
1418 4577 1445 4628 B

224 4644 257 4696 10
273 4659 287 4694 a
306 4646 387 4695 littera
402 4661 416 4694 n
438 4646 461 4693 ia
477 4645 565 4696 litteris
582 4645 603 4695 ll
692 4647 720 4696 17
741 4662 873 4697 numerum
891 4647 1013 4712 pluralem
1034 4662 1083 4696 non
1101 4648 1237 4697 admittunt
1255 4648 1281 4698 B
1301 4662 1406 4698 numero
1420 4646 1503 4714 plural

223 4730 273 4766 nora
292 4715 485 4766 declinanturlt
554 4716 586 4766 'li
607 4716 773 4781 prohibentur
790 4719 812 4768 li
831 4718 1011 4781 prohibeantur
1025 4717 1052 4768 hi
1070 4732 1164 4767 aeneae
1181 4717 1207 4767 B
1264 4719 1297 4767 22
1314 4719 1503 4768 tractabimus:

222 4786 387 4836 tractauimua
405 4784 454 4835 llB
537 4784 570 4837 33
589 4786 722 4836 oanchisa
742 4789 764 4839 li
782 4804 797 4839 c
815 4787 976 4837 anchiseaB
1061 4786 1398 4850 achartumnam.
1419 4786 1445 4838 B

223 4853 257 4907 38
277 4853 457 4921 prohibeantur
472 4855 497 4904 B
514 4854 680 4921 prohibentur
695 4856 716 4905 11
912 4877 915 4881 ⁷
