3314 5506
728 391 938 454 PRAEFATIO
1372 406 1457 453 xnrx

180 579 224 642 dit
244 578 292 642 sic
314 577 514 663 inscriptam,
543 577 668 642 ‘Servii
697 577 855 640 Honorati
889 576 928 641 de
956 576 1093 662 pedibus
1126 597 1278 641 versuum
1299 575 1456 641 libellus’.

177 689 288 766 postea
308 677 485 743 Putschius
508 678 664 743 rationem
686 699 706 740 a
720 678 891 742 Parrhasio
912 678 1092 742 institutam
1114 688 1242 743 secutus
1264 701 1338 744 curn
1353 679 1459 744 Servii

178 783 404 845 commentario
431 782 466 845 in
493 779 669 844 secundam
696 778 871 843 editionem
897 780 1019 845 Donati
1047 780 1088 844 de
1117 788 1189 844 octo
1216 781 1363 866 partibus
1391 803 1461 845 ora·

177 883 285 961 tionis,
315 883 372 968 qui
399 882 648 947 commentarius
676 882 745 966 ipse
772 903 900 968 quoque
923 891 991 946 tum
1013 879 1112 966 vulgo
1135 881 1241 967 Sergii
1263 883 1391 947 nomine
1412 883 1461 944 in-

177 986 316 1069 scriptus
337 983 518 1064 ferebatur,
541 983 589 1047 ita
609 983 694 1048 hunc
717 982 836 1047 librum
858 984 1039 1064 coniunxit,
1062 992 1099 1047 ut
1116 982 1202 1048 hunc
1218 984 1341 1069 ‘Sergii
1356 1006 1460 1069 gram-

177 1087 282 1151 matici
311 1086 347 1148 in
374 1085 511 1170 primam
537 1085 661 1150 Donati
690 1085 863 1149 editionem
895 1085 1185 1165 commentarium’,
1218 1084 1308 1150 illum
1337 1085 1460 1170 ‘Sergii

177 1187 381 1271 grammatici
403 1189 436 1250 in
458 1187 632 1252 secundam
653 1187 777 1250 Donati
798 1187 972 1252 editionem
993 1188 1238 1253 commentaria'
1262 1188 1460 1252 inscriberet.

177 1290 314 1375 denique
336 1289 450 1353 eodem
472 1289 566 1354 titulo
588 1298 718 1374 recepto
741 1288 1008 1354 vindobonenses
1037 1287 1254 1353 analectorum
1280 1290 1462 1374 grammati-

177 1413 284 1456 corum
307 1391 449 1455 editores
472 1389 591 1455 librum
614 1389 721 1474 Sergii
742 1388 785 1453 ad
807 1389 904 1454 fidem
925 1391 1046 1456 codicis
1065 1390 1236 1455 Bobiensis
1259 1391 1463 1456 emendatum
1491 1393 1498 1403 “

179 1492 323 1557 adhibito
346 1493 445 1556 etiam
465 1493 577 1557 codice
598 1491 845 1556 Vindobonensi
862 1500 953 1573 7520,
977 1494 1032 1579 qui
1054 1492 1166 1579 quinto
1189 1492 1312 1556 decimo
1334 1494 1463 1557 saeculo

178 1595 316 1682 scriptus
339 1603 406 1675 est,
429 1594 612 1660 ediderunt.
645 1615 705 1678 ego
719 1593 752 1656 in
767 1593 828 1658 hoc
843 1593 953 1658 libello
968 1595 1164 1658 recensendo
1180 1594 1309 1659 easdem
1323 1595 1465 1660 rationes

179 1708 307 1762 secutus
329 1719 417 1778 sum,
439 1697 558 1783 quibus
578 1698 611 1759 in
633 1695 716 1760 libro
732 1695 838 1759 Servii
861 1695 901 1759 de
921 1694 1074 1760 finalibus
1096 1718 1146 1759 me
1168 1718 1263 1760 usum
1285 1718 1355 1760 esse
1370 1706 1466 1761 antea

179 1798 253 1863 dixi.
288 1821 366 1863 nam
387 1820 546 1863 summam
568 1798 793 1862 auctoritatem
814 1799 848 1861 in
869 1796 930 1861 hoc
951 1818 1079 1882 quoque
1101 1797 1185 1862 libro
1207 1797 1305 1862 babet
1326 1798 1465 1863 Bobien-

181 1902 220 1964 sis
241 1900 366 1981 codex,
388 1900 480 1964 cuius
503 1900 696 1985 scripturam
712 1921 754 1963 ex
768 1898 1010 1964 vindobonensi
1027 1899 1167 1964 editione
1182 1900 1294 1984 petivi.
1325 1899 1467 1965 adhunc

181 2001 209 2064 in
230 2002 343 2088 aliqua
363 2011 455 2089 parte
477 2003 554 2066 libri
576 2001 680 2066 codex
700 2000 869 2066 Parisinus
893 2007 975 2070 7530
997 2001 1144 2086 proxime
1167 2001 1303 2066 accedit.
1338 2011 1468 2087 praeter

182 2104 234 2167 boa
254 2103 322 2168 fide
344 2104 463 2189 dignus
485 2127 557 2168 esse
578 2107 669 2168 visus
691 2114 741 2168 est
763 2103 995 2187 Frisingensis,
1018 2102 1073 2188 qui
1094 2103 1142 2168 ita
1163 2125 1236 2167 cum
1256 2102 1320 2166 illis
1336 2125 1467 2169 consen·

182 2205 232 2287 tit,
264 2216 303 2269 ut
334 2205 386 2270 his
420 2206 526 2270 tribus
561 2205 728 2270 codicibus
759 2204 986 2291 antiquissima
1016 2202 1092 2268 libri
1125 2205 1230 2269 forma
1263 2205 1466 2270 exhibeatur.

183 2329 289 2372 eorum
311 2308 413 2392 igitur
434 2309 562 2392 integra
583 2313 742 2393 scriptura
764 2307 929 2393 proposita
951 2315 1010 2370 est.
1042 2329 1236 2394 quamquam
1257 2307 1292 2370 in
1312 2308 1468 2373 Bobiensi

183 2410 289 2474 codice
317 2409 468 2474 laceratis
495 2409 691 2473 membranis
714 2409 873 2496 quaedam
900 2408 934 2471 in
962 2408 1054 2472 initio
1085 2409 1160 2473 libri
1187 2411 1233 2474 ita
1254 2409 1362 2474 deleta
1383 2417 1468 2489 sunt,

184 2521 307 2575 utnon
334 2511 414 2576 satis
442 2520 530 2576 certo
561 2521 700 2590 constet,
734 2510 814 2596 quid
847 2510 1002 2597 scriptum
1035 2511 1143 2575 fuerit.
1192 2534 1306 2598 quare,
1340 2512 1397 2576 ubi
1412 2502 1468 2575 'de

184 2612 342 2698 scriptura
373 2612 550 2678 videbatur
579 2613 722 2678 dubitari
755 2635 865 2698 posse,
899 2614 1048 2677 lacunam
1079 2635 1150 2676 csse
1183 2615 1303 2677 monui.
1352 2613 1468 2700 reliqui

184 2724 288 2778 autem
310 2714 453 2795 codices,
476 2738 613 2800 quorum
634 2715 714 2778 mihi
736 2737 814 2778 usus
836 2714 984 2800 patebat,
1008 2724 1041 2778 ct
1061 2714 1211 2801 exempla
1232 2715 1309 2780 olim
1323 2717 1470 2801 inpressa

185 2817 320 2880 inventis
354 2819 570 2881 recentiorum
597 2816 879 2902 grammaticorum
909 2815 1087 2901 depravata
1114 2828 1198 2881 sunt.
1243 2819 1354 2903 itaque
1386 2839 1469 2903 quae

185 2939 222 2980 ex
242 2918 294 2982 his
316 2917 476 3005 adscripsi
497 2940 563 2983 non
584 2929 651 2982 tam
673 2920 714 2983 ad
737 2928 879 2983 veterem
908 2917 1102 3003 scripturam
1124 2919 1352 2983 inveniendam
1373 2941 1469 3005 quam

185 3019 223 3083 ad
242 3020 486 3105 cognoscendas
507 3021 772 3106 interpolationes
795 3028 828 3084 ct
847 3021 1049 3086 coniecturas
1066 3021 1253 3108 posterioris
1269 3023 1383 3086 aetatis
1400 3043 1470 3107 per·

185 3122 282 3187 tinere
304 3121 405 3187 volui.

263 3224 612 3311 Explanationum
645 3227 686 3288 in
718 3234 843 3290 artem
875 3225 1028 3289 Donati
1061 3225 1158 3289 libri
1187 3224 1265 3288 duo
1293 3246 1334 3289 ex
1359 3226 1470 3290 codice

185 3328 416 3412 antiquissimo,
439 3329 496 3413 qui
518 3336 568 3391 est
588 3329 622 3390 in
647 3324 844 3390 bibliotheca
864 3328 1050 3391 monasterii
1073 3327 1106 3390 S.
1130 3326 1224 3391 Pauli
1245 3327 1280 3389 in
1302 3326 1387 3390 valle
1408 3326 1471 3391 La-

184 3431 315 3494 vantina
335 3430 370 3493 in
393 3428 563 3493 carinthia
585 3429 640 3492 siti
661 3449 795 3491 numero
817 3428 990 3512 insignitus
1014 3436 1064 3510 24,
1088 3428 1165 3492 editi
1189 3437 1273 3492 sunt.
1302 3427 1398 3492 huius
1419 3450 1471 3493 co·

185 3529 262 3595 dicis
283 3533 412 3618 copiam
433 3530 513 3595 mibi
534 3529 613 3595 fecit
633 3530 795 3594 Martinus
817 3529 970 3594 Hertzius
992 3539 1071 3610 tum,
1099 3552 1173 3595 cum
1196 3530 1238 3594 ad
1259 3529 1360 3612 illum,
1389 3533 1472 3596 sicut

185 3633 217 3696 in
236 3633 440 3718 praefatione
461 3632 621 3697 Prisciani
643 3655 779 3717 gramm.
803 3632 877 3696 Lat.
909 3633 973 3696 vol.
997 3633 1031 3696 ΙΙ
1053 3655 1085 3716 p.
1109 3632 1160 3697 XI
1182 3633 1343 3714 narravit,
1373 3633 1472 3698 Bero-

186 3733 284 3799 linum
305 3733 486 3799 liberaliter
506 3736 625 3799 missus
648 3743 728 3798 erat.
751 3742 802 3798 est
822 3744 930 3798 autem
952 3737 985 3798 in
999 3734 1195 3799 membranis
1210 3734 1315 3799 forma
1328 3737 1473 3799 maxima

188 3838 311 3922 paginis
334 3836 487 3901 bifariam
509 3836 625 3902 divisis
648 3838 828 3922 scripturae
850 3859 968 3921 genere
990 3858 1038 3917 eo,
1061 3836 1147 3923 quod
1170 3836 1269 3922 vulgo
1284 3837 1472 3922 Langobar-

187 3939 290 4004 dicum
304 3939 429 4020 dicunt,
452 3940 593 4024 scriptus
616 3947 712 4002 etex
734 3938 839 4003 tribus
854 3937 1021 4003 fasciculis
1043 3938 1303 4002 membranarum
1325 3941 1472 4025 conposi-

187 4049 245 4105 tus.
267 4042 453 4127 exquibus
475 4040 640 4105 fasciculis
662 4042 785 4126 primus
808 4039 832 4102 f.
856 4048 974 4120 1-20‚
1004 4042 1060 4126 qui
1087 4039 1166 4104 mihi
1194 4039 1290 4127 paulo
1311 4042 1474 4127 antiquior

189 4165 253 4209 esse
274 4146 367 4210 visus
389 4153 454 4223 est,
482 4165 579 4229 quam
609 4143 673 4207 duo
701 4144 755 4229 qui
784 4153 980 4227 sequuntur,
1007 4141 1055 4205 ita
1075 4153 1112 4206 ut
1133 4142 1218 4207 hunc
1241 4153 1372 4224 octava,
1399 4142 1472 4207 illos

189 4267 266 4310 nono
288 4246 420 4311 saeculo
442 4245 628 4324 tribuerem,
651 4255 806 4330 excerpta
828 4244 974 4329 Pompeii
996 4246 1199 4328 grammatici
1221 4246 1373 4326 continet,
1396 4268 1473 4332 quo-

190 4367 254 4411 rum
275 4349 473 4433 principium
495 4346 617 4411 editum
639 4356 689 4410 est
710 4346 795 4410 anal.
817 4367 953 4431 gramm.
976 4345 1117 4409 Vindob.
1139 4369 1172 4431 p.
1189 4355 1261 4415 510.
1283 4347 1473 4411 insecundo

191 4447 342 4514 fasciculo
362 4448 387 4513 f.
410 4456 536 4517 21-42
558 4450 807 4513 commentarius
830 4448 1018 4512 recentioris
1040 4447 1209 4512 cuiusdam
1223 4449 1425 4533 grammatici
1440 4449 1473 4512 in

192 4548 353 4616 Donatum
375 4551 516 4636 scriptus
539 4561 597 4614 est.
621 4552 736 4615 tertius
758 4550 781 4612 f.
806 4557 930 4619 43-75
951 4549 1038 4613 hunc
1065 4549 1200 4630 librum,
1230 4550 1271 4615 dc
1299 4572 1362 4636 quo
1389 4572 1474 4614 nunc

192 4651 305 4736 agitur,
326 4654 470 4717 continet
490 4652 545 4731 ita,
568 4652 591 4715 f.
616 4656 675 4720 43*
699 4652 787 4736 (nam
809 4653 898 4735 prior
919 4653 1040 4735 pagina
1061 4674 1166 4717 vacua
1179 4651 1293 4716 relicta
1315 4652 1378 4735 est)
1401 4657 1474 4716 inci-

191 4758 232 4829 pa
263 4766 411 4818 tractatas
442 4759 537 4817 seraa
562 4761 592 4818 in
620 4760 728 4817 donati
752 4759 822 4818 libr.
851 4759 990 4832 Plerique
1016 4760 1092 4817 artis
1117 4761 1337 4832 grammaticae
1363 4760 1477 4818 latores

195 4863 279 4934 (486,
303 4856 334 4937 1)
355 4894 396 4903 —
416 4856 441 4918 f.
465 4863 506 4923 54
536 4862 605 4931 linit
632 4861 769 4934 feliciter
800 4850 1015 4920 commentatas
1047 4863 1085 4918 de
1116 4867 1183 4921 ecla
1214 4862 1309 4919 serait
1336 4861 1477 4935 partibas

242 4963 386 5005 onaanar.
402 4964 463 5005 aar.
480 4963 527 5004 ιιιι.
1028 4972 1033 4989 ι
1252 4959 1274 5021 d
