3346 5506
234 388 295 452 aaa
808 388 951 470 [enom]

301 535 306 545 .
374 528 394 534 -
454 532 460 544 .
1347 530 1355 543 .
1450 502 1475 546 a.

234 505 521 653 debleddodulplllildare.
553 572 615 635 sola
638 575 723 636 tertia
746 576 912 652 coniugatio
934 575 1078 654 producta
1099 593 1153 636 seu
1174 502 1523 655 correptapndlrwtamcn

234 678 263 737 iu
284 676 422 737 omnibus
445 676 556 744 verbis,
587 677 738 753 geminare
767 683 879 754 potest,
907 684 941 737 ut
964 676 1125 757 ‘adpetii
1150 684 1186 738 et
1207 675 1366 738 Veneris
1388 694 1415 737 v.
1435 694 1463 737 v.
1483 676 1523 738 d.’

234 785 277 849 et,
306 786 448 856 utsupra
477 779 671 848 dictumest,
701 780 789 857 ‘quo
815 778 936 839 teror?
963 778 1062 839 uude
1088 777 1201 840 abiil'
1243 780 1274 839 iu
1297 779 1387 840 tertia
1406 794 1524 859 quoque

234 898 360 959 persona
383 879 539 958 singularis
566 881 689 941 eandem
712 881 721 940 i
743 879 870 940 litteram
893 879 1036 958 duplicat,
1066 888 1098 941 ut
1120 880 1207 942 ‘adiit
1226 881 1362 957 agnovit'
1394 887 1425 941 et
1443 878 1525 941 ‘ob-

207 983 369 1060 sstipuit
391 982 512 1043 subiit
535 983 642 1043 cari'.
672 982 770 1043 sedin
788 983 875 1043 tertia
896 998 1022 1060 persona
1044 981 1209 1060 singadarls,
1230 983 1261 1042 in
1281 981 1414 1062 quibusi
1431 980 1525 1043 littera

233 1083 415 1163 duplicatur,
443 1083 623 1162 paenultima
651 1102 770 1162 semper
798 1083 967 1161 corripitur.
1010 1083 1041 1142 in
1069 1085 1163 1161 prima
1192 1090 1290 1144 autom
1318 1085 1525 1162 coniugatione

234 1184 421 1264 producitur,
456 1193 489 1245 ut
519 1185 639 1246 clamavi
670 1185 784 1245 donavi.
828 1186 859 1244 in
887 1184 1016 1246 secunda
1046 1186 1252 1262 coniugatione
1283 1186 1463 1264 corripitur,
1495 1193 1526 1245 ut

233 1288 333 1347 monui
355 1285 499 1365 splendui.
515 1281 528 1370 Η
545 1294 574 1346 at
595 1288 620 1346 si
643 1287 755 1364 primae
779 1287 992 1363 coniugationis
1013 1285 1239 1349 declinationem
1265 1286 1343 1348 banc
1363 1286 1524 1357 induxeris,

233 1407 308 1468 equae
333 1389 572 1456 circumornata,
595 1404 654 1447 non
678 1406 714 1449 ex
736 1389 850 1448 ratione
869 1388 1019 1450 descendit
1039 1389 1268 1467 coniugationis,
1291 1388 1410 1458 domui,
1434 1406 1525 1469 paca·

196 1513 219 1553 vo
233 1490 365 1551 ultimam
385 1491 536 1567 corripies.
569 1491 600 1549 in
618 1489 746 1551 secunda
763 1508 889 1568 persona
909 1489 1066 1569 singularis
1088 1508 1207 1569 sempor
1225 1489 1327 1552 ultima
1348 1488 1526 1569 producitur

232 1593 263 1650 in
286 1591 421 1652 omnibus
444 1589 550 1651 verbis.
585 1591 614 1650 in
634 1593 720 1653 tertia
743 1609 868 1669 persona
892 1594 1105 1671 coniugationis
1128 1593 1241 1670 primae
1261 1590 1445 1670 paenultima
1468 1590 1525 1673 apl-

232 1692 296 1754 laba
319 1692 476 1771 aliquando
503 1693 678 1771 corripitur,
705 1701 738 1754 ut
762 1695 951 1754 ‘intonuit
979 1692 1149 1764 laevum',
1178 1711 1425 1773 nonnumquam
1455 1712 1525 1774 pro·

233 1797 365 1864 ducitur,
387 1801 421 1855 ut
443 1796 566 1856 armavit
588 1797 710 1856 ornavit.
755 1797 786 1855 iu
807 1795 945 1856 omnibus
967 1803 1065 1857 autem
1087 1794 1344 1873 coniugationibus
1367 1798 1525 1859 uodasirna

232 1895 329 1960 brevis
356 1898 511 1958 invenitur.
555 1896 662 1975 plurali
690 1914 814 1957 numero
845 1899 942 1976 prima
969 1916 1095 1976 persona
1125 1898 1366 1977 coniugatioaum
1392 1901 1524 1961 ornnium

88 2070 95 2079 ,
194 2020 217 2061 rs
232 1998 439 2078 paenultimam
469 2001 529 2060 sive
556 1997 687 2060 ultimam
715 1997 854 2078 syllabam
888 2018 1005 2078 semper
1037 2000 1176 2079 corripit,
1209 2005 1243 2059 ut
1273 1998 1359 2060 ‘bac
1389 2008 1437 2089 te·
1459 2016 1525 2061 nos

231 2100 361 2178 fragili
395 2101 631 2163 donavimus’
671 2109 701 2162 et
736 2101 944 2162 ‘iunximus
982 2101 1179 2181 hospitio'.
1229 2099 1359 2161 secunda
1396 2117 1523 2179 persona

231 2201 363 2263 ultimam
385 2220 503 2280 semper
525 2205 656 2282 corripit.
689 2204 773 2264 tertia
795 2220 920 2281 persona
945 2202 1154 2281 paenultimam
1178 2220 1298 2282 semper
1320 2199 1432 2282 ubique
1455 2220 1523 2281 pro·

230 2305 325 2375 ducit,
354 2312 387 2366 ut
415 2308 470 2366 ‘ct
492 2305 586 2365 socii
613 2306 743 2366 amissi
770 2305 995 2383 petieruut’.
1040 2307 1124 2366 tertia
1152 2321 1222 2365 rero
1246 2301 1356 2383 duplex
1384 2320 1521 2382 persona,

231 2425 319 2485 quam
343 2405 392 2467 alii
414 2413 548 2486 quartam
567 2406 727 2478 nominant,
746 2405 954 2486 paenultimam
978 2423 1098 2486 semper
1114 2406 1223 2486 ubique
1245 2404 1386 2484 producit
1406 2415 1437 2468 et
1456 2404 1523 2467 ulti·

191 2527 217 2567 ro
230 2526 308 2569 mam
331 2509 461 2587 corripit,
484 2516 517 2570 ut

381 2610 564 2671 Romanos
587 2610 628 2671 ad
650 2609 788 2688 templa
809 2610 915 2672 deum
937 2610 1079 2672 duxere
1102 2609 1326 2688 triumphos.

230 2713 389 2790 praeterito
425 2710 715 2791 plusquamperfecto
751 2720 884 2791 tempore
920 2729 1046 2773 numero
1082 2710 1223 2790 singulari
1261 2711 1358 2790 prima
1395 2727 1521 2788 persona

229 2812 436 2891 paenultimam
459 2813 649 2892 ultimamque
677 2815 705 2873 iu
732 2813 870 2875 omnibus
894 2812 1151 2891 coniugationibus
1173 2812 1312 2891 corriplt,
1341 2817 1376 2871 ut
1398 2810 1521 2874 donave-

228 2933 291 2976 ram
315 2914 525 2995 splcndueram
546 2915 698 2976 audieram
718 2917 882 2977 iunxeram.
926 2914 1054 2976 secunda
1077 2931 1205 2994 persona
1224 2911 1438 2991 paenultimam
1452 2930 1521 2974 cor·

190 3018 307 3096 arripit,
328 3018 513 3078 novissimam
533 3017 680 3097 producit,
704 3024 736 3078 ut
757 3018 952 3080 ‘audieras
973 3023 1007 3077 et
1027 3017 1120 3077 lama
1142 3017 1240 3078 luit’.
1285 3016 1373 3076 tertia
1395 3033 1520 3094 persona

228 3120 341 3198 primae
364 3119 518 3189 consentit,
542 3118 593 3202 utl

379 3228 437 3280 tor
457 3221 598 3281 circum
623 3220 758 3282 iliacos
780 3226 1000 3299 raptaverat
1021 3219 1183 3281 llectora
1204 3234 1337 3278 muros.

228 3318 334 3398 plurali
366 3339 490 3382 numero
520 3324 615 3401 prima
647 3340 774 3401 persona
811 3322 998 3400 secundaque
1031 3323 1061 3382 iu
1091 3319 1229 3381 omnibus
1264 3318 1525 3398 coniugationibus

227 3423 435 3499 paenultimam
459 3424 576 3500 longam
597 3431 626 3484 et
645 3424 777 3485 ultimam
805 3424 923 3485 brevem
951 3423 1071 3502 recipit,
1100 3429 1132 3484 ut
1154 3422 1368 3483 donaveramus
1396 3422 1526 3484 donave-

189 3543 214 3582 ao
228 3526 308 3594 ratis,
333 3524 577 3605 splenducramus
597 3524 825 3604 splendueratis,
849 3526 1036 3586 audieramus
1057 3523 1232 3593 audieratis,
1255 3529 1445 3584 traxeramus
1466 3532 1527 3585 tra·

228 3629 351 3688 aeratis:
380 3627 465 3688 tertia
489 3645 615 3706 persona
638 3626 846 3706 paenultimam
870 3645 988 3706 semper
1010 3627 1147 3707 corripit,
1170 3632 1203 3686 ut
1221 3623 1405 3685 donaverant
1423 3632 1529 3687 traxe·

227 3736 303 3789 rant.
336 3737 470 3807 tempore
490 3731 590 3790 tuturo
612 3731 724 3806 primae
747 3738 776 3790 et
797 3730 944 3791 secundae
966 3727 1179 3806 coniugatioais
1200 3728 1231 3787 iu
1254 3724 1396 3786 omnibus
1416 3744 1530 3806 perso·

227 3832 271 3891 nis
296 3828 473 3908 paenultima
496 3828 606 3910 syllaba
633 3830 802 3908 longeest,
830 3839 862 3892 ut
884 3830 1018 3892 clamabo
1041 3829 1178 3891 monebo.
1223 3835 1374 3908 postrema
1402 3846 1534 3909 quoquc·

226 3930 265 3992 bo
287 3931 396 4012 syllaba
416 3931 502 4010 longa
529 3939 587 4002 est;
624 3933 674 3993 sed
696 3935 721 3993 si
743 3950 865 3995 neeesse
884 3934 973 3994 luerit
999 3938 1032 3992 ut
1060 3950 1115 4011 pro
1141 3929 1223 3991 brevi
1249 3935 1391 4009 ponatur,
1421 3928 1536 3992 licebit

187 4049 211 4087 aa
226 4034 387 4095 secundum
411 4033 490 4114 equod
509 4034 538 4092 in
562 4034 657 4110 prima
678 4034 761 4095 verbi
785 4036 931 4113 positione
952 4034 1187 4112 disceptavimus.
1223 4039 1339 4093 ceterae
1360 4049 1435 4092 sane
1454 4051 1534 4111 pert

225 4152 315 4195 sonae
337 4154 426 4215 supra
449 4136 593 4197 dictarum
615 4137 854 4213 coniugationnm
877 4144 1004 4216 utroque
1023 4152 1147 4195 numero
1170 4134 1356 4195 novissimam
1372 4129 1387 4215 ΙΙ
1401 4148 1533 4212 semper·

226 4237 404 4315 corripiunt,
427 4245 460 4298 ut
480 4236 621 4298 elamabis
643 4237 787 4306 monebis,
811 4237 948 4299 clamabit
969 4236 1110 4298 monebit.
1156 4243 1185 4296 at
1206 4237 1236 4295 in
1259 4251 1384 4295 numero
1411 4233 1532 4315 plurali

225 4339 312 4398 otiam
335 4338 511 4419 paenultima
535 4341 709 4419 corripitur,
735 4347 766 4399 ut
790 4339 982 4401 clamabimus
1001 4337 1203 4407 monebimus,
1228 4335 1393 4397 clamabitis
1416 4354 1526 4397 moue·

294 4508 403 4573 ‘tadpet
420 4516 444 4557 et
462 4509 501 4559 B:
524 4513 602 4575 Verp.
622 4511 688 4559 Aea.
710 4509 747 4558 xt
768 4510 818 4558 277
888 4511 1035 4573 dfertassc
1050 4509 1130 4560 audiit
1149 4507 1268 4572 agnovit:
1291 4506 1327 4570 rs.
1350 4506 1431 4571 Vcrp.
1452 4508 1520 4556 Aen.

226 4576 272 4625 Xll
291 4577 441 4627 atttamlin
460 4582 613 4645 agitavitque
632 4595 722 4629 soutrm
792 4577 924 4644 obstipuit]
949 4580 1107 4646 Verqzlca.
1127 4576 1220 4629 115111)
1299 4572 1467 4641 811]ιοΒ

224 4645 543 4699 tldescenditronuiaoto
563 4652 648 4699 donmi
669 4651 694 4698 B
784 4648 950 4714 tainrouutr]
978 4650 1142 4714 tarmen.
1165 4646 1257 4700 1111113
1344 4644 1380 4697 tt
1396 4644 1518 4697 braum

225 4714 310 4782 fragili
328 4719 368 4770 B:
392 4719 470 4782 Verp.
489 4720 569 4770 bucol.
590 4721 615 4778 5,
632 4720 667 4770 85
772 4718 804 4767 to
823 4717 963 4785 invasimus]
989 4721 1066 4781 l'eqq.
1083 4717 1150 4771 Aca,
1171 4718 1206 4769 lll
1222 4716 1258 4771 83
1347 4714 1382 4767 18
1398 4706 1512 4768 «adil

228 4788 305 4849 Ver-q.
326 4792 392 4840 Aen.
412 4788 447 4838 Xl
466 4789 516 4839 272
610 4790 640 4838 21
662 4783 802 4850 Romanos]
826 4788 903 4853 Verp.
918 4804 1006 4854 peorp.
1027 4790 1048 4839 11
1070 4786 1120 4837 tta
1222 4784 1259 4839 Ἃ
1280 4782 1359 4832 ³¹¹¹·
1439 4782 1443 4792 '

223 4856 303 4907 lurrol.
321 4860 346 4911 ll,
369 4859 397 4909 ll
470 4860 503 4908 27
523 4856 570 4920 trrl
595 4861 674 4922 l'erp.
694 4859 760 4910 [len.
782 4859 789 4905 l
809 4857 861 4908 483
