<?xml version="1.0" encoding="UTF-8"?>
<!DOCTYPE html PUBLIC "-//W3C//DTD XHTML 1.0 Transitional//EN"
    "http://www.w3.org/TR/xhtml1/DTD/xhtml1-transitional.dtd">
<html xmlns="http://www.w3.org/1999/xhtml" xml:lang="en" lang="en">
 <head>
  <title>
</title>
<meta http-equiv="Content-Type" content="text/html;charset=utf-8" />
  <meta name='ocr-system' content='tesseract 3.04.00' />
  <meta name='ocr-capabilities' content='ocr_page ocr_carea ocr_par ocr_line ocrx_word'/>
</head>
<body>
  <div class='ocr_page' id='page_1' title='image "./grammaticilatin05keilgoog/grammaticilatin05keilgoog_0151.png"; bbox 0 0 3314 5506; ppageno 0'>
   <div class='ocr_carea' id='block_1_1' title="bbox 217 353 923 422">
    <p class='ocr_par' dir='ltr' id='par_1_1' title="bbox 217 353 923 422">
     <span class='ocr_line' id='line_1_1' title="bbox 217 353 923 422; baseline -0.004 -2"><span class='ocrx_word' id='word_1_1' title='bbox 217 355 258 422; x_wconf 89' lang='lat'><strong>88</strong></span> <span class='ocrx_word' id='word_1_2' title='bbox 808 353 923 419; x_wconf 79' lang='lat' dir='ltr'><strong>ruunt</strong></span> 
     </span>
    </p>
   </div>
   <div class='ocr_carea' id='block_1_2' title="bbox 219 435 1506 624">
    <p class='ocr_par' dir='ltr' id='par_1_2' title="bbox 219 435 1506 624">
     <span class='ocr_line' id='line_1_2' title="bbox 270 435 1460 529; baseline 0 -13"><span class='ocrx_word' id='word_1_3' title='bbox 270 488 292 529; x_wconf 69' lang='lat' dir='ltr'><strong>p.</strong></span> <span class='ocrx_word' id='word_1_4' title='bbox 306 435 447 516; x_wconf 52' lang='lat' dir='ltr'><strong>nolens</strong></span> <span class='ocrx_word' id='word_1_5' title='bbox 1298 468 1460 526; x_wconf 62' lang='lat' dir='ltr'><strong>casaur.</strong></span> 
     </span>
     <span class='ocr_line' id='line_1_3' title="bbox 219 540 1506 624; baseline 0.002 -19"><span class='ocrx_word' id='word_1_6' title='bbox 219 545 374 623; x_wconf 86' lang='lat' dir='ltr'><strong>especies</strong></span> <span class='ocrx_word' id='word_1_7' title='bbox 405 543 442 605; x_wconf 94' lang='lat' dir='ltr'><strong>ab</strong></span> <span class='ocrx_word' id='word_1_8' title='bbox 466 544 521 604; x_wconf 89' lang='lat' dir='ltr'><strong>bac</strong></span> <span class='ocrx_word' id='word_1_9' title='bbox 544 544 659 622; x_wconf 88' lang='lat' dir='ltr'><strong>specie,</strong></span> <span class='ocrx_word' id='word_1_10' title='bbox 689 544 806 604; x_wconf 91' lang='lat' dir='ltr'><strong>numeri</strong></span> <span class='ocrx_word' id='word_1_11' title='bbox 838 540 961 623; x_wconf 88' lang='lat' dir='ltr'><strong>pluralis</strong></span> <span class='ocrx_word' id='word_1_12' title='bbox 991 542 1049 605; x_wconf 90' lang='lat' dir='ltr'><strong>bae</strong></span> <span class='ocrx_word' id='word_1_13' title='bbox 1072 543 1187 623; x_wconf 86' lang='lat' dir='ltr'><strong>species</strong></span> <span class='ocrx_word' id='word_1_14' title='bbox 1213 542 1322 607; x_wconf 74' lang='lat' dir='ltr'><strong>berum</strong></span> <span class='ocrx_word' id='word_1_15' title='bbox 1342 544 1506 624; x_wconf 80' lang='lat' dir='ltr'><strong>specierum</strong></span> 
     </span>
    </p>
   </div>
   <div class='ocr_carea' id='block_1_3' title="bbox 114 643 1514 3976">
    <p class='ocr_par' dir='ltr' id='par_1_3' title="bbox 114 643 1514 3976">
     <span class='ocr_line' id='line_1_4' title="bbox 219 643 1508 725; baseline 0.002 -19"><span class='ocrx_word' id='word_1_16' title='bbox 219 645 265 706; x_wconf 89' lang='lat' dir='ltr'><strong>his</strong></span> <span class='ocrx_word' id='word_1_17' title='bbox 286 645 441 723; x_wconf 81' lang='lat' dir='ltr'>speciebus</span> <span class='ocrx_word' id='word_1_18' title='bbox 474 645 528 706; x_wconf 85' lang='lat' dir='ltr'><strong>bas</strong></span> <span class='ocrx_word' id='word_1_19' title='bbox 550 645 665 724; x_wconf 86' lang='lat' dir='ltr'><strong>species</strong></span> <span class='ocrx_word' id='word_1_20' title='bbox 696 645 847 722; x_wconf 89' lang='lat' dir='ltr'><strong>ospecies</strong></span> <span class='ocrx_word' id='word_1_21' title='bbox 878 643 914 705; x_wconf 91' lang='lat' dir='ltr'><strong>ab</strong></span> <span class='ocrx_word' id='word_1_22' title='bbox 936 643 983 705; x_wconf 89' lang='lat' dir='ltr'><strong>bis</strong></span> <span class='ocrx_word' id='word_1_23' title='bbox 1004 643 1169 723; x_wconf 82' lang='lat' dir='ltr'><strong>speciebus.</strong></span> <span class='ocrx_word' id='word_1_24' title='bbox 1203 646 1246 706; x_wconf 85' lang='lat' dir='ltr'><strong>sic</strong></span> <span class='ocrx_word' id='word_1_25' title='bbox 1267 651 1297 707; x_wconf 87' lang='lat' dir='ltr'><strong>at</strong></span> <span class='ocrx_word' id='word_1_26' title='bbox 1316 643 1375 708; x_wconf 80' lang='lat' dir='ltr'><strong>ulia</strong></span> <span class='ocrx_word' id='word_1_27' title='bbox 1393 647 1508 725; x_wconf 74' lang='lat' dir='ltr'><strong>generis</strong></span> 
     </span>
     <span class='ocr_line' id='line_1_5' title="bbox 114 743 1507 829; baseline 0.001 -22"><span class='ocrx_word' id='word_1_28' title='bbox 114 757 119 763; x_wconf 80' lang='grc'><strong>’</strong></span> <span class='ocrx_word' id='word_1_29' title='bbox 219 747 352 808; x_wconf 77' lang='lat' dir='ltr'><strong>seminini</strong></span> <span class='ocrx_word' id='word_1_30' title='bbox 374 748 504 816; x_wconf 89' lang='lat' dir='ltr'><strong>nomina,</strong></span> <span class='ocrx_word' id='word_1_31' title='bbox 529 764 605 826; x_wconf 87' lang='lat' dir='ltr'><strong>quae</strong></span> <span class='ocrx_word' id='word_1_32' title='bbox 626 744 754 807; x_wconf 89' lang='lat' dir='ltr'><strong>ablativo</strong></span> <span class='ocrx_word' id='word_1_33' title='bbox 776 763 846 808; x_wconf 93' lang='lat' dir='ltr'><strong>casu</strong></span> <span class='ocrx_word' id='word_1_34' title='bbox 870 746 987 807; x_wconf 87' lang='lat' dir='ltr'><strong>numeri</strong></span> <span class='ocrx_word' id='word_1_35' title='bbox 1006 744 1165 822; x_wconf 74' lang='lat' dir='ltr'><strong>singularis</strong></span> <span class='ocrx_word' id='word_1_36' title='bbox 1186 765 1203 808; x_wconf 88' lang='lat' dir='ltr'><strong>e</strong></span> <span class='ocrx_word' id='word_1_37' title='bbox 1224 745 1323 808; x_wconf 86' lang='lat' dir='ltr'><strong>littera</strong></span> <span class='ocrx_word' id='word_1_38' title='bbox 1340 743 1347 829; x_wconf 92' lang='grc' dir='ltr'>Ι</span> <span class='ocrx_word' id='word_1_39' title='bbox 1366 747 1507 826; x_wconf 82' lang='lat' dir='ltr'><strong>producta</strong></span> 
     </span>
     <span class='ocr_line' id='line_1_6' title="bbox 217 846 1510 928; baseline 0.002 -19"><span class='ocrx_word' id='word_1_40' title='bbox 217 849 426 918; x_wconf 74' lang='lat' dir='ltr'><strong>terminantur,</strong></span> <span class='ocrx_word' id='word_1_41' title='bbox 450 867 484 910; x_wconf 90' lang='lat' dir='ltr'><strong>ea</strong></span> <span class='ocrx_word' id='word_1_42' title='bbox 507 848 543 909; x_wconf 93' lang='lat' dir='ltr'><strong>ad</strong></span> <span class='ocrx_word' id='word_1_43' title='bbox 563 846 732 927; x_wconf 79' lang='lat' dir='ltr'><strong>exemplum</strong></span> <span class='ocrx_word' id='word_1_44' title='bbox 754 848 862 928; x_wconf 86' lang='lat' dir='ltr'><strong>speciei</strong></span> <span class='ocrx_word' id='word_1_45' title='bbox 884 865 938 927; x_wconf 86' lang='lat' dir='ltr'><strong>per</strong></span> <span class='ocrx_word' id='word_1_46' title='bbox 960 865 1064 910; x_wconf 87' lang='lat' dir='ltr'><strong>omnes</strong></span> <span class='ocrx_word' id='word_1_47' title='bbox 1086 865 1172 910; x_wconf 87' lang='lat' dir='ltr'><strong>casus</strong></span> <span class='ocrx_word' id='word_1_48' title='bbox 1193 847 1389 911; x_wconf 73' lang='lat' dir='ltr'><strong>declinantur.</strong></span> <span class='ocrx_word' id='word_1_49' title='bbox 1433 866 1510 911; x_wconf 87' lang='lat' dir='ltr'><strong>nnnc</strong></span> 
     </span>
     <span class='ocr_line' id='line_1_7' title="bbox 193 947 1510 1030; baseline -0.001 -18"><span class='ocrx_word' id='word_1_50' title='bbox 193 951 250 1014; x_wconf 81' lang='lat' dir='ltr'><strong>sin</strong></span> <span class='ocrx_word' id='word_1_51' title='bbox 275 950 330 1010; x_wconf 92' lang='lat' dir='ltr'><strong>bac</strong></span> <span class='ocrx_word' id='word_1_52' title='bbox 357 968 447 1029; x_wconf 91' lang='lat' dir='ltr'><strong>supra</strong></span> <span class='ocrx_word' id='word_1_53' title='bbox 476 950 552 1011; x_wconf 89' lang='lat' dir='ltr'><strong>dicta</strong></span> <span class='ocrx_word' id='word_1_54' title='bbox 581 949 693 1020; x_wconf 81' lang='lat' dir='ltr'><strong>torma,</strong></span> <span class='ocrx_word' id='word_1_55' title='bbox 723 968 779 1029; x_wconf 87' lang='lat' dir='ltr'><strong>qua</strong></span> <span class='ocrx_word' id='word_1_56' title='bbox 807 949 934 1010; x_wconf 80' lang='lat' dir='ltr'>diximus</span> <span class='ocrx_word' id='word_1_57' title='bbox 960 948 1085 1010; x_wconf 88' lang='lat' dir='ltr'><strong>ablativo</strong></span> <span class='ocrx_word' id='word_1_58' title='bbox 1113 968 1184 1011; x_wconf 91' lang='lat' dir='ltr'><strong>casu</strong></span> <span class='ocrx_word' id='word_1_59' title='bbox 1211 951 1330 1012; x_wconf 87' lang='lat' dir='ltr'><strong>numeri</strong></span> <span class='ocrx_word' id='word_1_60' title='bbox 1353 947 1510 1030; x_wconf 72' lang='lat' dir='ltr'><strong>singularia</strong></span> 
     </span>
     <span class='ocr_line' id='line_1_8' title="bbox 218 1049 1510 1129; baseline 0.001 -17"><span class='ocrx_word' id='word_1_61' title='bbox 218 1053 372 1113; x_wconf 84' lang='lat' dir='ltr'><strong>nominee</strong></span> <span class='ocrx_word' id='word_1_62' title='bbox 393 1050 489 1113; x_wconf 90' lang='lat' dir='ltr'><strong>littera</strong></span> <span class='ocrx_word' id='word_1_63' title='bbox 511 1051 656 1129; x_wconf 87' lang='lat' dir='ltr'><strong>producta</strong></span> <span class='ocrx_word' id='word_1_64' title='bbox 678 1051 839 1122; x_wconf 87' lang='lat' dir='ltr'><strong>terminari,</strong></span> <span class='ocrx_word' id='word_1_65' title='bbox 862 1049 920 1111; x_wconf 91' lang='lat' dir='ltr'><strong>boc</strong></span> <span class='ocrx_word' id='word_1_66' title='bbox 938 1068 1102 1120; x_wconf 89' lang='lat' dir='ltr'><strong>monemus,</strong></span> <span class='ocrx_word' id='word_1_67' title='bbox 1125 1050 1206 1129; x_wconf 89' lang='lat' dir='ltr'><strong>quod</strong></span> <span class='ocrx_word' id='word_1_68' title='bbox 1221 1051 1296 1114; x_wconf 92' lang='lat' dir='ltr'><strong>baec</strong></span> <span class='ocrx_word' id='word_1_69' title='bbox 1309 1052 1367 1113; x_wconf 87' lang='lat' dir='ltr'><strong>tria</strong></span> <span class='ocrx_word' id='word_1_70' title='bbox 1382 1052 1510 1121; x_wconf 86' lang='lat' dir='ltr'><strong>nomina,</strong></span> 
     </span>
     <span class='ocr_line' id='line_1_9' title="bbox 218 1150 1512 1232; baseline 0.001 -19"><span class='ocrx_word' id='word_1_71' title='bbox 218 1152 247 1213; x_wconf 93' lang='lat' dir='ltr'><strong>id</strong></span> <span class='ocrx_word' id='word_1_72' title='bbox 270 1160 315 1214; x_wconf 86' lang='lat' dir='ltr'><strong>est</strong></span> <span class='ocrx_word' id='word_1_73' title='bbox 335 1170 385 1213; x_wconf 87' lang='lat' dir='ltr'><strong>res</strong></span> <span class='ocrx_word' id='word_1_74' title='bbox 402 1170 471 1231; x_wconf 88' lang='lat' dir='ltr'><strong>spes</strong></span> <span class='ocrx_word' id='word_1_75' title='bbox 493 1152 580 1222; x_wconf 87' lang='lat' dir='ltr'><strong>tides,</strong></span> <span class='ocrx_word' id='word_1_76' title='bbox 611 1169 666 1230; x_wconf 91' lang='lat' dir='ltr'><strong>per</strong></span> <span class='ocrx_word' id='word_1_77' title='bbox 688 1150 802 1231; x_wconf 90' lang='lat' dir='ltr'><strong>aliquos</strong></span> <span class='ocrx_word' id='word_1_78' title='bbox 824 1170 911 1212; x_wconf 83' lang='lat' dir='ltr'><strong>casus</strong></span> <span class='ocrx_word' id='word_1_79' title='bbox 931 1150 1065 1214; x_wconf 87' lang='lat' dir='ltr'><strong>anomale</strong></span> <span class='ocrx_word' id='word_1_80' title='bbox 1088 1154 1277 1232; x_wconf 86' lang='lat' dir='ltr'><strong>reperiantur</strong></span> <span class='ocrx_word' id='word_1_81' title='bbox 1299 1150 1457 1221; x_wconf 87' lang='lat' dir='ltr'><strong>declinari;</strong></span> <span class='ocrx_word' id='word_1_82' title='bbox 1483 1158 1512 1214; x_wconf 88' lang='lat' dir='ltr'><strong>et</strong></span> 
     </span>
     <span class='ocr_line' id='line_1_10' title="bbox 217 1251 1512 1334; baseline 0.002 -20"><span class='ocrx_word' id='word_1_83' title='bbox 217 1253 284 1315; x_wconf 88' lang='lat' dir='ltr'><strong>ideo</strong></span> <span class='ocrx_word' id='word_1_84' title='bbox 308 1254 470 1316; x_wconf 89' lang='lat' dir='ltr'><strong>eorundem</strong></span> <span class='ocrx_word' id='word_1_85' title='bbox 493 1253 718 1316; x_wconf 83' lang='lat' dir='ltr'><strong>declinationem</strong></span> <span class='ocrx_word' id='word_1_86' title='bbox 740 1253 916 1325; x_wconf 70' lang='lat' dir='ltr'><strong>subicimus,</strong></span> <span class='ocrx_word' id='word_1_87' title='bbox 947 1272 1006 1333; x_wconf 90' lang='lat' dir='ltr'><strong>qua</strong></span> <span class='ocrx_word' id='word_1_88' title='bbox 1030 1254 1237 1324; x_wconf 87' lang='lat' dir='ltr'><strong>dinoscantur,</strong></span> <span class='ocrx_word' id='word_1_89' title='bbox 1266 1253 1375 1334; x_wconf 81' lang='lat' dir='ltr'><strong>quibus</strong></span> <span class='ocrx_word' id='word_1_90' title='bbox 1395 1251 1512 1316; x_wconf 75' lang='lat' dir='ltr'><strong>casum</strong></span> 
     </span>
     <span class='ocr_line' id='line_1_11' title="bbox 219 1338 1511 1439; baseline -0.001 -23"><span class='ocrx_word' id='word_1_91' title='bbox 219 1353 354 1416; x_wconf 89' lang='lat' dir='ltr'><strong>anomale</strong></span> <span class='ocrx_word' id='word_1_92' title='bbox 384 1354 586 1417; x_wconf 86' lang='lat' dir='ltr'><strong>declinentur:</strong></span> <span class='ocrx_word' id='word_1_93' title='bbox 604 1356 734 1439; x_wconf 88' lang='lat' dir='ltr'><strong>numeri</strong></span> <span class='ocrx_word' id='word_1_94' title='bbox 756 1356 912 1433; x_wconf 81' lang='lat' dir='ltr'><strong>singularis</strong></span> <span class='ocrx_word' id='word_1_95' title='bbox 944 1338 1019 1417; x_wconf 83' lang='lat' dir='ltr'><strong>baec</strong></span> <span class='ocrx_word' id='word_1_96' title='bbox 1039 1372 1088 1416; x_wconf 87' lang='lat' dir='ltr'><strong>res</strong></span> <span class='ocrx_word' id='word_1_97' title='bbox 1109 1354 1198 1416; x_wconf 86' lang='lat' dir='ltr'><strong>buius</strong></span> <span class='ocrx_word' id='word_1_98' title='bbox 1219 1356 1263 1417; x_wconf 91' lang='lat' dir='ltr'><strong>rei</strong></span> <span class='ocrx_word' id='word_1_99' title='bbox 1283 1355 1354 1417; x_wconf 87' lang='lat' dir='ltr'><strong>huic</strong></span> <span class='ocrx_word' id='word_1_100' title='bbox 1369 1355 1414 1416; x_wconf 88' lang='lat' dir='ltr'><strong>rei</strong></span> <span class='ocrx_word' id='word_1_101' title='bbox 1436 1353 1511 1416; x_wconf 87' lang='lat' dir='ltr'><strong>banc</strong></span> 
     </span>
     <span class='ocr_line' id='line_1_12' title="bbox 182 1452 1513 1536; baseline -0.002 -15"><span class='ocrx_word' id='word_1_102' title='bbox 182 1475 284 1521; x_wconf 88' lang='lat' dir='ltr'><strong>torem</strong></span> <span class='ocrx_word' id='word_1_103' title='bbox 310 1474 327 1515; x_wconf 91' lang='lat' dir='ltr'><strong>o</strong></span> <span class='ocrx_word' id='word_1_104' title='bbox 349 1474 398 1518; x_wconf 88' lang='lat' dir='ltr'><strong>res</strong></span> <span class='ocrx_word' id='word_1_105' title='bbox 430 1456 468 1519; x_wconf 90' lang='lat' dir='ltr'><strong>ab</strong></span> <span class='ocrx_word' id='word_1_106' title='bbox 489 1457 545 1519; x_wconf 92' lang='lat' dir='ltr'><strong>hac</strong></span> <span class='ocrx_word' id='word_1_107' title='bbox 567 1476 615 1528; x_wconf 89' lang='lat' dir='ltr'><strong>re,</strong></span> <span class='ocrx_word' id='word_1_108' title='bbox 650 1459 767 1519; x_wconf 90' lang='lat' dir='ltr'><strong>numeri</strong></span> <span class='ocrx_word' id='word_1_109' title='bbox 788 1454 909 1536; x_wconf 88' lang='lat' dir='ltr'><strong>pluralis</strong></span> <span class='ocrx_word' id='word_1_110' title='bbox 935 1457 991 1519; x_wconf 88' lang='lat' dir='ltr'><strong>bae</strong></span> <span class='ocrx_word' id='word_1_111' title='bbox 1012 1474 1062 1518; x_wconf 85' lang='lat' dir='ltr'><strong>ves</strong></span> <span class='ocrx_word' id='word_1_112' title='bbox 1092 1456 1198 1518; x_wconf 88' lang='lat' dir='ltr'><strong>barum</strong></span> <span class='ocrx_word' id='word_1_113' title='bbox 1220 1474 1321 1518; x_wconf 87' lang='lat' dir='ltr'><strong>rerum</strong></span> <span class='ocrx_word' id='word_1_114' title='bbox 1352 1455 1400 1529; x_wconf 78' lang='lat' dir='ltr'><strong>bia</strong></span> <span class='ocrx_word' id='word_1_115' title='bbox 1421 1452 1513 1519; x_wconf 81' lang='lat' dir='ltr'><strong>robus</strong></span> 
     </span>
     <span class='ocr_line' id='line_1_13' title="bbox 219 1544 1512 1638; baseline 0.001 -20"><span class='ocrx_word' id='word_1_116' title='bbox 219 1557 274 1619; x_wconf 88' lang='lat' dir='ltr'><strong>bas</strong></span> <span class='ocrx_word' id='word_1_117' title='bbox 306 1576 355 1619; x_wconf 89' lang='lat' dir='ltr'><strong>res</strong></span> <span class='ocrx_word' id='word_1_118' title='bbox 383 1577 472 1621; x_wconf 88' lang='lat' dir='ltr'><strong>ores</strong></span> <span class='ocrx_word' id='word_1_119' title='bbox 496 1559 533 1620; x_wconf 91' lang='lat' dir='ltr'><strong>ab</strong></span> <span class='ocrx_word' id='word_1_120' title='bbox 560 1560 606 1622; x_wconf 90' lang='lat' dir='ltr'><strong>bis</strong></span> <span class='ocrx_word' id='word_1_121' title='bbox 627 1559 728 1621; x_wconf 89' lang='lat' dir='ltr'><strong>rebus.</strong></span> <span class='ocrx_word' id='word_1_122' title='bbox 772 1560 815 1619; x_wconf 89' lang='lat' dir='ltr'><strong>sie</strong></span> <span class='ocrx_word' id='word_1_123' title='bbox 846 1567 876 1620; x_wconf 89' lang='lat' dir='ltr'><strong>et</strong></span> <span class='ocrx_word' id='word_1_124' title='bbox 898 1577 966 1638; x_wconf 89' lang='lat' dir='ltr'><strong>spes</strong></span> <span class='ocrx_word' id='word_1_125' title='bbox 992 1566 1022 1620; x_wconf 90' lang='lat' dir='ltr'><strong>et</strong></span> <span class='ocrx_word' id='word_1_126' title='bbox 1040 1558 1123 1620; x_wconf 85' lang='lat' dir='ltr'><strong>tides.</strong></span> <span class='ocrx_word' id='word_1_127' title='bbox 1168 1558 1219 1618; x_wconf 86' lang='lat' dir='ltr'><strong>sed</strong></span> <span class='ocrx_word' id='word_1_128' title='bbox 1246 1575 1353 1637; x_wconf 86' lang='lat' dir='ltr'><strong>spes-a</strong></span> <span class='ocrx_word' id='word_1_129' title='bbox 1368 1544 1512 1637; x_wconf 72' lang='lat' dir='ltr'><strong>&#39;geneum</strong></span> 
     </span>
     <span class='ocr_line' id='line_1_14' title="bbox 220 1658 1512 1740; baseline 0 -20"><span class='ocrx_word' id='word_1_130' title='bbox 220 1676 290 1720; x_wconf 89' lang='lat' dir='ltr'><strong>casu</strong></span> <span class='ocrx_word' id='word_1_131' title='bbox 311 1662 427 1722; x_wconf 91' lang='lat' dir='ltr'><strong>numeri</strong></span> <span class='ocrx_word' id='word_1_132' title='bbox 448 1659 571 1740; x_wconf 88' lang='lat' dir='ltr'><strong>pluralis</strong></span> <span class='ocrx_word' id='word_1_133' title='bbox 591 1660 769 1731; x_wconf 77' lang='lat' dir='ltr'><strong>abstinetur:</strong></span> <span class='ocrx_word' id='word_1_134' title='bbox 791 1661 865 1722; x_wconf 86' lang='lat' dir='ltr'><strong>tides</strong></span> <span class='ocrx_word' id='word_1_135' title='bbox 886 1679 956 1722; x_wconf 89' lang='lat' dir='ltr'><strong>vero</strong></span> <span class='ocrx_word' id='word_1_136' title='bbox 978 1658 1122 1739; x_wconf 81' lang='lat' dir='ltr'><strong>pluralem</strong></span> <span class='ocrx_word' id='word_1_137' title='bbox 1144 1677 1300 1721; x_wconf 88' lang='lat' dir='ltr'><strong>numerum</strong></span> <span class='ocrx_word' id='word_1_138' title='bbox 1324 1659 1426 1721; x_wconf 83' lang='lat' dir='ltr'><strong>iacere</strong></span> <span class='ocrx_word' id='word_1_139' title='bbox 1442 1677 1512 1739; x_wconf 84' lang='lat' dir='ltr'><strong>pvo-</strong></span> 
     </span>
     <span class='ocr_line' id='line_1_15' title="bbox 219 1759 1512 1842; baseline -0.001 -20"><span class='ocrx_word' id='word_1_140' title='bbox 219 1759 348 1830; x_wconf 85' lang='lat' dir='ltr'><strong>bibetur.</strong></span> <span class='ocrx_word' id='word_1_141' title='bbox 393 1761 444 1823; x_wconf 86' lang='lat' dir='ltr'><strong>sed</strong></span> <span class='ocrx_word' id='word_1_142' title='bbox 465 1781 522 1842; x_wconf 87' lang='lat' dir='ltr'><strong>qua</strong></span> <span class='ocrx_word' id='word_1_143' title='bbox 545 1762 582 1823; x_wconf 88' lang='lat' dir='ltr'><strong>de</strong></span> <span class='ocrx_word' id='word_1_144' title='bbox 603 1781 690 1824; x_wconf 92' lang='lat' dir='ltr'><strong>causa</strong></span> <span class='ocrx_word' id='word_1_145' title='bbox 708 1780 776 1841; x_wconf 88' lang='lat' dir='ltr'><strong>spes</strong></span> <span class='ocrx_word' id='word_1_146' title='bbox 799 1764 933 1840; x_wconf 79' lang='lat' dir='ltr'><strong>genetivo</strong></span> <span class='ocrx_word' id='word_1_147' title='bbox 955 1780 1024 1823; x_wconf 90' lang='lat' dir='ltr'><strong>casu</strong></span> <span class='ocrx_word' id='word_1_148' title='bbox 1052 1763 1168 1822; x_wconf 86' lang='lat' dir='ltr'><strong>numeri</strong></span> <span class='ocrx_word' id='word_1_149' title='bbox 1188 1759 1309 1840; x_wconf 87' lang='lat' dir='ltr'><strong>pluralis</strong></span> <span class='ocrx_word' id='word_1_150' title='bbox 1330 1759 1512 1822; x_wconf 82' lang='lat' dir='ltr'><strong>abstineatur</strong></span> 
     </span>
     <span class='ocr_line' id='line_1_16' title="bbox 144 1862 1513 1944; baseline 0.001 -21"><span class='ocrx_word' id='word_1_151' title='bbox 144 1919 158 1938; x_wconf 69' lang='lat'><strong>„</strong></span> <span class='ocrx_word' id='word_1_152' title='bbox 219 1872 249 1924; x_wconf 94' lang='lat' dir='ltr'><strong>et</strong></span> <span class='ocrx_word' id='word_1_153' title='bbox 267 1862 340 1924; x_wconf 85' lang='lat' dir='ltr'><strong>fides</strong></span> <span class='ocrx_word' id='word_1_154' title='bbox 363 1882 521 1926; x_wconf 89' lang='lat' dir='ltr'><strong>numerum</strong></span> <span class='ocrx_word' id='word_1_155' title='bbox 543 1863 688 1944; x_wconf 87' lang='lat' dir='ltr'><strong>pluralem</strong></span> <span class='ocrx_word' id='word_1_156' title='bbox 706 1865 804 1926; x_wconf 84' lang='lat' dir='ltr'><strong>iacere</strong></span> <span class='ocrx_word' id='word_1_157' title='bbox 824 1863 1017 1943; x_wconf 86' lang='lat' dir='ltr'><strong>prohibeatur</strong></span> <span class='ocrx_word' id='word_1_158' title='bbox 1039 1862 1084 1924; x_wconf 90' lang='lat' dir='ltr'><strong>vel</strong></span> <span class='ocrx_word' id='word_1_159' title='bbox 1108 1880 1162 1941; x_wconf 90' lang='lat' dir='ltr'><strong>per</strong></span> <span class='ocrx_word' id='word_1_160' title='bbox 1180 1863 1413 1942; x_wconf 83' lang='lat' dir='ltr'><strong>suprascriptos</strong></span> <span class='ocrx_word' id='word_1_161' title='bbox 1427 1879 1513 1925; x_wconf 79' lang='lat' dir='ltr'><strong>casua</strong></span> 
     </span>
     <span class='ocr_line' id='line_1_17' title="bbox 183 1952 1513 2045; baseline -0.002 -19"><span class='ocrx_word' id='word_1_162' title='bbox 183 1983 309 2045; x_wconf 80' lang='lat' dir='ltr'><strong>usupra</strong></span> <span class='ocrx_word' id='word_1_163' title='bbox 334 1952 410 2027; x_wconf 79' lang='lat' dir='ltr'><strong>dicta</strong></span> <span class='ocrx_word' id='word_1_164' title='bbox 436 1969 491 2027; x_wconf 89' lang='lat' dir='ltr'><strong>tria</strong></span> <span class='ocrx_word' id='word_1_165' title='bbox 519 1969 638 2028; x_wconf 90' lang='lat' dir='ltr'><strong>nomina</strong></span> <span class='ocrx_word' id='word_1_166' title='bbox 666 1964 800 2027; x_wconf 87' lang='lat' dir='ltr'><strong>anomale</strong></span> <span class='ocrx_word' id='word_1_167' title='bbox 825 1964 1025 2036; x_wconf 89' lang='lat' dir='ltr'><strong>declinentur,</strong></span> <span class='ocrx_word' id='word_1_168' title='bbox 1054 1964 1112 2025; x_wconf 90' lang='lat' dir='ltr'><strong>boc</strong></span> <span class='ocrx_word' id='word_1_169' title='bbox 1140 1965 1273 2027; x_wconf 90' lang='lat' dir='ltr'><strong>insonis</strong></span> <span class='ocrx_word' id='word_1_170' title='bbox 1300 1982 1368 2025; x_wconf 89' lang='lat' dir='ltr'><strong>cum</strong></span> <span class='ocrx_word' id='word_1_171' title='bbox 1394 1962 1513 2044; x_wconf 72' lang='lat' dir='ltr'><strong>syllabis</strong></span> 
     </span>
     <span class='ocr_line' id='line_1_18' title="bbox 219 2065 1512 2151; baseline 0 -24"><span class='ocrx_word' id='word_1_172' title='bbox 219 2074 413 2147; x_wconf 81' lang='lat' dir='ltr'><strong>conpetenter</strong></span> <span class='ocrx_word' id='word_1_173' title='bbox 432 2067 634 2130; x_wconf 87' lang='lat' dir='ltr'><strong>tractabimus.</strong></span> <span class='ocrx_word' id='word_1_174' title='bbox 678 2086 759 2128; x_wconf 89' lang='lat' dir='ltr'><strong>nunc</strong></span> <span class='ocrx_word' id='word_1_175' title='bbox 780 2070 811 2151; x_wconf 87' lang='lat' dir='ltr'><strong>in</strong></span> <span class='ocrx_word' id='word_1_176' title='bbox 835 2066 891 2135; x_wconf 86' lang='lat' dir='ltr'><strong>bac</strong></span> <span class='ocrx_word' id='word_1_177' title='bbox 914 2085 1003 2145; x_wconf 89' lang='lat' dir='ltr'><strong>supra</strong></span> <span class='ocrx_word' id='word_1_178' title='bbox 1028 2066 1104 2127; x_wconf 91' lang='lat' dir='ltr'><strong>dicta</strong></span> <span class='ocrx_word' id='word_1_179' title='bbox 1126 2065 1221 2127; x_wconf 82' lang='lat' dir='ltr'><strong>torma</strong></span> <span class='ocrx_word' id='word_1_180' title='bbox 1248 2067 1417 2147; x_wconf 87' lang='lat' dir='ltr'><strong>quaeritur,</strong></span> <span class='ocrx_word' id='word_1_181' title='bbox 1446 2083 1512 2127; x_wconf 81' lang='lat' dir='ltr'><strong>cnm</strong></span> 
     </span>
     <span class='ocr_line' id='line_1_19' title="bbox 220 2166 1512 2249; baseline 0 -20"><span class='ocrx_word' id='word_1_182' title='bbox 220 2168 294 2230; x_wconf 91' lang='lat' dir='ltr'><strong>haec</strong></span> <span class='ocrx_word' id='word_1_183' title='bbox 315 2170 371 2228; x_wconf 89' lang='lat' dir='ltr'><strong>tria</strong></span> <span class='ocrx_word' id='word_1_184' title='bbox 393 2188 483 2249; x_wconf 88' lang='lat' dir='ltr'><strong>supra</strong></span> <span class='ocrx_word' id='word_1_185' title='bbox 505 2171 614 2248; x_wconf 88' lang='lat' dir='ltr'><strong>scripta</strong></span> <span class='ocrx_word' id='word_1_186' title='bbox 637 2171 755 2230; x_wconf 87' lang='lat' dir='ltr'><strong>nomina</strong></span> <span class='ocrx_word' id='word_1_187' title='bbox 778 2171 809 2230; x_wconf 93' lang='lat' dir='ltr'><strong>in</strong></span> <span class='ocrx_word' id='word_1_188' title='bbox 831 2169 966 2245; x_wconf 77' lang='lat' dir='ltr'><strong>genetivo</strong></span> <span class='ocrx_word' id='word_1_189' title='bbox 988 2175 1017 2230; x_wconf 93' lang='lat' dir='ltr'><strong>et</strong></span> <span class='ocrx_word' id='word_1_190' title='bbox 1039 2167 1135 2229; x_wconf 88' lang='lat' dir='ltr'><strong>dativo</strong></span> <span class='ocrx_word' id='word_1_191' title='bbox 1156 2184 1226 2228; x_wconf 89' lang='lat' dir='ltr'><strong>casu</strong></span> <span class='ocrx_word' id='word_1_192' title='bbox 1246 2168 1365 2230; x_wconf 88' lang='lat' dir='ltr'><strong>numeri</strong></span> <span class='ocrx_word' id='word_1_193' title='bbox 1383 2166 1512 2245; x_wconf 74' lang='lat' dir='ltr'><strong>singtrla·</strong></span> 
     </span>
     <span class='ocr_line' id='line_1_20' title="bbox 220 2259 1513 2348; baseline 0.001 -18"><span class='ocrx_word' id='word_1_194' title='bbox 220 2271 262 2330; x_wconf 90' lang='lat' dir='ltr'><strong>ris</strong></span> <span class='ocrx_word' id='word_1_195' title='bbox 280 2267 325 2331; x_wconf 90' lang='lat' dir='ltr'><strong>vel</strong></span> <span class='ocrx_word' id='word_1_196' title='bbox 357 2272 386 2330; x_wconf 92' lang='lat' dir='ltr'><strong>in</strong></span> <span class='ocrx_word' id='word_1_197' title='bbox 406 2273 541 2348; x_wconf 81' lang='lat' dir='ltr'><strong>genetivo</strong></span> <span class='ocrx_word' id='word_1_198' title='bbox 563 2272 658 2333; x_wconf 89' lang='lat' dir='ltr'><strong>dativo</strong></span> <span class='ocrx_word' id='word_1_199' title='bbox 679 2276 709 2332; x_wconf 90' lang='lat' dir='ltr'><strong>et</strong></span> <span class='ocrx_word' id='word_1_200' title='bbox 728 2271 853 2332; x_wconf 89' lang='lat' dir='ltr'><strong>ablativo</strong></span> <span class='ocrx_word' id='word_1_201' title='bbox 874 2287 944 2330; x_wconf 91' lang='lat' dir='ltr'><strong>casu</strong></span> <span class='ocrx_word' id='word_1_202' title='bbox 967 2259 1082 2330; x_wconf 87' lang='lat' dir='ltr'><strong>numeri</strong></span> <span class='ocrx_word' id='word_1_203' title='bbox 1104 2267 1225 2348; x_wconf 89' lang='lat' dir='ltr'><strong>pluralis</strong></span> <span class='ocrx_word' id='word_1_204' title='bbox 1246 2286 1307 2329; x_wconf 91' lang='lat' dir='ltr'><strong>nou</strong></span> <span class='ocrx_word' id='word_1_205' title='bbox 1328 2266 1513 2331; x_wconf 84' lang='lat' dir='ltr'><strong>declinentur</strong></span> 
     </span>
     <span class='ocr_line' id='line_1_21' title="bbox 221 2366 1513 2457; baseline 0.001 -27"><span class='ocrx_word' id='word_1_206' title='bbox 221 2371 257 2431; x_wconf 88' lang='lat' dir='ltr'><strong>ad</strong></span> <span class='ocrx_word' id='word_1_207' title='bbox 280 2371 404 2432; x_wconf 79' lang='lat' dir='ltr'><strong>formam</strong></span> <span class='ocrx_word' id='word_1_208' title='bbox 427 2373 552 2457; x_wconf 84' lang='lat' dir='ltr'><strong>speciei,</strong></span> <span class='ocrx_word' id='word_1_209' title='bbox 575 2390 632 2451; x_wconf 87' lang='lat' dir='ltr'><strong>qua</strong></span> <span class='ocrx_word' id='word_1_210' title='bbox 654 2373 692 2433; x_wconf 91' lang='lat' dir='ltr'><strong>de</strong></span> <span class='ocrx_word' id='word_1_211' title='bbox 713 2390 800 2434; x_wconf 86' lang='lat' dir='ltr'><strong>causa</strong></span> <span class='ocrx_word' id='word_1_212' title='bbox 823 2379 853 2432; x_wconf 90' lang='lat' dir='ltr'><strong>et</strong></span> <span class='ocrx_word' id='word_1_213' title='bbox 873 2371 966 2432; x_wconf 89' lang='lat' dir='ltr'><strong>isdem</strong></span> <span class='ocrx_word' id='word_1_214' title='bbox 993 2371 1110 2432; x_wconf 88' lang='lat' dir='ltr'><strong>casibus</strong></span> <span class='ocrx_word' id='word_1_215' title='bbox 1134 2387 1194 2431; x_wconf 92' lang='lat' dir='ltr'><strong>non</strong></span> <span class='ocrx_word' id='word_1_216' title='bbox 1218 2369 1354 2432; x_wconf 90' lang='lat' dir='ltr'><strong>dicantur</strong></span> <span class='ocrx_word' id='word_1_217' title='bbox 1378 2366 1513 2432; x_wconf 74' lang='lat' dir='ltr'><strong>anomale</strong></span> 
     </span>
     <span class='ocr_line' id='line_1_22' title="bbox 183 2471 1512 2554; baseline -0.001 -19"><span class='ocrx_word' id='word_1_218' title='bbox 183 2471 373 2535; x_wconf 78' lang='lat' dir='ltr'><strong>adeottnari.</strong></span> <span class='ocrx_word' id='word_1_219' title='bbox 418 2473 474 2534; x_wconf 91' lang='lat' dir='ltr'><strong>bac</strong></span> <span class='ocrx_word' id='word_1_220' title='bbox 500 2474 538 2535; x_wconf 87' lang='lat' dir='ltr'><strong>dc</strong></span> <span class='ocrx_word' id='word_1_221' title='bbox 568 2484 671 2544; x_wconf 85' lang='lat' dir='ltr'><strong>causa,</strong></span> <span class='ocrx_word' id='word_1_222' title='bbox 706 2476 845 2554; x_wconf 89' lang='lat' dir='ltr'><strong>quoniam</strong></span> <span class='ocrx_word' id='word_1_223' title='bbox 877 2491 1080 2554; x_wconf 88' lang='lat' dir='ltr'><strong>quaecumque</strong></span> <span class='ocrx_word' id='word_1_224' title='bbox 1108 2472 1227 2534; x_wconf 88' lang='lat' dir='ltr'><strong>nomina</strong></span> <span class='ocrx_word' id='word_1_225' title='bbox 1257 2471 1294 2533; x_wconf 92' lang='lat' dir='ltr'><strong>ab</strong></span> <span class='ocrx_word' id='word_1_226' title='bbox 1322 2490 1340 2532; x_wconf 90' lang='lat' dir='ltr'><strong>e</strong></span> <span class='ocrx_word' id='word_1_227' title='bbox 1368 2471 1512 2550; x_wconf 80' lang='lat' dir='ltr'><strong>producto</strong></span> 
     </span>
     <span class='ocr_line' id='line_1_23' title="bbox 219 2566 1512 2653; baseline 0.001 -19"><span class='ocrx_word' id='word_1_228' title='bbox 219 2575 320 2636; x_wconf 91' lang='lat' dir='ltr'><strong>venire</strong></span> <span class='ocrx_word' id='word_1_229' title='bbox 348 2575 553 2653; x_wconf 86' lang='lat' dir='ltr'><strong>reperiuntur,</strong></span> <span class='ocrx_word' id='word_1_230' title='bbox 580 2576 655 2637; x_wconf 92' lang='lat' dir='ltr'><strong>baec</strong></span> <span class='ocrx_word' id='word_1_231' title='bbox 677 2595 714 2638; x_wconf 83' lang='lat' dir='ltr'><strong>ex</strong></span> <span class='ocrx_word' id='word_1_232' title='bbox 737 2576 831 2637; x_wconf 89' lang='lat' dir='ltr'><strong>isdem</strong></span> <span class='ocrx_word' id='word_1_233' title='bbox 860 2566 949 2653; x_wconf 77' lang='lat' dir='ltr'><strong>supra</strong></span> <span class='ocrx_word' id='word_1_234' title='bbox 976 2574 1061 2637; x_wconf 88' lang='lat' dir='ltr'><strong>dictis</strong></span> <span class='ocrx_word' id='word_1_235' title='bbox 1085 2574 1201 2636; x_wconf 89' lang='lat' dir='ltr'><strong>casibus</strong></span> <span class='ocrx_word' id='word_1_236' title='bbox 1228 2572 1361 2636; x_wconf 75' lang='lat' dir='ltr'><strong>adlimam</strong></span> <span class='ocrx_word' id='word_1_237' title='bbox 1386 2572 1512 2636; x_wconf 80' lang='lat' dir='ltr'><strong>litteram</strong></span> 
     </span>
     <span class='ocr_line' id='line_1_24' title="bbox 144 2674 1513 2757; baseline 0.004 -24"><span class='ocrx_word' id='word_1_238' title='bbox 144 2709 154 2733; x_wconf 85' lang='lat'><strong>.</strong></span> <span class='ocrx_word' id='word_1_239' title='bbox 219 2674 265 2738; x_wconf 87' lang='lat' dir='ltr'><strong>vel</strong></span> <span class='ocrx_word' id='word_1_240' title='bbox 299 2675 448 2757; x_wconf 65' lang='lat' dir='ltr'><strong>syllabam,</strong></span> <span class='ocrx_word' id='word_1_241' title='bbox 468 2679 606 2738; x_wconf 89' lang='lat' dir='ltr'><strong>omittunt</strong></span> <span class='ocrx_word' id='word_1_242' title='bbox 634 2686 679 2749; x_wconf 63' lang='lat' dir='ltr'><strong>et⁴</strong></span> <span class='ocrx_word' id='word_1_243' title='bbox 697 2677 854 2739; x_wconf 82' lang='lat' dir='ltr'><strong>ablativum</strong></span> <span class='ocrx_word' id='word_1_244' title='bbox 882 2695 984 2738; x_wconf 90' lang='lat' dir='ltr'><strong>casum</strong></span> <span class='ocrx_word' id='word_1_245' title='bbox 1017 2676 1134 2738; x_wconf 89' lang='lat' dir='ltr'><strong>numeri</strong></span> <span class='ocrx_word' id='word_1_246' title='bbox 1162 2675 1318 2753; x_wconf 78' lang='lat' dir='ltr'><strong>singularis</strong></span> <span class='ocrx_word' id='word_1_247' title='bbox 1346 2676 1513 2739; x_wconf 84' lang='lat' dir='ltr'><strong>ostendunt</strong></span> 
     </span>
     <span class='ocr_line' id='line_1_25' title="bbox 221 2776 1514 2859; baseline 0.002 -22"><span class='ocrx_word' id='word_1_248' title='bbox 221 2795 300 2840; x_wconf 92' lang='lat' dir='ltr'><strong>nuno</strong></span> <span class='ocrx_word' id='word_1_249' title='bbox 322 2797 388 2839; x_wconf 90' lang='lat' dir='ltr'><strong>cum</strong></span> <span class='ocrx_word' id='word_1_250' title='bbox 412 2779 535 2840; x_wconf 87' lang='lat' dir='ltr'><strong>ethaeo</strong></span> <span class='ocrx_word' id='word_1_251' title='bbox 559 2780 746 2859; x_wconf 86' lang='lat' dir='ltr'><strong>supradicta</strong></span> <span class='ocrx_word' id='word_1_252' title='bbox 768 2780 887 2840; x_wconf 91' lang='lat' dir='ltr'><strong>nomina</strong></span> <span class='ocrx_word' id='word_1_253' title='bbox 912 2797 948 2840; x_wconf 82' lang='lat' dir='ltr'><strong>ex</strong></span> <span class='ocrx_word' id='word_1_254' title='bbox 974 2796 1064 2858; x_wconf 89' lang='lat' dir='ltr'><strong>supra</strong></span> <span class='ocrx_word' id='word_1_255' title='bbox 1087 2778 1172 2840; x_wconf 90' lang='lat' dir='ltr'><strong>dictis</strong></span> <span class='ocrx_word' id='word_1_256' title='bbox 1193 2776 1309 2839; x_wconf 79' lang='lat' dir='ltr'><strong>mnibus</strong></span> <span class='ocrx_word' id='word_1_257' title='bbox 1336 2777 1396 2839; x_wconf 90' lang='lat' dir='ltr'><strong>boc</strong></span> <span class='ocrx_word' id='word_1_258' title='bbox 1416 2776 1514 2840; x_wconf 63' lang='lat' dir='ltr'><strong>lacae</strong></span> 
     </span>
     <span class='ocr_line' id='line_1_26' title="bbox 219 2876 1514 2962; baseline 0.002 -24"><span class='ocrx_word' id='word_1_259' title='bbox 219 2880 417 2957; x_wconf 87' lang='lat' dir='ltr'><strong>reperiantur,</strong></span> <span class='ocrx_word' id='word_1_260' title='bbox 444 2889 473 2942; x_wconf 88' lang='lat' dir='ltr'><strong>et</strong></span> <span class='ocrx_word' id='word_1_261' title='bbox 488 2881 556 2942; x_wconf 89' lang='lat' dir='ltr'><strong>ideo</strong></span> <span class='ocrx_word' id='word_1_262' title='bbox 575 2883 605 2945; x_wconf 91' lang='lat' dir='ltr'><strong>in</strong></span> <span class='ocrx_word' id='word_1_263' title='bbox 624 2882 716 2944; x_wconf 87' lang='lat' dir='ltr'><strong>isdem</strong></span> <span class='ocrx_word' id='word_1_264' title='bbox 740 2881 856 2942; x_wconf 89' lang='lat' dir='ltr'><strong>casibus</strong></span> <span class='ocrx_word' id='word_1_265' title='bbox 877 2880 1038 2959; x_wconf 82' lang='lat' dir='ltr'><strong>analogice,</strong></span> <span class='ocrx_word' id='word_1_266' title='bbox 1060 2898 1121 2940; x_wconf 88' lang='lat' dir='ltr'><strong>non</strong></span> <span class='ocrx_word' id='word_1_267' title='bbox 1137 2878 1271 2941; x_wconf 89' lang='lat' dir='ltr'><strong>anomale</strong></span> <span class='ocrx_word' id='word_1_268' title='bbox 1293 2876 1514 2962; x_wconf 63' lang='lat' dir='ltr'><strong>dationem!</strong></span> 
     </span>
     <span class='ocr_line' id='line_1_27' title="bbox 181 2980 1512 3062; baseline 0.001 -20"><span class='ocrx_word' id='word_1_269' title='bbox 181 3000 208 3042; x_wconf 79' lang='lat' dir='ltr'><strong>aa</strong></span> <span class='ocrx_word' id='word_1_270' title='bbox 221 2981 292 3042; x_wconf 87' lang='lat' dir='ltr'><strong>item</strong></span> <span class='ocrx_word' id='word_1_271' title='bbox 312 2984 464 3061; x_wconf 87' lang='lat' dir='ltr'><strong>quaeritur</strong></span> <span class='ocrx_word' id='word_1_272' title='bbox 487 2983 524 3043; x_wconf 91' lang='lat' dir='ltr'><strong>de</strong></span> <span class='ocrx_word' id='word_1_273' title='bbox 548 2983 640 3044; x_wconf 89' lang='lat' dir='ltr'><strong>isdem</strong></span> <span class='ocrx_word' id='word_1_274' title='bbox 662 3001 752 3062; x_wconf 91' lang='lat' dir='ltr'><strong>supra</strong></span> <span class='ocrx_word' id='word_1_275' title='bbox 774 2983 858 3044; x_wconf 90' lang='lat' dir='ltr'><strong>dictis</strong></span> <span class='ocrx_word' id='word_1_276' title='bbox 879 2981 1047 3043; x_wconf 89' lang='lat' dir='ltr'><strong>nominibus</strong></span> <span class='ocrx_word' id='word_1_277' title='bbox 1070 2989 1099 3043; x_wconf 91' lang='lat' dir='ltr'><strong>et</strong></span> <span class='ocrx_word' id='word_1_278' title='bbox 1118 2984 1149 3042; x_wconf 93' lang='lat' dir='ltr'><strong>in</strong></span> <span class='ocrx_word' id='word_1_279' title='bbox 1166 2980 1291 3043; x_wconf 91' lang='lat' dir='ltr'><strong>ablativo</strong></span> <span class='ocrx_word' id='word_1_280' title='bbox 1305 2998 1378 3043; x_wconf 89' lang='lat' dir='ltr'><strong>casu</strong></span> <span class='ocrx_word' id='word_1_281' title='bbox 1397 2982 1512 3043; x_wconf 85' lang='lat' dir='ltr'><strong>numeri</strong></span> 
     </span>
     <span class='ocr_line' id='line_1_28' title="bbox 221 3082 1512 3163; baseline -0.001 -20"><span class='ocrx_word' id='word_1_282' title='bbox 221 3082 389 3160; x_wconf 80' lang='lat' dir='ltr'><strong>singularis,</strong></span> <span class='ocrx_word' id='word_1_283' title='bbox 410 3102 476 3145; x_wconf 91' lang='lat' dir='ltr'><strong>cum</strong></span> <span class='ocrx_word' id='word_1_284' title='bbox 499 3085 535 3146; x_wconf 89' lang='lat' dir='ltr'><strong>ad</strong></span> <span class='ocrx_word' id='word_1_285' title='bbox 558 3086 682 3146; x_wconf 82' lang='lat' dir='ltr'><strong>sormam</strong></span> <span class='ocrx_word' id='word_1_286' title='bbox 702 3085 810 3163; x_wconf 87' lang='lat' dir='ltr'><strong>speciei</strong></span> <span class='ocrx_word' id='word_1_287' title='bbox 829 3102 888 3144; x_wconf 94' lang='lat' dir='ltr'><strong>non</strong></span> <span class='ocrx_word' id='word_1_288' title='bbox 910 3085 1094 3144; x_wconf 87' lang='lat' dir='ltr'><strong>inveniantur</strong></span> <span class='ocrx_word' id='word_1_289' title='bbox 1115 3083 1265 3152; x_wconf 88' lang='lat' dir='ltr'><strong>declinari,</strong></span> <span class='ocrx_word' id='word_1_290' title='bbox 1287 3100 1346 3161; x_wconf 88' lang='lat' dir='ltr'><strong>qtta</strong></span> <span class='ocrx_word' id='word_1_291' title='bbox 1368 3083 1512 3145; x_wconf 85' lang='lat' dir='ltr'><strong>decanea</strong></span> 
     </span>
     <span class='ocr_line' id='line_1_29' title="bbox 221 3184 1512 3265; baseline -0.001 -19"><span class='ocrx_word' id='word_1_292' title='bbox 221 3191 251 3246; x_wconf 92' lang='lat' dir='ltr'><strong>et</strong></span> <span class='ocrx_word' id='word_1_293' title='bbox 280 3186 312 3247; x_wconf 94' lang='lat' dir='ltr'><strong>in</strong></span> <span class='ocrx_word' id='word_1_294' title='bbox 344 3185 448 3247; x_wconf 90' lang='lat' dir='ltr'><strong>eodem</strong></span> <span class='ocrx_word' id='word_1_295' title='bbox 483 3205 554 3248; x_wconf 88' lang='lat' dir='ltr'><strong>casu</strong></span> <span class='ocrx_word' id='word_1_296' title='bbox 589 3205 649 3248; x_wconf 92' lang='lat' dir='ltr'><strong>non</strong></span> <span class='ocrx_word' id='word_1_297' title='bbox 682 3185 816 3248; x_wconf 87' lang='lat' dir='ltr'><strong>anomale</strong></span> <span class='ocrx_word' id='word_1_298' title='bbox 848 3185 983 3247; x_wconf 90' lang='lat' dir='ltr'><strong>dicantur</strong></span> <span class='ocrx_word' id='word_1_299' title='bbox 1017 3185 1211 3265; x_wconf 88' lang='lat' dir='ltr'><strong>pronuntiari.</strong></span> <span class='ocrx_word' id='word_1_300' title='bbox 1255 3184 1311 3245; x_wconf 90' lang='lat' dir='ltr'><strong>bac</strong></span> <span class='ocrx_word' id='word_1_301' title='bbox 1344 3184 1382 3245; x_wconf 89' lang='lat' dir='ltr'><strong>de</strong></span> <span class='ocrx_word' id='word_1_302' title='bbox 1417 3201 1512 3255; x_wconf 86' lang='lat' dir='ltr'><strong>causa,</strong></span> 
     </span>
     <span class='ocr_line' id='line_1_30' title="bbox 221 3284 1512 3369; baseline 0 -21"><span class='ocrx_word' id='word_1_303' title='bbox 221 3289 360 3366; x_wconf 88' lang='lat' dir='ltr'><strong>quoniam</strong></span> <span class='ocrx_word' id='word_1_304' title='bbox 383 3307 588 3369; x_wconf 88' lang='lat' dir='ltr'><strong>quaecumque</strong></span> <span class='ocrx_word' id='word_1_305' title='bbox 610 3291 729 3350; x_wconf 88' lang='lat' dir='ltr'><strong>nomina</strong></span> <span class='ocrx_word' id='word_1_306' title='bbox 750 3287 874 3350; x_wconf 88' lang='lat' dir='ltr'><strong>ablativo</strong></span> <span class='ocrx_word' id='word_1_307' title='bbox 897 3306 967 3349; x_wconf 90' lang='lat' dir='ltr'><strong>casu</strong></span> <span class='ocrx_word' id='word_1_308' title='bbox 988 3287 1105 3349; x_wconf 90' lang='lat' dir='ltr'><strong>numeri</strong></span> <span class='ocrx_word' id='word_1_309' title='bbox 1127 3286 1283 3363; x_wconf 80' lang='lat' dir='ltr'><strong>singularis</strong></span> <span class='ocrx_word' id='word_1_310' title='bbox 1305 3284 1435 3348; x_wconf 79' lang='lat' dir='ltr'><strong>elittara</strong></span> <span class='ocrx_word' id='word_1_311' title='bbox 1455 3292 1512 3348; x_wconf 87' lang='lat' dir='ltr'><strong>ter·</strong></span> 
     </span>
     <span class='ocr_line' id='line_1_31' title="bbox 221 3386 1511 3470; baseline -0.002 -20"><span class='ocrx_word' id='word_1_312' title='bbox 221 3391 371 3451; x_wconf 89' lang='lat' dir='ltr'><strong>minantur</strong></span> <span class='ocrx_word' id='word_1_313' title='bbox 394 3399 422 3451; x_wconf 86' lang='lat' dir='ltr'><strong>et</strong></span> <span class='ocrx_word' id='word_1_314' title='bbox 447 3391 475 3450; x_wconf 90' lang='lat' dir='ltr'><strong>in</strong></span> <span class='ocrx_word' id='word_1_315' title='bbox 499 3391 605 3454; x_wconf 88' lang='lat' dir='ltr'><strong>eodem</strong></span> <span class='ocrx_word' id='word_1_316' title='bbox 629 3393 745 3470; x_wconf 82' lang='lat' dir='ltr'><strong>integro</strong></span> <span class='ocrx_word' id='word_1_317' title='bbox 771 3389 896 3451; x_wconf 91' lang='lat' dir='ltr'><strong>ablativo</strong></span> <span class='ocrx_word' id='word_1_318' title='bbox 925 3408 996 3451; x_wconf 89' lang='lat' dir='ltr'><strong>casu</strong></span> <span class='ocrx_word' id='word_1_319' title='bbox 1022 3390 1138 3450; x_wconf 89' lang='lat' dir='ltr'><strong>numeri</strong></span> <span class='ocrx_word' id='word_1_320' title='bbox 1158 3387 1402 3467; x_wconf 76' lang='lat' dir='ltr'><strong>singulariorum</strong></span> <span class='ocrx_word' id='word_1_321' title='bbox 1431 3386 1511 3468; x_wconf 74' lang='lat' dir='ltr'><strong>sylla·</strong></span> 
     </span>
     <span class='ocr_line' id='line_1_32' title="bbox 183 3488 1512 3572; baseline 0 -22"><span class='ocrx_word' id='word_1_322' title='bbox 183 3509 208 3550; x_wconf 84' lang='lat' dir='ltr'><strong>so</strong></span> <span class='ocrx_word' id='word_1_323' title='bbox 221 3491 289 3554; x_wconf 89' lang='lat' dir='ltr'><strong>bam</strong></span> <span class='ocrx_word' id='word_1_324' title='bbox 312 3494 460 3572; x_wconf 89' lang='lat' dir='ltr'><strong>accipiunt</strong></span> <span class='ocrx_word' id='word_1_325' title='bbox 488 3502 517 3555; x_wconf 92' lang='lat' dir='ltr'><strong>et</strong></span> <span class='ocrx_word' id='word_1_326' title='bbox 538 3496 704 3572; x_wconf 82' lang='lat' dir='ltr'><strong>genetivum</strong></span> <span class='ocrx_word' id='word_1_327' title='bbox 726 3510 826 3554; x_wconf 90' lang='lat' dir='ltr'><strong>casum</strong></span> <span class='ocrx_word' id='word_1_328' title='bbox 855 3493 972 3553; x_wconf 92' lang='lat' dir='ltr'><strong>numeri</strong></span> <span class='ocrx_word' id='word_1_329' title='bbox 993 3490 1116 3571; x_wconf 89' lang='lat' dir='ltr'><strong>pluralis</strong></span> <span class='ocrx_word' id='word_1_330' title='bbox 1138 3489 1312 3560; x_wconf 89' lang='lat' dir='ltr'><strong>ostendunt,</strong></span> <span class='ocrx_word' id='word_1_331' title='bbox 1340 3489 1415 3552; x_wconf 90' lang='lat' dir='ltr'><strong>baec</strong></span> <span class='ocrx_word' id='word_1_332' title='bbox 1438 3488 1476 3551; x_wconf 89' lang='lat' dir='ltr'><strong>ab</strong></span> <span class='ocrx_word' id='word_1_333' title='bbox 1497 3507 1512 3550; x_wconf 87' lang='lat' dir='ltr'><strong>e</strong></span> 
     </span>
     <span class='ocr_line' id='line_1_33' title="bbox 148 3591 1512 3673; baseline -0.002 -19"><span class='ocrx_word' id='word_1_334' title='bbox 148 3655 155 3668; x_wconf 77' lang='grc'>,</span> <span class='ocrx_word' id='word_1_335' title='bbox 220 3593 367 3672; x_wconf 88' lang='lat' dir='ltr'><strong>producto</strong></span> <span class='ocrx_word' id='word_1_336' title='bbox 393 3597 493 3658; x_wconf 87' lang='lat' dir='ltr'><strong>venire</strong></span> <span class='ocrx_word' id='word_1_337' title='bbox 516 3596 716 3673; x_wconf 84' lang='lat' dir='ltr'><strong>reperiuntur.</strong></span> <span class='ocrx_word' id='word_1_338' title='bbox 760 3611 840 3663; x_wconf 87' lang='lat' dir='ltr'><strong>nunc</strong></span> <span class='ocrx_word' id='word_1_339' title='bbox 869 3613 935 3655; x_wconf 90' lang='lat' dir='ltr'><strong>cum</strong></span> <span class='ocrx_word' id='word_1_340' title='bbox 962 3600 992 3655; x_wconf 88' lang='lat' dir='ltr'><strong>et</strong></span> <span class='ocrx_word' id='word_1_341' title='bbox 1019 3592 1092 3654; x_wconf 90' lang='lat' dir='ltr'><strong>haec</strong></span> <span class='ocrx_word' id='word_1_342' title='bbox 1118 3592 1311 3670; x_wconf 88' lang='lat' dir='ltr'><strong>supradicta</strong></span> <span class='ocrx_word' id='word_1_343' title='bbox 1338 3591 1512 3652; x_wconf 83' lang='lat' dir='ltr'><strong>nominain</strong></span> 
     </span>
     <span class='ocr_line' id='line_1_34' title="bbox 220 3692 1512 3774; baseline -0.001 -20"><span class='ocrx_word' id='word_1_344' title='bbox 220 3693 279 3755; x_wconf 91' lang='lat' dir='ltr'><strong>hoc</strong></span> <span class='ocrx_word' id='word_1_345' title='bbox 297 3713 387 3773; x_wconf 89' lang='lat' dir='ltr'><strong>supra</strong></span> <span class='ocrx_word' id='word_1_346' title='bbox 409 3696 487 3757; x_wconf 89' lang='lat' dir='ltr'><strong>dieto</strong></span> <span class='ocrx_word' id='word_1_347' title='bbox 509 3715 579 3757; x_wconf 87' lang='lat' dir='ltr'><strong>casu</strong></span> <span class='ocrx_word' id='word_1_348' title='bbox 598 3696 657 3757; x_wconf 91' lang='lat' dir='ltr'><strong>hoo</strong></span> <span class='ocrx_word' id='word_1_349' title='bbox 679 3698 777 3757; x_wconf 87' lang='lat' dir='ltr'><strong>lacere</strong></span> <span class='ocrx_word' id='word_1_350' title='bbox 795 3697 992 3774; x_wconf 88' lang='lat' dir='ltr'><strong>reperiantur,</strong></span> <span class='ocrx_word' id='word_1_351' title='bbox 1015 3703 1045 3756; x_wconf 92' lang='lat' dir='ltr'><strong>et</strong></span> <span class='ocrx_word' id='word_1_352' title='bbox 1061 3694 1128 3755; x_wconf 91' lang='lat' dir='ltr'><strong>ideo</strong></span> <span class='ocrx_word' id='word_1_353' title='bbox 1151 3695 1182 3753; x_wconf 90' lang='lat' dir='ltr'><strong>in</strong></span> <span class='ocrx_word' id='word_1_354' title='bbox 1204 3694 1309 3755; x_wconf 88' lang='lat' dir='ltr'><strong>eodem</strong></span> <span class='ocrx_word' id='word_1_355' title='bbox 1330 3710 1422 3771; x_wconf 87' lang='lat' dir='ltr'><strong>supra</strong></span> <span class='ocrx_word' id='word_1_356' title='bbox 1436 3692 1512 3755; x_wconf 89' lang='lat' dir='ltr'><strong>dicto</strong></span> 
     </span>
     <span class='ocr_line' id='line_1_35' title="bbox 221 3796 1301 3877; baseline 0.002 -23"><span class='ocrx_word' id='word_1_357' title='bbox 221 3812 291 3855; x_wconf 91' lang='lat' dir='ltr'><strong>casu</strong></span> <span class='ocrx_word' id='word_1_358' title='bbox 315 3813 373 3854; x_wconf 91' lang='lat' dir='ltr'><strong>non</strong></span> <span class='ocrx_word' id='word_1_359' title='bbox 393 3797 527 3858; x_wconf 88' lang='lat' dir='ltr'><strong>anomale</strong></span> <span class='ocrx_word' id='word_1_360' title='bbox 549 3796 689 3859; x_wconf 90' lang='lat' dir='ltr'><strong>declinari</strong></span> <span class='ocrx_word' id='word_1_361' title='bbox 708 3799 948 3877; x_wconf 90' lang='lat' dir='ltr'><strong>pronuntiantur.</strong></span> <span class='ocrx_word' id='word_1_362' title='bbox 1297 3864 1301 3872; x_wconf 30' lang='lat'><em>¹</em></span> 
     </span>
     <span class='ocr_line' id='line_1_36' title="bbox 308 3895 1513 3976; baseline 0 -20"><span class='ocrx_word' id='word_1_363' title='bbox 308 3897 379 3958; x_wconf 89' lang='lat' dir='ltr'><strong>ltem</strong></span> <span class='ocrx_word' id='word_1_364' title='bbox 408 3899 561 3976; x_wconf 86' lang='lat' dir='ltr'><strong>quaeritur</strong></span> <span class='ocrx_word' id='word_1_365' title='bbox 593 3897 699 3959; x_wconf 90' lang='lat' dir='ltr'><strong>harum</strong></span> <span class='ocrx_word' id='word_1_366' title='bbox 726 3896 899 3968; x_wconf 90' lang='lat' dir='ltr'><strong>mulierum,</strong></span> <span class='ocrx_word' id='word_1_367' title='bbox 929 3916 996 3958; x_wconf 90' lang='lat' dir='ltr'><strong>cum</strong></span> <span class='ocrx_word' id='word_1_368' title='bbox 1025 3897 1119 3960; x_wconf 92' lang='lat' dir='ltr'><strong>isdem</strong></span> <span class='ocrx_word' id='word_1_369' title='bbox 1147 3895 1252 3958; x_wconf 85' lang='lat' dir='ltr'><strong>litteris</strong></span> <span class='ocrx_word' id='word_1_370' title='bbox 1282 3896 1440 3959; x_wconf 88' lang='lat' dir='ltr'><strong>deliniatur</strong></span> <span class='ocrx_word' id='word_1_371' title='bbox 1468 3896 1513 3957; x_wconf 91' lang='lat' dir='ltr'><strong>bic</strong></span> 
     </span>
    </p>
   </div>
   <div class='ocr_carea' id='block_1_4' title="bbox 183 3993 1514 4691">
    <p class='ocr_par' dir='ltr' id='par_1_4' title="bbox 184 3993 1514 4486">
     <span class='ocr_line' id='line_1_37' title="bbox 184 3993 1512 4079; baseline 0.004 -23"><span class='ocrx_word' id='word_1_372' title='bbox 184 3999 390 4077; x_wconf 79' lang='lat' dir='ltr'><strong>sagenetivns,</strong></span> <span class='ocrx_word' id='word_1_373' title='bbox 420 3998 529 4079; x_wconf 85' lang='lat' dir='ltr'><strong>quibus</strong></span> <span class='ocrx_word' id='word_1_374' title='bbox 554 4007 583 4061; x_wconf 91' lang='lat' dir='ltr'><strong>et</strong></span> <span class='ocrx_word' id='word_1_375' title='bbox 608 3997 672 4070; x_wconf 89' lang='lat' dir='ltr'><strong>ille,</strong></span> <span class='ocrx_word' id='word_1_376' title='bbox 697 4001 747 4078; x_wconf 91' lang='lat' dir='ltr'><strong>qui</strong></span> <span class='ocrx_word' id='word_1_377' title='bbox 772 3998 809 4059; x_wconf 90' lang='lat' dir='ltr'><strong>ab</strong></span> <span class='ocrx_word' id='word_1_378' title='bbox 837 4000 935 4078; x_wconf 87' lang='lat' dir='ltr'><strong>specie</strong></span> <span class='ocrx_word' id='word_1_379' title='bbox 962 4001 1063 4061; x_wconf 87' lang='lat' dir='ltr'><strong>venire</strong></span> <span class='ocrx_word' id='word_1_380' title='bbox 1091 3993 1250 4079; x_wconf 90' lang='lat' dir='ltr'><strong>probatur,</strong></span> <span class='ocrx_word' id='word_1_381' title='bbox 1279 3998 1400 4079; x_wconf 87' lang='lat' dir='ltr'><strong>quade</strong></span> <span class='ocrx_word' id='word_1_382' title='bbox 1426 4015 1512 4074; x_wconf 70' lang='lat' dir='ltr'><strong>canu</strong></span> 
     </span>
     <span class='ocr_line' id='line_1_38' title="bbox 221 4093 1513 4180; baseline -0.001 -19"><span class='ocrx_word' id='word_1_383' title='bbox 221 4099 378 4162; x_wconf 87' lang='lat' dir='ltr'><strong>muliorum</strong></span> <span class='ocrx_word' id='word_1_384' title='bbox 399 4118 459 4161; x_wconf 93' lang='lat' dir='ltr'><strong>non</strong></span> <span class='ocrx_word' id='word_1_385' title='bbox 475 4099 511 4161; x_wconf 90' lang='lat' dir='ltr'><strong>ab</strong></span> <span class='ocrx_word' id='word_1_386' title='bbox 532 4100 709 4179; x_wconf 88' lang='lat' dir='ltr'><strong>eproducto</strong></span> <span class='ocrx_word' id='word_1_387' title='bbox 731 4102 831 4162; x_wconf 87' lang='lat' dir='ltr'><strong>venire</strong></span> <span class='ocrx_word' id='word_1_388' title='bbox 851 4102 1067 4180; x_wconf 89' lang='lat' dir='ltr'><strong>pronuntietur.</strong></span> <span class='ocrx_word' id='word_1_389' title='bbox 1098 4101 1155 4162; x_wconf 93' lang='lat' dir='ltr'><strong>bac</strong></span> <span class='ocrx_word' id='word_1_390' title='bbox 1175 4101 1212 4162; x_wconf 94' lang='lat' dir='ltr'><strong>de</strong></span> <span class='ocrx_word' id='word_1_391' title='bbox 1232 4117 1330 4169; x_wconf 90' lang='lat' dir='ltr'><strong>causa,</strong></span> <span class='ocrx_word' id='word_1_392' title='bbox 1352 4093 1513 4180; x_wconf 70' lang='lat' dir='ltr'><strong>quoniam!</strong></span> 
     </span>
     <span class='ocr_line' id='line_1_39' title="bbox 221 4201 1514 4283; baseline -0.001 -20"><span class='ocrx_word' id='word_1_393' title='bbox 221 4221 427 4283; x_wconf 89' lang='lat' dir='ltr'><strong>quaecumque</strong></span> <span class='ocrx_word' id='word_1_394' title='bbox 448 4204 568 4264; x_wconf 90' lang='lat' dir='ltr'><strong>nomina</strong></span> <span class='ocrx_word' id='word_1_395' title='bbox 595 4201 632 4264; x_wconf 91' lang='lat' dir='ltr'><strong>ab</strong></span> <span class='ocrx_word' id='word_1_396' title='bbox 655 4222 672 4264; x_wconf 91' lang='lat' dir='ltr'><strong>e</strong></span> <span class='ocrx_word' id='word_1_397' title='bbox 692 4203 838 4282; x_wconf 89' lang='lat' dir='ltr'><strong>producto</strong></span> <span class='ocrx_word' id='word_1_398' title='bbox 867 4205 967 4264; x_wconf 90' lang='lat' dir='ltr'><strong>venire</strong></span> <span class='ocrx_word' id='word_1_399' title='bbox 992 4204 1198 4282; x_wconf 89' lang='lat' dir='ltr'><strong>reperiuntur,</strong></span> <span class='ocrx_word' id='word_1_400' title='bbox 1224 4201 1298 4263; x_wconf 90' lang='lat' dir='ltr'><strong>baec</strong></span> <span class='ocrx_word' id='word_1_401' title='bbox 1321 4219 1358 4262; x_wconf 81' lang='lat' dir='ltr'><strong>ex</strong></span> <span class='ocrx_word' id='word_1_402' title='bbox 1380 4203 1514 4280; x_wconf 82' lang='lat' dir='ltr'><strong>genetivo</strong></span> 
     </span>
     <span class='ocr_line' id='line_1_40' title="bbox 221 4303 1514 4386; baseline -0.001 -20"><span class='ocrx_word' id='word_1_403' title='bbox 221 4322 292 4366; x_wconf 84' lang='lat' dir='ltr'><strong>casu</strong></span> <span class='ocrx_word' id='word_1_404' title='bbox 315 4307 432 4366; x_wconf 90' lang='lat' dir='ltr'><strong>numeri</strong></span> <span class='ocrx_word' id='word_1_405' title='bbox 456 4303 578 4385; x_wconf 88' lang='lat' dir='ltr'><strong>pluralis</strong></span> <span class='ocrx_word' id='word_1_406' title='bbox 602 4323 669 4366; x_wconf 89' lang='lat' dir='ltr'><strong>rum</strong></span> <span class='ocrx_word' id='word_1_407' title='bbox 697 4303 838 4386; x_wconf 72' lang='lat' dir='ltr'><strong>syllabam</strong></span> <span class='ocrx_word' id='word_1_408' title='bbox 867 4305 1006 4365; x_wconf 91' lang='lat' dir='ltr'><strong>omittunt</strong></span> <span class='ocrx_word' id='word_1_409' title='bbox 1033 4312 1062 4366; x_wconf 86' lang='lat' dir='ltr'><strong>et</strong></span> <span class='ocrx_word' id='word_1_410' title='bbox 1084 4303 1242 4365; x_wconf 89' lang='lat' dir='ltr'><strong>ablativum</strong></span> <span class='ocrx_word' id='word_1_411' title='bbox 1271 4320 1373 4364; x_wconf 87' lang='lat' dir='ltr'><strong>casum</strong></span> <span class='ocrx_word' id='word_1_412' title='bbox 1399 4303 1514 4365; x_wconf 87' lang='lat' dir='ltr'><strong>numeri</strong></span> 
     </span>
     <span class='ocr_line' id='line_1_41' title="bbox 222 4405 1512 4486; baseline -0.002 -17"><span class='ocrx_word' id='word_1_413' title='bbox 222 4407 378 4486; x_wconf 84' lang='lat' dir='ltr'><strong>singularis</strong></span> <span class='ocrx_word' id='word_1_414' title='bbox 399 4408 568 4468; x_wconf 88' lang='lat' dir='ltr'><strong>ostendunt.</strong></span> <span class='ocrx_word' id='word_1_415' title='bbox 597 4424 675 4469; x_wconf 91' lang='lat' dir='ltr'><strong>nunc</strong></span> <span class='ocrx_word' id='word_1_416' title='bbox 694 4408 719 4468; x_wconf 85' lang='lat' dir='ltr'><strong>si</strong></span> <span class='ocrx_word' id='word_1_417' title='bbox 733 4406 891 4468; x_wconf 90' lang='lat' dir='ltr'><strong>mulierum</strong></span> <span class='ocrx_word' id='word_1_418' title='bbox 911 4424 978 4467; x_wconf 91' lang='lat' dir='ltr'><strong>rum</strong></span> <span class='ocrx_word' id='word_1_419' title='bbox 997 4405 1138 4486; x_wconf 77' lang='lat' dir='ltr'><strong>syllabam</strong></span> <span class='ocrx_word' id='word_1_420' title='bbox 1158 4408 1281 4475; x_wconf 89' lang='lat' dir='ltr'><strong>omittat,</strong></span> <span class='ocrx_word' id='word_1_421' title='bbox 1301 4406 1512 4485; x_wconf 79' lang='lat' dir='ltr'><strong>numquidnam</strong></span> 
     </span>
    </p>

    <p class='ocr_par' dir='ltr' id='par_1_5' title="bbox 183 4505 1513 4691">
     <span class='ocr_line' id='line_1_42' title="bbox 183 4505 1513 4587; baseline 0.002 -22"><span class='ocrx_word' id='word_1_422' title='bbox 183 4508 379 4572; x_wconf 81' lang='lat' dir='ltr'><strong>anablatirnm</strong></span> <span class='ocrx_word' id='word_1_423' title='bbox 402 4526 502 4571; x_wconf 88' lang='lat' dir='ltr'><strong>casum</strong></span> <span class='ocrx_word' id='word_1_424' title='bbox 531 4511 647 4570; x_wconf 88' lang='lat' dir='ltr'><strong>numeri</strong></span> <span class='ocrx_word' id='word_1_425' title='bbox 669 4509 781 4572; x_wconf 84' lang='lat' dir='ltr'><strong>scilicet</strong></span> <span class='ocrx_word' id='word_1_426' title='bbox 801 4506 957 4587; x_wconf 83' lang='lat' dir='ltr'><strong>singularis</strong></span> <span class='ocrx_word' id='word_1_427' title='bbox 984 4509 1183 4570; x_wconf 84' lang='lat' dir='ltr'><strong>demonstrati</strong></span> <span class='ocrx_word' id='word_1_428' title='bbox 1218 4515 1246 4568; x_wconf 89' lang='lat' dir='ltr'><strong>et</strong></span> <span class='ocrx_word' id='word_1_429' title='bbox 1267 4507 1335 4569; x_wconf 89' lang='lat' dir='ltr'><strong>ideo</strong></span> <span class='ocrx_word' id='word_1_430' title='bbox 1357 4505 1513 4568; x_wconf 83' lang='lat' dir='ltr'><strong>mulierum</strong></span> 
     </span>
     <span class='ocr_line' id='line_1_43' title="bbox 221 4609 1087 4691; baseline -0.002 -19"><span class='ocrx_word' id='word_1_431' title='bbox 221 4609 259 4672; x_wconf 89' lang='lat' dir='ltr'><strong>ab</strong></span> <span class='ocrx_word' id='word_1_432' title='bbox 279 4631 296 4672; x_wconf 86' lang='lat' dir='ltr'><strong>e</strong></span> <span class='ocrx_word' id='word_1_433' title='bbox 316 4619 463 4691; x_wconf 88' lang='lat' dir='ltr'><strong>correpto,</strong></span> <span class='ocrx_word' id='word_1_434' title='bbox 484 4629 542 4671; x_wconf 93' lang='lat' dir='ltr'><strong>non</strong></span> <span class='ocrx_word' id='word_1_435' title='bbox 563 4611 600 4672; x_wconf 90' lang='lat' dir='ltr'><strong>ab</strong></span> <span class='ocrx_word' id='word_1_436' title='bbox 623 4632 640 4690; x_wconf 86' lang='lat' dir='ltr'><strong>e</strong></span> <span class='ocrx_word' id='word_1_437' title='bbox 659 4612 803 4691; x_wconf 89' lang='lat' dir='ltr'><strong>producto</strong></span> <span class='ocrx_word' id='word_1_438' title='bbox 825 4611 926 4672; x_wconf 89' lang='lat' dir='ltr'><strong>venire</strong></span> <span class='ocrx_word' id='word_1_439' title='bbox 947 4609 1087 4673; x_wconf 88' lang='lat' dir='ltr'><strong>declarat.</strong></span> 
     </span>
    </p>
   </div>
   <div class='ocr_carea' id='block_1_5' title="bbox 293 4821 1384 4891">
    <p class='ocr_par' dir='ltr' id='par_1_6' title="bbox 293 4821 1384 4891">
     <span class='ocr_line' id='line_1_44' title="bbox 293 4821 1384 4891; baseline -0.004 -14"><span class='ocrx_word' id='word_1_440' title='bbox 293 4823 325 4877; x_wconf 85' lang='lat' dir='ltr'><strong>lo</strong></span> <span class='ocrx_word' id='word_1_441' title='bbox 343 4824 510 4876; x_wconf 84' lang='lat' dir='ltr'><strong>tractabimus</strong></span> <span class='ocrx_word' id='word_1_442' title='bbox 526 4841 542 4874; x_wconf 87' lang='lat' dir='ltr'><strong>r</strong></span> <span class='ocrx_word' id='word_1_443' title='bbox 558 4825 722 4875; x_wconf 77' lang='lat' dir='ltr'><strong>tractabimus</strong></span> <span class='ocrx_word' id='word_1_444' title='bbox 740 4825 790 4875; x_wconf 81' lang='lat' dir='ltr'><strong>RB</strong></span> <span class='ocrx_word' id='word_1_445' title='bbox 858 4823 892 4877; x_wconf 81' lang='grc'><strong>36</strong></span> <span class='ocrx_word' id='word_1_446' title='bbox 910 4825 1087 4891; x_wconf 87' lang='lat' dir='ltr'><strong>pronuntietur</strong></span> <span class='ocrx_word' id='word_1_447' title='bbox 1102 4839 1119 4873; x_wconf 81' lang='lat' dir='ltr'><strong>a·</strong></span> <span class='ocrx_word' id='word_1_448' title='bbox 1136 4824 1314 4889; x_wconf 83' lang='lat' dir='ltr'><strong>pronuntietur</strong></span> <span class='ocrx_word' id='word_1_449' title='bbox 1332 4821 1384 4874; x_wconf 78' lang='lat' dir='ltr'><strong>tw</strong></span> 
     </span>
    </p>
   </div>
   <div class='ocr_carea' id='block_1_6' title="bbox 0 0 1670 5506">
    <p class='ocr_par' dir='ltr' id='par_1_7' title="bbox 0 0 1670 5506">
     <span class='ocr_line' id='line_1_45' title="bbox 0 0 1670 5506; baseline 0 0"><span class='ocrx_word' id='word_1_450' title='bbox 0 0 1670 5506; x_wconf 95' lang='lat' dir='ltr'><strong> </strong></span> 
     </span>
    </p>
   </div>
  </div>
 </body>
</html>
