3346 5506
521 378 727 442 uxrtartlr.
751 377 789 438 IN
813 376 991 439 nontuvat
1015 376 1085 439 Llll.
1109 375 1133 437 11

236 485 251 529 r.
265 488 296 529 ra
311 486 349 528 11·
362 485 403 526 eor
424 485 475 526 nv.

667 631 715 693 llll
737 631 980 696 SOLOEClSMO.

268 767 466 831 Soloecismus
488 773 532 828 est
553 768 648 828 oratio
670 768 844 829 inordinatis
871 767 1049 830 dictionibus
1069 770 1211 829 instructa
1234 775 1336 828 contra
1358 775 1469 828 rectam

186 871 323 952 loquendi
346 869 598 932 consuetudinem.
631 871 709 930 iuter
737 869 951 931 barbarismum
975 878 1006 930 ct
1031 868 1236 930 soloecismum
1260 869 1317 929 hoc
1338 870 1469 937 interest,

186 973 262 1054 quod
285 972 486 1034 barbarismus
508 973 539 1031 in
561 970 684 1050 singulis
706 971 802 1032 uerbis
830 972 862 1032 lit
889 979 919 1032 et
947 973 977 1032 in
1000 989 1185 1051 quocumque
1208 970 1312 1032 ordine
1332 967 1345 1054 1]
1367 979 1469 1031 contra

186 1092 298 1136 morem
320 1074 499 1140 Latinitatis:
522 1071 713 1134 soloecismus
735 1081 848 1144 autem,
872 1073 989 1153 quando
1011 1072 1212 1153 discrepantes
1226 1073 1304 1133 inter
1319 1090 1351 1132 se
1367 1071 1497 1132 dictio-s

145 1197 147 1199 ·
187 1195 237 1237 nes
259 1174 357 1237 babet.
401 1176 475 1236 liunt
496 1183 594 1237 autam
617 1174 783 1236 soloecismi
804 1194 866 1254 per¹
881 1192 983 1236 omnes
1005 1182 1104 1255 partes
1126 1177 1268 1235 orationis
1291 1183 1340 1236 aut
1362 1193 1415 1252 per
1438 1194 1470 1235 ea

186 1296 259 1358 quaa
273 1277 412 1339 accidunt
425 1275 557 1358 partibus
578 1277 728 1338 orationis.
766 1295 820 1356 per
843 1278 962 1339 nomina
984 1278 1057 1338 bunt
1078 1276 1257 1347 soloecismi,
1280 1295 1346 1338 cum
1370 1279 1471 1336 autin

186 1377 375 1459 qualitatibus
402 1396 505 1440 eorum
533 1385 674 1458 peccatur
702 1384 753 1439 aut
780 1379 810 1439 in
838 1378 997 1458 generibus
1018 1388 1069 1440 aut
1089 1381 1120 1440 in
1142 1377 1401 1457 cooperationibus
1424 1386 1473 1439 ant

186 1482 216 1542 ia
238 1482 373 1542 numeris
394 1489 445 1542 aut
466 1483 497 1541 in
519 1478 645 1542 casibus.
689 1498 743 1560 per
766 1479 919 1561 qualitates
941 1482 1013 1542 liunt
1036 1479 1216 1549 soloecismi,
1239 1488 1271 1541 ut

337 1582 490 1643 hauriat
511 1582 607 1643 hunc
628 1579 750 1644 oculis
771 1583 894 1660 ignem
917 1581 1083 1644 crudelis
1105 1581 1147 1643 ab
1169 1581 1245 1643 alto
1325 1659 1329 1670 Ι
1457 1586 1510 1632 ⁸¹⁰

338 1683 542 1745 Dardanus:

187 1785 340 1848 bardanus
367 1785 441 1846 dixit
467 1803 522 1865 pro
551 1785 728 1854 Dardanium
757 1785 859 1847 debuit
886 1787 963 1846 enim
994 1804 1009 1846 a
1033 1785 1169 1846 Dardano
1191 1785 1341 1846 dirivative
1364 1783 1474 1845 Darda·

188 1889 269 1950 nium
295 1886 411 1949 dicere:
440 1888 593 1968 proprium
622 1887 720 1967 posuit
746 1905 802 1967 pro
837 1885 1021 1967 appellativo.
1065 1888 1122 1947 boc
1149 1895 1194 1947 est
1220 1904 1274 1967 per
1303 1886 1472 1967 qualitatem
1558 1876 1561 1883 ’

188 1988 287 2051 iacere
308 1987 523 2051 soloecismum.
568 2006 622 2069 per
644 2006 768 2068 genera,
791 1990 868 2051 sicut
888 1989 966 2069 apud
988 1988 1115 2049 Ennium

337 2091 404 2153 llia
426 2091 484 2152 dia
507 2109 621 2170 nepos
643 2109 731 2171 quas
753 2108 924 2152 erumnas
945 2089 1128 2161 tetulisti,
1448 2094 1452 2102 '
1487 2103 1512 2143 ¹⁵

188 2210 241 2272 pro
263 2194 375 2272 neptis:
399 2201 428 2254 et
449 2192 527 2273 apud
549 2192 706 2253 Pacuvium

218 2357 226 2376 ‚
338 2293 1475 2374 quistues,mulier,quaemeinsuetonuucupastinomine?

188 2413 241 2475 pro
269 2413 343 2476 quae
370 2396 436 2476 quis
463 2394 551 2456 dixit:
587 2394 781 2456 mascnlinum
810 2413 866 2475 pro
894 2396 1036 2481 feminino
1064 2397 1170 2474 posuit.
1215 2413 1268 2476 per
1290 2397 1475 2474 conparatio·

188 2512 255 2559 nem
277 2499 339 2567 sic,
426 2517 429 2523 ·

339 2598 544 2679 respondit
565 2598 655 2660 luno
678 2599 855 2660 Saturnia
877 2607 1002 2660 sancta
1025 2598 1195 2669 dearum,
1487 2609 1513 2650 ²⁰

189 2719 243 2780 pro
264 2701 462 2770 sanctissima,
491 2703 559 2780 quia
587 2698 781 2778 superlativus
808 2701 935 2779 genitivo
957 2699 1065 2781 plurali
1086 2699 1290 2779 subiungitur:
1320 2702 1474 2780 positivum

190 2819 242 2881 pro
268 2798 446 2881 superlativo
475 2803 581 2881 posuit.
627 2800 697 2882 [per
723 2811 822 2882 partes
850 2803 993 2864 orationis
1019 2803 1092 2863 liunt
1119 2801 1300 2870 soloecismi,
1329 2820 1396 2862 cum
1420 2801 1474 2863 alia

191 2920 243 2982 pro
269 2900 326 2965 alia
354 2904 488 2981 ponitur,
518 2911 551 2964 ut
579 2908 819 2985 ‘torvumque
847 2912 1002 2984 repente
1033 2903 1203 2964 clamat':
1241 2902 1327 2964 aliam
1361 2911 1474 2983 partem

194 3019 249 3081 pro
271 3002 326 3065 alia
349 3006 461 3082 posuit,
486 3022 593 3064 nomen
616 3023 671 3083 pro
694 3005 833 3066 adverbio
855 3006 966 3086 posuit;
990 3014 1103 3066 torvum
1127 3007 1205 3064 enim
1222 3004 1294 3064 dixit
1309 3022 1363 3083 pro
1379 3003 1476 3085 torve]

191 3122 242 3184 per
265 3123 422 3167 numerum
445 3107 487 3167 sic
509 3106 582 3166 liunt
604 3104 783 3176 soloecismi,
1488 3117 1513 3158 ²⁵

341 3224 415 3281 ros,
438 3225 455 3267 o
478 3204 660 3286 Calliope,
683 3224 817 3287 precor
839 3207 1033 3288 adspirate
1055 3210 1222 3270 canenti:

191 3305 332 3387 pluralem
355 3309 455 3389 posuit
475 3327 530 3390 pro
551 3305 702 3387 singulari.
747 3327 801 3389 per
823 3326 907 3368 casus
928 3309 987 3380 sic,

646 3428 748 3490 quem
772 3428 837 3470 nou
859 3409 950 3471 adeo
972 3409 1126 3471 virtutis
1148 3419 1324 3489 egentem

341 3509 499 3573 abstulit
520 3519 598 3573 atra
622 3510 699 3572 dies
721 3519 757 3572 et
778 3511 914 3571 iuuere
936 3511 1068 3571 mersit
1089 3511 1241 3572 acerbo:

192 3609 246 3673 linc
269 3611 413 3691 Vergilius
440 3613 472 3673 in
494 3612 546 3681 111,
575 3615 732 3691 garritivum
762 3629 816 3691 pro
844 3610 969 3673 ablativo
997 3613 1103 3691 posuit.
1147 3630 1201 3690 per
1224 3612 1311 3674 verba
1335 3614 1406 3674 liunt
1429 3633 1475 3674 so·
1490 3624 1515 3665 ³0

192 3712 336 3784 loccismi,
360 3732 425 3776 cum
450 3721 499 3775 aut
520 3715 550 3775 iu
572 3714 731 3793 generibus
753 3733 855 3776 eorum
878 3720 1017 3794 peccatur
1039 3722 1089 3773 aut
1111 3715 1138 3773 in
1162 3713 1257 3774 modis
1279 3724 1328 3776 aut
1350 3716 1379 3775 in
1404 3724 1475 3776 tern-

191 3815 313 3895 pnribus
334 3821 384 3876 aut
405 3817 435 3876 in
458 3818 602 3896 personis.
646 3835 700 3897 per
722 3833 831 3895 genera
854 3815 1012 3901 verborum
1035 3815 1109 3876 liunt
1130 3814 1310 3888 soloecismi,
1338 3819 1414 3879 sicut

194 4070 237 4122 olli
254 4070 392 4136 aliqnando
410 4073 513 4135 ponitur
526 4086 573 4138 pro
590 4083 649 4122 tunc
665 4071 702 4121 itti
718 4072 765 4137 (cs.
776 4072 850 4124 sm.
864 4075 891 4122 tn
906 4072 985 4134 Vero.
999 4070 1067 4123 Aen.
1088 4072 1097 4120 l
1116 4070 1189 4133 254),
1209 4080 1236 4120 ut
1250 4072 1314 4123 ‘olli
1332 4075 1421 4124 sedato
1438 4089 1477 4124 re·

192 4142 296 4208 spondit
314 4142 390 4191 corde
409 4141 514 4199 latium,
536 4142 631 4208 (Verp.
649 4143 714 4194 Aen.
732 4141 794 4198 xu,
815 4141 870 4203 18).
896 4141 1025 4207 pernicies
1046 4142 1160 4192 scribunt
1183 4143 1285 4206 inperiti
1306 4151 1331 4193 et
1352 4143 1477 4194 iaciuntc

193 4213 334 4278 (geminum
349 4211 411 4260 add.
430 4212 456 4260 in
471 4212 564 4276 nrorp.)
579 4228 629 4276 quo
647 4211 722 4261 modo
740 4213 793 4277 pati
813 4220 838 4260 et
856 4227 869 4260 s
887 4211 964 4275 satier
979 4210 1055 4275 (sort.
1076 4225 1125 4272 qun
1154 4212 1228 4261 modo
1251 4215 1351 4278 species
1373 4213 1477 4277 iacies).

192 4280 293 4332 feruere
310 4280 431 4345 corripuit
455 4296 502 4340 ue,
521 4295 585 4344 qnae
610 4280 758 4332 naturaliter
781 4280 858 4346 longa
882 4289 929 4332 est.
956 4305 986 4317 -
1011 4281 1118 4331 conlislo
1137 4281 1244 4330 barbara
1260 4284 1433 4347 pronuntiatio
1451 4295 1478 4333 nt

193 4350 338 4403 inconditae
358 4349 492 4413 loquellam
511 4351 633 4404 ellundat.
671 4350 706 4400 De
725 4350 876 4401 soloecismo
896 4351 919 4400 t
937 4347 972 4415 (s,
991 4351 1037 4412 72>
1123 4350 1156 4401 tu
1178 4350 1288 4418 hauriat]
1314 4354 1390 4419 Verp.
1411 4353 1474 4407 Aea.

194 4419 304 4473 1111661
380 4417 482 4486 161111]
504 4419 555 4469 alia
573 4420 613 4470 t.-
630 4421 665 4482 rs.
686 4420 753 4471 Ena
769 4422 855 4473 oanni,
875 4436 897 4473 n.
913 4418 947 4471 66
963 4420 1002 4469 ed
1021 4419 1095 4472 Vati.
1117 4419 1216 4474 enarra.
1235 4423 1310 4484 ctio
1380 4422 1413 4473 16
1432 4437 1478 4487 pro

193 4491 294 4557 uaporis
310 4499 337 4540 ut
355 4496 417 4555 aput
434 4490 622 4555 paconiumh:
641 4490 676 4552 ef
692 4491 772 4542 Diona.
788 4505 817 4553 p.
831 4490 884 4543 449
954 4490 986 4540 17
1004 4488 1071 4557 cs]
1066 4505 1088 4539 rs
1102 4491 1126 4540 L
1197 4493 1347 4559 nuncupasti
1367 4507 1413 4558 pro
1431 4505 1476 4544 uo·

193 4595 260 4644 ruina
278 4608 342 4657 qnae
362 4593 387 4642 L
454 4567 1036 4660 1011111111111ιοῖεωῖ11111111κ
1052 4593 1155 4644 dearum
1172 4594 1478 4648 6161111.α1111111.165

192 4665 234 4718 ed
254 4662 330 4715 Vati.
414 4665 448 4713 22
466 4680 511 4729 per
530 4673 615 4729 partes
632 4691 666 4700 ·-
685 4666 718 4717 ut
737 4679 782 4731 pro
805 4672 885 4727 torve,
909 4677 974 4728 puae
988 4678 1110 4727 perverso
1131 4665 1221 4716 ordina
1237 4668 1304 4717 brter
1322 4665 1480 4717 abactas·

192 4735 386 4799 1111111111,ᾳυί
398 4748 447 4796 per
462 4735 601 4784 occidentia
614 4736 686 4797 fluat,
697 4737 780 4798 posita
798 4739 863 4795 111111,
881 4739 926 4783 aut
942 4747 978 4784 eu
994 4733 1151 4785 Donatobac
1166 4736 1241 4784 ure

191 4819 216 4855 1.
225 4806 315 4869 ipoct
329 4804 442 4869 partibus
460 4804 582 4855 orationis
600 4807 655 4855 otr‘nr
676 4805 776 4868 scripta
794 4811 868 4854 eram
921 4802 978 4857 66
995 4800 1157 4870 1111111111·-Τ

261 4870 366 4940 26111]
388 4874 469 4938 Vera.
486 4873 550 4925 Aea.
566 4874 636 4924 vnn
653 4876 706 4927 dtu
773 4872 913 4942 1811111]
933 4874 1113 4943 Vama..
