3314 5506
550 370 745 431 ln'srtrvrt
765 369 907 432 tnrrvnr
930 370 1096 431 437-le
1409 366 1467 432 119

227 499 247 537 p.
263 485 307 525 2³8.
318 486 346 527 ³8
359 485 386 526 R.
1249 500 1270 539 p.
1284 487 1373 532 etr-29
1389 486 1414 526 V.

182 557 253 617 talia.
299 558 370 618 item
402 567 471 618 sunt
502 560 634 624 nomina,
669 575 744 635 (puae
767 576 804 615 an
827 555 938 617 litteras
965 564 994 639 et
1021 559 1049 617 in
1073 578 1090 615 o
1118 567 1303 625 convertant,
1337 566 1368 618 ut
1397 565 1464 636 puta

179 659 268 720 cauda
292 668 319 720 et
342 659 416 720 coda
437 668 466 719 et
488 667 585 719 cetera
608 657 684 719 talia.
728 660 798 718 item
821 666 890 718 sunt
911 661 1044 728 nornine,
1074 679 1148 738 «perae
1172 661 1180 718 ι
1203 660 1329 719 litteram
1351 668 1380 719 et
1399 661 1465 719 ine

178 761 301 822 litteram
323 770 511 829 convertant,
542 769 573 821 nt
596 768 664 838 puta
685 759 836 820 malivolus
860 767 888 821 ot
914 760 1074 822 malevolus
1101 772 1131 822 et
1153 743 1250 821 cetera
1274 761 1349 821 talia.
1396 762 1463 821 item

177 866 393 933 suntnomina,
414 882 529 941 quaen
552 863 646 924 littera
670 861 736 941 plus
758 861 934 932 scribantur,
958 870 990 923 ut
1013 871 1081 940 puta
1104 881 1177 942 equs
1200 871 1229 925 et
1251 880 1345 941 equus
1366 869 1395 922 et
1416 880 1466 923 ce·

177 976 235 1026 tera
257 965 338 1027 talia.
383 967 451 1026 item
474 973 543 1025 svrnt
563 966 690 1032 nomina,
713 983 789 1043 quae
810 982 828 1024 o
848 942 944 1024 littera
967 964 1033 1042 plus
1052 965 1230 1033 scribantur,
1254 973 1286 1025 ut
1306 972 1376 1043 puta
1392 983 1462 1043 qum
1490 991 1502 1029 s

177 1077 203 1129 et
221 1086 316 1149 quom
339 1075 368 1127 et
384 1075 480 1128 cetera
496 1066 573 1128 talia.
604 1069 672 1132 item
695 1075 764 1126 snnt
785 1067 912 1133 nomina.
936 1084 1012 1145 (pirae
1033 1068 1041 1126 ι
1062 1066 1187 1127 litteram
1211 1073 1239 1126 ct
1257 1069 1286 1126 in
1305 1064 1469 1135 ulitteravn

167 1177 365 1241 ‚convertant
396 1176 518 1247 utputa
543 1170 720 1247 mancipium
744 1175 774 1229 et
795 1170 985 1246 mancupium
1009 1175 1037 1228 et
1059 1177 1154 1229 cetera
1177 1167 1253 1228 talia.
1298 1170 1368 1229 item
1399 1173 1467 1228 sunt

178 1271 332 1340 vocabula,
363 1289 438 1350 quae
460 1289 476 1330 e
499 1269 625 1330 litteram
650 1280 678 1331 et
700 1273 768 1331 inu
792 1270 918 1330 litteram
945 1277 1130 1339 convertam,
1161 1278 1193 1330 ut
1214 1278 1282 1348 puta
1307 1257 1467 1346 capiendus

178 1371 389 1451 etcapiundus
411 1381 441 1434 et
461 1380 559 1433 cetera
584 1371 662 1433 talia.
707 1373 775 1433 item
804 1380 874 1433 sunt
895 1372 1029 1441 nomina,
1059 1391 1133 1450 qnae
1156 1390 1173 1431 e
1195 1370 1319 1432 litteram
1349 1376 1379 1451 et
1399 1373 1467 1440 ino
1548 1395 1550 1399 ⁷

176 1473 300 1537 htteram
331 1482 517 1542 convertant,
549 1483 580 1534 nt
609 1482 677 1551 puta
703 1475 843 1535 adversus
867 1481 897 1534 et
924 1474 1065 1534 advorsus
1093 1481 1122 1533 et
1148 1481 1246 1534 cetera
1276 1472 1351 1533 talia.
1395 1471 1465 1546 item
1483 1497 1506 1537 ro

177 1586 240 1638 sunt
262 1577 395 1644 nomina,
416 1595 525 1654 quaen
546 1575 671 1636 litteram
693 1577 835 1643 omittant,
857 1582 889 1637 ut
908 1584 977 1655 puta
1000 1576 1131 1637 seculum
1150 1582 1179 1636 et
1194 1571 1306 1636 'seclum
1323 1583 1353 1636 et
1368 1582 1468 1635 cetero

178 1684 255 1740 talin.
272 1675 286 1763 ΙΙ
303 1680 374 1740 item
395 1686 464 1740 sunt
487 1678 617 1745 nomina,
642 1696 718 1757 quae
738 1696 756 1737 u
779 1676 905 1739 litteram
928 1686 957 1738 et
978 1666 1067 1738 irt‘oe
1092 1677 1205 1738 litteras
1227 1684 1412 1744 convertant,
1436 1681 1468 1735 ut

178 1790 240 1860 pota
263 1799 423 1843 nrnrorum
444 1788 472 1841 et
494 1797 664 1845 moerorum
689 1788 718 1839 et
741 1787 839 1840 cetera
859 1780 937 1841 talia.
981 1798 1060 1840 nrrnc
1078 1780 1232 1859 quoniam,
1257 1797 1333 1858 qnae
1352 1777 1467 1839 litterae

179 1885 382 1947 subducantur
401 1881 446 1943 rel
468 1901 544 1962 cprree
565 1882 737 1951 adiciantur,
758 1901 814 1942 nec
835 1900 894 1942 non
918 1889 946 1942 et
967 1884 996 1942 in
1019 1899 1091 1961 quas
1111 1881 1224 1941 litteras
1250 1886 1466 1944 convertantur,

179 1987 454 2053 tenonsuavimus,
488 1989 517 2043 et
544 1983 609 2043 ideo
636 1983 692 2044 hoc
715 2001 882 2052 monemus,
915 1991 946 2043 nt
973 2001 1047 2061 quae
1076 1983 1119 2044 vel
1141 1992 1213 2062 quot
1245 1985 1304 2042 sint
1337 1984 1504 2051 nominare

180 2109 247 2169 quae
270 2088 350 2149 haec
377 2088 475 2148 lacere
502 2086 630 2163 possint,
659 2084 716 2146 lroc
747 2087 776 2145 in
805 2085 1015 2164 orthographia
1045 2092 1235 2164 conpetenter
1264 2093 1390 2144 tractare
1416 2084 1466 2144 de·

184 2190 309 2252 beamus.
611 2266 613 2271 Ι

256 2293 334 2354 Sunt
353 2290 487 2357 nomina,
509 2308 584 2367 quae
605 2307 669 2349 rem
688 2288 842 2351 animalem
863 2290 1042 2367 significant,
1070 2297 1104 2350 ut
1126 2276 1195 2367 puta
1218 2288 1306 2348 borno
1329 2287 1376 2348 leo
1394 2305 1467 2376 eqrrs
1494 2276 1496 2281 ’

186 2413 276 2473 passer
304 2401 336 2454 et
358 2402 457 2452 cetera
478 2391 562 2459 talia,
593 2409 667 2469 (puae
694 2392 821 2451 animam
854 2391 966 2453 babere
994 2376 1190 2470 reperiantur.
1235 2399 1304 2451 sunt
1338 2391 1466 2458 nemina,

187 2517 251 2572 «puae
272 2514 339 2557 rem
367 2492 554 2595 inaninvplern
581 2494 759 2570 significant,
789 2500 914 2583 utputa
940 2492 1015 2573 lapis
1043 2494 1148 2553 domus
1169 2491 1282 2569 lignum
1310 2500 1340 2552 et
1366 2499 1504 2555 ceteram

190 2597 252 2666 talia,
274 2616 360 2676 quae,
373 2598 501 2656 animam
524 2613 581 2655 non
604 2594 715 2655 habere
736 2596 931 2674 reperiantur.
975 2603 1045 2657 sunt
1065 2598 1194 2663 nomina,
1218 2613 1293 2674 quae
1315 2612 1378 2655 rem
1401 2612 1466 2654 cor·

191 2700 306 2776 poralem
326 2698 500 2777 significent,
521 2704 553 2758 ut
576 2704 645 2774 puta
669 2704 748 2762 terra
770 2699 851 2758 navis
872 2716 955 2759 mare
977 2707 1005 2759 et
1027 2705 1124 2758 cetera
1148 2696 1231 2765 talia,
1256 2715 1333 2778 quae
1356 2713 1467 2774 corpus

194 2801 286 2864 babere
308 2801 506 2879 reperiantur.
551 2806 620 2859 sunt
641 2801 776 2866 nomina,
808 2817 883 2880 quae
905 2818 969 2861 rem
991 2799 1207 2879 incorporalem
1232 2799 1412 2878 significant,
1435 2804 1467 2857 ut

197 2912 250 2980 peta
269 2906 364 2983 pietas
385 2903 492 2963 iustitia
514 2899 599 2961 dolor
620 2908 651 2960 et
672 2906 770 2961 cetera
792 2905 875 2971 totio,
899 2920 976 2981 qnae
999 2909 1066 2962 sunt
1086 2900 1293 2980 incorporalia,
1316 2908 1348 2961 ut
1368 2917 1466 2978 gram-

200 3007 275 3067 metet
293 3012 406 3084 putant.
451 3010 519 3064 sunt
542 3004 676 3070 nomina,
707 3021 782 3081 qnae
801 3022 863 3063 rem
890 3006 1010 3083 proprie
1032 3007 1264 3065 communiterve
1285 2989 1463 3081 signiticaret:
1478 3020 1514 3062 ιι·

203 3111 307 3184 proprie,
328 3117 362 3168 ut
382 3113 453 3186 puta
474 3104 567 3188 lloma
587 3103 703 3165 Tiberis
723 3104 967 3181 Diocletianaeflet
988 3113 1084 3167 cetera
1104 3106 1187 3174 talia;
1211 3105 1414 3173 communiter,
1435 3112 1467 3164 ut

206 3216 254 3282 pta
272 3209 340 3270 urbs
364 3209 474 3270 llumen
496 3206 630 3267 thermae
652 3213 682 3266 et
704 3216 801 3267 cetera
824 3191 900 3269 talia.
930 3216 1001 3270 sunt
1022 3210 1141 3269 nomina
1162 3207 1323 3286 generalia,
1344 3214 1464 3285 utputa

208 3305 270 3370 bono
290 3313 349 3374 aris
366 3309 457 3371 arbor
476 3316 506 3370 et
526 3315 624 3369 cetera
643 3307 719 3369 talia.
764 3317 832 3369 sunt
855 3311 974 3370 nomina
994 3309 1155 3391 speciallia,
1179 3319 1211 3370 ut
1234 3316 1303 3388 puta
1325 3308 1395 3369 Cato
1415 3327 1465 3367 co·

210 3405 281 3475 haba
306 3415 393 3492 pinus
422 3419 452 3472 et
478 3420 576 3485 cetera
604 3409 681 3470 talia.
726 3417 794 3471 sunt
822 3413 939 3472 nomina
969 3413 1104 3490 propria,
1135 3412 1163 3471 id
1192 3419 1237 3473 est
1266 3411 1389 3471 deornm
1420 3409 1465 3469 vel

210 3505 338 3584 brunon,
361 3514 469 3595 quibus
490 3519 640 3575 necantur.
680 3520 749 3572 sunt
771 3515 888 3573 nomina
911 3513 1093 3592 appellativa,
1115 3513 1142 3573 id
1166 3520 1210 3573 est
1229 3511 1397 3573 animalium
1419 3511 1463 3572 vel
1477 3530 1502 3569 oo

211 3628 263 3688 tuae
280 3636 309 3679 ex
330 3617 427 3695 aliqua
449 3634 482 3676 re
504 3614 671 3676 bominibus
692 3615 837 3676 accidunt.
882 3611 1003 3694 propria
1022 3616 1172 3676 hominnm
1193 3616 1313 3696 nomina
1335 3617 1365 3675 in
1381 3621 1464 3695 quat-

211 3716 258 3772 ΙΝ
269 3721 372 3796 species
390 3718 567 3784 dividuntur,
585 3734 764 3795 praenomen
779 3736 888 3779 nomen
906 3736 1072 3797 cognomen
1091 3736 1253 3795 agnomen:
1275 3734 1464 3795 praenomen,

141 3855 143 3864 =
212 3819 305 3893 upon
323 3819 459 3889 Publius,
489 3837 596 3880 nomen
620 3819 787 3891 Cornelius,
811 3839 973 3898 cognomen
996 3822 1109 3899 Scipio,
1136 3828 1281 3900 agnomen
1300 3821 1464 3880 Africanus.

212 3924 401 3991 solumina,
430 3941 507 4002 quae
528 3923 633 3984 Graeci
661 3922 721 3981 τῶν
741 3916 816 3999 πρός
837 3945 864 3981 τι
895 3922 1058 4002 appellant,
1088 3923 1118 3983 id
1139 3932 1183 3984 est
1205 3923 1240 3983 ad
1257 3920 1266 4005 ll
1281 3920 1405 4000 aliquid,
1432 3923 1481 3981 ut'

213 4022 352 4100 marato
379 4024 471 4085 frater
495 4031 599 4084 mater.
643 4025 805 4103 iunguntur
837 4027 916 4085 enim
951 4025 1057 4106 quibus
1090 4025 1302 4104 respondeant,
1336 4031 1368 4084 ut
1394 4030 1503 4102 putass

214 4123 273 4188 lbet
287 4124 380 4196 llarci‚
402 4134 497 4187 mater
519 4125 583 4193 Iuli,
609 4125 700 4185 irater
724 4125 862 4187 Victoris:
893 4127 935 4187 sic
957 4135 986 4187 et
1008 4134 1105 4187 cetera
1129 4125 1205 4188 talia.
1250 4134 1318 4186 sunt
1336 4126 1463 4191 nomina,

214 4230 268 4290 ll&
281 4225 380 4290 Graeci
400 4228 464 4288 τῶν
484 4219 559 4306 πρός
580 4227 610 4286 τί
628 4248 691 4298 πως
714 4225 818 4304 ἔχοντα
839 4228 1001 4308 appellant,
1028 4229 1057 4289 id
1079 4224 1181 4290 estad
1207 4227 1314 4313 aliquid
1336 4227 1463 4306 quodam

214 4319 277 4382 *tlt
293 4327 441 4400 habentia,
463 4337 496 4390 ut
518 4338 587 4409 puta
610 4329 758 4392 dexterior
781 4333 916 4409 superior
938 4330 1071 4391 inlerior.
1116 4332 1276 4408 iunguntur
1298 4331 1375 4390 enim
1397 4330 1463 4408 qui·
1536 4386 1539 4393 .

215 4410 255 4478 bne
269 4432 465 4510 respondeant,
496 4438 617 4508 utputa
638 4432 786 4493 dexterior
803 4432 921 4501 oculus,
944 4434 1080 4511 superior
1103 4432 1194 4500 dens,
1217 4432 1339 4491 inlerior
1360 4432 1461 4490 vestis:

241 4558 308 4630 ¹bet
322 4582 397 4629 quom
414 4584 444 4616 ro
463 4577 487 4617 et
505 4582 599 4631 quornm
618 4568 640 4617 lt
725 4568 756 4619 10
775 4576 799 4617 et
817 4578 900 4619 cetera
918 4569 978 4618 telin
995 4583 1040 4617 orn.
1059 4569 1090 4630 n,
1111 4569 1171 4619 odd.
1187 4583 1202 4615 r
1287 4566 1317 4616 ll
1336 4573 1360 4614 et
1378 4573 1462 4615 cetera

217 4617 259 4671 ¹²¹¹*
272 4644 307 4682 Μ
323 4637 358 4688 lto
426 4638 457 4687 12
477 4646 624 4687 convertant
642 4654 655 4687 o
673 4648 822 4688 conuertunt
840 4640 881 4688 Βι·
898 4639 1117 4689 conuertunturlt
1169 4638 1201 4686 et
1221 4636 1281 4685 talin
1298 4650 1342 4685 one.
1362 4634 1411 4684 llll

217 4683 375 4757 ³⁰lllltnalinm
395 4708 434 4757 vel
455 4707 630 4758 inanimalium
649 4715 674 4756 et
692 4723 756 4771 qnae
774 4710 878 4759 coniecit
892 4709 975 4757 editor
990 4706 1189 4757 Vindoboncneie
1241 4704 1273 4755 33
1292 4703 1395 4769 pnplins
1415 4705 1463 4753 llll

266 4765 292 4819 Μ
306 4774 356 4825 205·
374 4768 448 4840 πρὸς
463 4772 491 4825 tl
505 4794 521 4826 r
539 4792 682 4828 ronneocrr
701 4778 726 4827 B
745 4780 869 4843 tonprosti
888 4777 910 4827 ll
1004 4777 1035 4824 3ι
1053 4774 1110 4825 τών
1126 4770 1198 4840 πρὸς
1213 4771 1238 4821 cl
1256 4768 1430 4837 προςὲχοντα
1447 4791 1462 4821 r

219 4836 252 4874 ’θ’
265 4847 317 4894 moe
332 4863 354 4898 τι
373 4862 542 4900 neocrxonrn
560 4847 586 4898 B
604 4858 644 4896 ton
665 4863 725 4912 pros
743 4848 762 4896 ti
782 4863 830 4912 pos
849 4845 972 4897 echomlra
991 4846 1014 4895 Il
