3346 5506
235 388 297 452 208
823 386 938 451 rausi

1324 500 1428 545 .aaa.a
1469 534 1476 546 .

234 574 391 655 syllabam,
421 580 454 633 ut
474 571 578 634 vulnus
600 572 744 645 vulneris,
768 571 855 634 bolus
876 572 996 635 holeris.
1041 572 1133 636 altera
1155 579 1215 644 est,
1243 515 1323 652 quad
1337 502 1475 635 abniditd'r
1496 574 1527 634 iu

234 679 274 738 ris
296 674 436 755 syllabam
458 675 531 746 exit,
559 675 611 736 sed
633 693 652 735 ιι
675 677 705 735 in
728 693 745 735 o
766 681 875 746 mutat,
902 684 935 735 ut
957 693 1061 736 nemus
1090 675 1234 744 nemoris,
1266 672 1367 756 [lepos
1389 672 1526 754 leporis}

234 794 323 856 pecus
344 778 470 854 pecoris,
493 783 596 854 pectus
618 778 762 855 pectoris;
791 776 843 837 sed
866 784 991 856 utraque
1013 773 1123 856 syllaba
1145 782 1293 838 crescunt
1336 776 1527 839 inveniuntur

233 889 330 939 tamen
353 878 378 939 ll
401 879 529 948 nomina,
551 896 626 957 quae
646 877 683 939 ab
702 877 758 938 bac
779 878 892 940 ratione
912 877 1094 947 dissentiant,
1121 877 1209 939 idest
1226 874 1393 955 pelaguset
1410 875 1526 954 vulgus,

207 999 309 1058 equae
331 979 409 1057 apud
430 985 533 1057 poetas
553 978 715 1039 masculino
738 995 849 1056 genere
872 986 1040 1057 ponuntur,
1070 998 1104 1041 ea
1126 980 1258 1049 ratione,
1287 977 1367 1058 quod
1389 978 1526 1057 genetivo

232 1079 373 1159 singulari
396 1082 424 1142 in
448 1082 457 1140 i
478 1088 584 1142 exeant
606 1087 635 1141 et
654 1080 741 1141 huius
764 1081 858 1158 pelagi
880 1079 967 1157 vulgi,
991 1081 1068 1142 sicut
1086 1077 1177 1163 bulbi,
1201 1080 1317 1148 iaciant,
1340 1096 1396 1140 nec
1415 1077 1526 1159 syllaba

233 1190 376 1243 crescant.
420 1182 487 1243 ideo
506 1189 604 1243 autem
625 1180 747 1260 pelagus
770 1181 927 1245 dissentire
950 1181 1079 1252 videtur,
1101 1182 1171 1262 quia
1193 1181 1340 1244 Graecum
1357 1188 1412 1243 est.
1457 1198 1526 1242 nam

233 1282 349 1361 vulgus,
379 1301 445 1344 cum
473 1285 511 1343 sit
537 1283 689 1352 Latinum,
719 1301 779 1343 non
809 1282 897 1345 debet
922 1283 999 1344 inter
1027 1288 1131 1344 neutra
1158 1298 1268 1360 genera
1298 1282 1387 1360 poni;
1421 1280 1527 1344 melius

232 1386 310 1445 enim
334 1385 409 1445 iuter
431 1383 591 1445 masculina
613 1391 788 1463 poneretur:
813 1402 989 1464 quamquam
1004 1383 1151 1462 Vergilius
1171 1390 1200 1446 et
1213 1382 1377 1445 masculino
1400 1385 1526 1462 ‘spar-

195 1504 322 1564 aogere
344 1503 453 1546 voces
480 1486 519 1546 ln
542 1485 688 1562 vulgum
712 1485 923 1564 ambiguas'
955 1493 985 1548 et
1003 1491 1109 1547 neutro
1133 1484 1241 1547 dixerit
1269 1484 1362 1546 ‘tum
1389 1483 1526 1563 vulgus

233 1594 268 1648 et
289 1606 432 1649 omnem
453 1587 582 1648 bliscet
603 1605 719 1666 agens
741 1586 829 1648 telis
849 1605 877 1646 n.
897 1588 916 1647 i.
941 1586 959 1647 1.
983 1591 1027 1656 ι’,
1051 1594 1157 1649 neutro
1180 1588 1250 1648 item
1272 1604 1383 1665 genere

181 1757 185 1765 ,
384 1689 574 1750 scinditur
597 1690 783 1750 incertum
805 1687 925 1750 studia
946 1689 980 1748 in
1003 1688 1198 1749 contraria
1222 1685 1355 1765 vulgus

231 1799 260 1852 ct
665 1792 788 1852 saevit
809 1790 945 1877 animis
964 1789 1135 1869 ignobile
1157 1787 1297 1867 vulgus.

231 1892 267 1953 ad
289 1892 347 1953 boc
369 1910 440 1971 ergo
461 1910 555 1971 genus
577 1893 773 1953 accusativum
793 1889 988 1953 masculinum
1008 1893 1121 1970 posuit,
1143 1908 1204 1951 nou
1227 1897 1381 1951 neutram:
1408 1908 1478 1952 nam
1500 1893 1525 1952 si

193 2018 218 2057 as
231 2002 384 2062 neutrum,
414 1992 463 2054 ilia
491 1995 593 2072 utique
619 1993 734 2054 ratione
756 1992 890 2064 dixisset,
923 1993 1003 2074 quod
1026 1991 1332 2074 nominibusneutris
1354 2001 1416 2053 tres
1437 2012 1525 2055 casus

230 2094 339 2157 similes
371 2097 514 2165 serviant,
551 2104 579 2156 et
611 2095 728 2156 lecisset
761 2093 865 2172 vulgus
897 2112 958 2155 nou
990 2093 1121 2173 vulgum.
1165 2102 1195 2156 et
1216 2091 1371 2157 &ruebas
1394 2094 1526 2157 Severm

231 2215 330 2259 rerum
352 2196 552 2257 Romanarum
575 2194 652 2256 libro
673 2195 687 2257 l
709 2196 780 2257 dixit

634 2297 805 2378 pelagum
828 2305 1056 2378 pontumque
1076 2298 1226 2359 moveri.

230 2402 310 2462 virus
341 2407 438 2461 autem
470 2404 590 2476 aptoton
618 2407 670 2459 est
716 2417 920 2480 quaecumque
949 2401 1069 2461 nomina
1091 2407 1196 2461 neutra
1224 2418 1259 2460 us
1285 2397 1389 2460 litteris
1420 2399 1524 2461 termi-

191 2524 217 2566 ao
231 2510 338 2564 nantur
360 2501 538 2561 nominativo
558 2518 627 2561 casu
644 2500 804 2579 singulari,
832 2503 862 2560 in
886 2503 1023 2578 genetivo
1046 2520 1081 2562 us
1104 2501 1240 2561 amittunt
1267 2506 1369 2562 etant
1394 2509 1525 2562 carate

229 2605 375 2681 recipiunt
403 2609 432 2663 et
459 2603 500 2662 ris
527 2600 638 2682 syllaba
662 2602 817 2681 adsumpta
845 2600 1045 2671 declinantur,
1074 2610 1107 2663 ιιι
1134 2620 1226 2680 pecus
1252 2602 1386 2681 pecoris,
1417 2620 1524 2665 nemus

229 2705 367 2773 nemoris,
390 2701 482 2765 vellus
503 2702 627 2773 velleris,
649 2730 669 2766 s
693 2713 744 2765 aut
762 2705 796 2774 is,
820 2711 853 2764 ιιι
874 2705 969 2765 viscus
991 2704 1121 2772 visceris,
1145 2702 1230 2765 cibus
1250 2702 1369 2765 cibaris.
1384 2700 1398 2786 Ι]

314 2806 421 2868 Ouinia
443 2808 563 2866 nomina
585 2803 709 2883 pluralia
730 2807 758 2867 ia
780 2803 887 2867 litteris
915 2806 1095 2867 nominativo
1114 2805 1196 2865 linita
1221 2806 1388 2883 genetivum
1409 2806 1440 2866 iu
1462 2806 1523 2867 ium

228 2907 368 2988 syllabam
394 2910 526 2979 mittunt,
557 2915 589 2969 ut
616 2909 732 2969 moenia
761 2905 870 2968 llilaria
897 2906 1069 2987 Compitalia
1095 2903 1219 2967 vestalia
1248 2907 1382 2977 comitia,
1411 2907 1522 2968 horum

189 3030 215 3072 aa
231 3011 378 3069 moenium
401 3008 544 3070 Hilarium
568 3008 772 3089 Compitalium
801 3018 830 3070 et
858 3018 965 3070 cetera.
1010 3009 1062 3070 sed
1085 3008 1240 3070 Lucretius
1267 3018 1395 3070 metrum
1423 3017 1523 3070 custo·

228 3110 311 3171 diens
333 3112 475 3170 rationem
499 3111 619 3188 regulae
642 3113 780 3179 excessit,
808 3113 858 3191 qui
885 3112 925 3171 ait
946 3109 1134 3180 anciliorum,
1167 3128 1226 3171 nou
1248 3108 1397 3172 ancilium.
1442 3112 1523 3172 inter

227 3211 300 3272 baec
320 3230 392 3290 crgo
412 3213 530 3272 nomina
551 3212 611 3273 sola
636 3211 744 3273 distant
765 3213 896 3280 comitia,
920 3229 996 3292 quae
1018 3214 1153 3289 genetivo
1175 3211 1281 3291 plurali
1302 3213 1390 3273 missa
1416 3213 1446 3273 in
1471 3231 1522 3274 um

207 3312 287 3374 ἰιοιι
309 3316 364 3374 vim
387 3315 514 3374 nominis
537 3316 630 3392 magis
655 3332 742 3391 tynam
765 3313 822 3375 loci
845 3332 953 3374 nomen
978 3312 1148 3391 adsignant,
1179 3322 1211 3375 ιιι
1230 3314 1336 3375 borum
1356 3315 1521 3384 comitium,

227 3424 256 3475 et
277 3414 373 3476 dativo
394 3413 438 3475 vel
462 3414 586 3477 ablativo
616 3416 661 3476 his
685 3414 854 3484 comitibus,
883 3417 966 3493 quasi
993 3416 1030 3476 de
1056 3417 1185 3494 propriis
1207 3414 1376 3477 nominibus
1401 3414 1522 3477 deliniat

187 3518 408 3595 indignitatem.
453 3526 635 3597 quapropter
660 3517 718 3578 boc
741 3519 796 3577 vim
819 3516 968 3597 quandam
995 3515 1165 3577 nominibus
1188 3517 1361 3578 secretionis
1385 3514 1521 3579 videmur

225 3618 337 3679 inferre
362 3619 391 3677 in
413 3621 547 3696 genetivo
568 3618 691 3698 plurali,
716 3627 748 3680 ut
767 3621 970 3688 comitiorum,
993 3636 1052 3678 non
1074 3619 1225 3680 comitium
1247 3618 1395 3687 dicamus,
1417 3624 1449 3679 et
1469 3637 1519 3679 co·

226 3721 324 3787 mitiis,
346 3738 404 3779 non
428 3720 593 3782 comitibus.
639 3722 743 3782 eodem
765 3721 853 3781 modo
879 3720 988 3781 cibaria
1007 3729 1149 3782 constant.
1183 3721 1207 3778 si
1228 3738 1278 3781 um
1296 3718 1407 3798 syllaba
1428 3738 1518 3798 geue·

226 3822 315 3880 tivum
335 3822 471 3883 finiamus
492 3830 520 3883 et
542 3823 683 3884 iaciamus
705 3822 859 3892 cibarium,
882 3839 940 3882 non
959 3824 1051 3900 ipsius
1074 3823 1201 3884 nominis
1221 3819 1353 3900 regulam
1375 3839 1520 3883 souumre

227 3922 464 4001 complectimur,
493 3944 582 4006 quam
604 3926 697 4003 magis
717 3923 852 3993 alterius,
883 3924 960 4004 quod
984 3932 1029 3986 est
1051 3923 1203 3985 sordidum
1226 3921 1300 4005 [et];
1329 3923 1425 3984 dativo
1449 3939 1520 3985 vero

295 4152 424 4203 blac-iarn
441 4171 455 4203 o
474 4154 570 4203 iaciunt
588 4154 613 4203 B
681 4156 869 4217 iiquomqnam
887 4172 901 4203 a
919 4169 994 4218 qnam
1012 4154 1039 4203 B
1102 4154 1225 4220 nergilius
1243 4152 1385 4203 rnaaculino
1403 4161 1427 4203 et
1443 4152 1470 4203 B

225 4223 360 4288 spargere]
383 4225 462 4288 Verp.
482 4226 547 4274 Aen.
568 4225 641 4275 1198
725 4224 757 4274 10
773 4221 837 4288 tum]
862 4226 940 4288 Verp.
960 4225 1026 4277 Aca.
1047 4225 1055 4272 l
1076 4222 1126 4274 190
1212 4224 1240 4274 11
1261 4237 1335 4274 ouans
1351 4222 1378 4273 B
1450 4238 1475 4273 u.
1493 4236 1515 4271 ι.

227 4292 245 4341 1.
262 4303 280 4341 ι.
297 4293 323 4342 B
377 4293 408 4342 12
424 4291 558 4358 scinditur]
584 4295 662 4358 Varg.
673 4294 738 4345 Aen.
759 4293 828 4345 1139
900 4292 931 4342 13
952 4292 1044 4358 suevit]
1070 4295 1150 4357 Verp.
1163 4293 1229 4344 Aen.
1250 4292 1323 4344 1149
1381 4292 1416 4342 22
1436 4292 1518 4343 vellus

226 4362 336 4428 velleris,
352 4363 437 4411 viscus
456 4364 571 4425 visceris,
590 4374 616 4412 at
634 4365 641 4412 i
662 4365 746 4413 viscus
761 4362 832 4411 cibus
848 4365 953 4413 corriecii
970 4365 1053 4415 editor
1069 4362 1277 4413 Vindoboacusis.
1303 4361 1421 4412 videntur
1432 4364 1518 4425 potina

224 4432 347 4495 quaedum
364 4434 505 4485 excidisse.
528 4437 553 4483 in
570 4434 658 4496 quidne
675 4433 797 4498 quaedam
812 4435 909 4485 nornine
927 4448 956 4481 ua
973 4435 1065 4483 litten's
1081 4436 1155 4496 finito
1171 4442 1215 4483 aui
1229 4434 1239 4481 i
1255 4439 1298 4481 αιιι
1315 4433 1338 4481 ia
1355 4433 1472 4495 recipere
1489 4434 1517 4481 in

223 4504 336 4565 genetiuo
354 4517 415 4551 cusu
433 4503 522 4551 dictum
538 4511 595 4551 erut
677 4506 711 4553 ¹25
728 4502 877 4550 anciliorum
897 4502 964 4551 dixit
982 4503 1106 4552 liorntins
1124 4518 1200 4552 carna.
1222 4503 1295 4563 1115,
1316 4500 1348 4551 10
1364 4502 1516 4551 anciliorum

225 4582 250 4620 et
270 4573 379 4620 nominis
396 4580 419 4619 et
439 4581 521 4636 togae,
553 4587 621 4636 quern
641 4588 738 4623 versum
760 4571 896 4635 adscripsit
914 4572 1044 4622 Charisius
1064 4590 1090 4637 p.
1110 4573 1185 4623 461³
1207 4578 1266 4633 post
1288 4583 1385 4621 aenum
1404 4571 1520 4620 Lucretii

227 4642 235 4688 l
255 4641 305 4690 227
323 4641 389 4689 arride
408 4643 517 4690 nuimnle
535 4657 626 4706 genus.
655 4645 712 4692 dinc
730 4648 804 4690 natus
822 4656 878 4689 esse
895 4643 993 4690 uidetur
1011 4658 1087 4692 error
1102 4643 1271 4706 proacuratici,
1297 4642 1340 4706 qui
1356 4656 1444 4693 aenaea
1462 4640 1515 4689 Lar·

224 4711 298 4759 aretii
320 4711 357 4759 ad
380 4714 516 4772 exemplum
544 4712 648 4763 Horatii
670 4713 774 4763 rettulit.
808 4711 900 4760 Lucilii
923 4727 1009 4762 nornen
1035 4713 1185 4762 mistum
1212 4711 1313 4763 volebat
1335 4709 1359 4761 I.
1383 4709 1517 4760 Beckeras

225 4778 315 4830 Plilol.
335 4781 356 4829 ll
370 4795 398 4843 p.
417 4783 449 4830 dl
468 4789 493 4830 et
508 4781 558 4832 set
628 4783 661 4830 27
679 4783 774 4832 distant
792 4781 918 4830 adinrare
936 4789 1030 4832 mutata
1048 4797 1063 4831 e
1080 4783 1166 4832 littero
1180 4783 1205 4831 in
1222 4791 1231 4830 t
1248 4780 1275 4830 B
1331 4781 1366 4832 34
1383 4781 1515 4831 sordidum

225 4859 249 4897 et
268 4850 350 4900 viluu
