3314 5506
580 378 768 441 APPENlllll
789 379 914 440 45-74
1329 380 1388 441 201

1180 509 1203 549 ρ.
1216 496 1262 537 ne.
1272 495 1298 537 ro
1313 495 1341 538 v.

184 567 264 628 luter
290 568 483 629 criminosum
512 573 541 626 et
568 566 787 627 criminatorem
816 565 873 627 hoc
897 567 1034 634 interest,
1062 565 1142 647 quod
1171 567 1391 628 criminatorem

62 666 137 742 qui
171 670 283 732 crimen
304 669 375 730 dicit
395 668 545 746 designo,
573 669 765 728 criminosum
787 675 884 727 autem
909 669 1049 748 inquom
1074 668 1185 730 crimen
1210 666 1319 729 dicitur
1340 668 1392 729 dc·

60 777 252 832 monstrat.

179 871 264 934 luter
287 870 439 933 libidinem
459 878 489 932 et
507 869 656 931 lividinem
677 869 734 931 hoc
755 871 892 939 interest,
921 870 1000 948 quod
1021 869 1172 932 libidinem
1201 871 1390 949 cupiditatem

55 966 181 1031 inimi
207 973 365 1052 significat,
389 982 418 1033 at
440 989 510 1033 rero
530 970 679 1032 lividinem
700 970 822 1033 livorem
843 974 977 1050 corporis
998 991 1063 1033 csse
1085 973 1279 1033 demonstrat.
1416 999 1430 1037 s

173 1072 265 1136 luter
285 1072 398 1135 malum
422 1081 450 1136 et
473 1072 582 1135 malum
609 1073 666 1134 hoe
686 1075 823 1142 interest,
853 1073 947 1152 quod,
976 1074 1001 1134 si
1022 1072 1132 1134 malum
1157 1074 1301 1152 producte
1323 1092 1392 1153 pro·

51 1161 220 1246 feratur,
245 1175 345 1238 velum
367 1173 413 1237 vel
433 1174 525 1236 arbor
547 1176 629 1235 naris
652 1193 773 1236 neeesse
795 1183 840 1236 est
862 1183 895 1234 ut
916 1173 1117 1252 intellegatur;
1144 1176 1170 1236 si
1190 1194 1260 1235 vero
1282 1175 1390 1236 malum

50 1279 234 1356 correpte
256 1277 437 1358 proteratur,
461 1277 490 1338 id
512 1277 590 1356 quod
613 1283 658 1338 est
678 1278 838 1355 pessimum
861 1293 982 1338 necesse
1005 1285 1050 1337 est
1071 1283 1104 1337 ut
1124 1275 1328 1338 subaudiatur.

131 1431 142 1441 .
166 1375 263 1441 lnter
283 1381 363 1441 iurat
384 1388 413 1440 et
433 1377 517 1439 iubat
537 1377 595 1439 hoc
612 1379 742 1447 interest,
767 1377 847 1456 qnod
868 1378 947 1439 iuvat
962 1378 1079 1440 adiuvat
1100 1378 1255 1455 significat
1277 1385 1391 1440 atvero

47 1461 164 1534 iubar
195 1479 330 1542 delectat
350 1480 541 1542 demonstrat.
1405 1505 1430 1545 ro

169 1578 264 1644 lnter
285 1581 388 1644 tubam
409 1589 439 1643 et
460 1581 548 1643 tubos
567 1582 625 1643 hoc
646 1583 783 1651 interest,
812 1581 891 1658 quod
915 1580 1016 1642 tubam
1039 1581 1231 1660 symphoniae
1253 1581 1392 1644 bucinam

48 1664 252 1754 Significat,
275 1691 398 1746 atvero
419 1683 508 1746 tubos
529 1686 580 1763 qui
601 1701 709 1764 aquam
731 1684 851 1743 mittunt
872 1702 937 1744 esse
957 1666 1150 1744 demonstrat.

170 1782 266 1847 luter
287 1783 411 1848 barbam
439 1794 469 1847 et
494 1784 604 1848 barbas
632 1785 690 1846 hoc
717 1785 854 1852 interest,
886 1784 965 1864 quod
992 1784 1116 1846 barbam
1143 1785 1298 1846 hominum
1327 1803 1393 1847 esse

50 1865 242 1958 designat,
265 1886 376 1950 barbas
397 1905 467 1948 vero
490 1886 659 1949 animalium
681 1904 746 1948 esse
765 1886 957 1947 demonstrat.

169 1985 264 2052 luter
290 1997 431 2051 neutrum
465 1997 495 2052 ct
520 1987 655 2050 neutrale
684 1988 741 2049 hoe
768 1989 906 2059 interest,
937 1986 1180 2068 quodneutrum
1208 2006 1317 2050 nomen
1341 1996 1430 2053 autrs

54 2085 265 2153 l¹f⁰nomen
285 2089 332 2152 vel
351 2092 539 2171 participium
557 2091 709 2168 signifieat,
732 2089 867 2152 neutrale
887 2108 957 2151 vero
974 2089 1097 2151 verbum
1116 2109 1181 2151 esse
1198 2090 1390 2151 demonstrat.

169 2188 264 2253 Inter
282 2198 367 2254 tuum
386 2200 415 2254 et
437 2200 501 2254 tum
521 2192 580 2254 hoc
600 2194 731 2262 interest,
754 2192 834 2273 quod
857 2199 939 2253 tuum
961 2209 1126 2270 pronomen
1147 2192 1307 2271 significat,
1330 2198 1391 2253 tum
1412 2248 1416 2257 .

58 2286 150 2342 ἘΝ
181 2292 363 2355 adverbium
383 2313 448 2356 esse
469 2295 660 2356 demonstrat

172 2392 265 2457 inter
291 2394 405 2474 fragrat
428 2404 458 2458 et
476 2394 582 2475 tingrat
602 2396 662 2457 hoe
681 2396 819 2464 interest,
847 2394 927 2476 quod
954 2396 1067 2474 fragrat
1091 2395 1214 2457 odorem
1237 2395 1392 2474 signifieat,

63 2469 200 2560 naStat
223 2514 298 2558 vero
315 2496 506 2577 splendorem
529 2497 720 2559 demonstrat.
1403 2520 1430 2561 ro

80 2677 88 2690 .
172 2596 264 2660 lnter
286 2597 436 2660 theatrum
462 2607 491 2660 et
518 2599 633 2662 theatra
659 2599 717 2660 hoc
743 2600 882 2667 interest,
911 2597 991 2678 qnod
1013 2598 1161 2660 theatrum
1190 2601 1307 2661 moenia
1329 2601 1393 2678 ipsa

67 2691 252 2771 ”unificae
277 2700 393 2763 theatra
415 2720 487 2765 vero
506 2701 592 2764 ludos
611 2702 746 2763 scenicos
768 2718 834 2763 esse
856 2700 1050 2762 demonstrat

80 2878 88 2892 ἱ
169 2797 264 2864 luter
284 2801 385 2865 dolum
414 2811 444 2866 et
470 2803 604 2865 dolorem
632 2803 690 2865 hoc
716 2804 852 2872 interest,
882 2803 962 2882 quod
991 2801 1092 2864 dolum
1121 2804 1393 2882 tergiversationem

68 2893 250 2976 Quincti,
273 2903 499 2969 dolorem'vero
521 2907 657 2984 corporis
679 2904 913 2983 inquietudinem
935 2924 1000 2966 esse
1023 2905 1217 2967 demonstrat.

171 3003 263 3068 luter
285 3009 443 3086 augurium
467 3017 497 3069 et
518 3008 680 3086 auspicium
700 3006 757 3068 hoc
779 3008 910 3078 interest
931 3007 1011 3088 quod
1027 3009 1183 3085 angurium
1205 3009 1300 3069 avium
1322 3024 1390 3067 ean·
1404 3029 1431 3069 n

67 3085 138 3154 “¹¹¹¹
176 3108 340 3188 significat,
363 3110 526 3188 auspicium
549 3126 619 3170 rere
642 3107 796 3170 cuiuslibet
819 3117 971 3188 aspectum
994 3108 1188 3170 demonstrat.

172 3207 264 3272 Inter
281 3210 411 3289 probum
431 3220 461 3272 ct
481 3211 626 3290 probrum
648 3211 706 3271 hoe
727 3213 865 3280 interest,
889 3211 969 3290 quod
991 3210 1119 3290 probum
1145 3213 1256 3272 iustum
1282 3211 1392 3288 signiti-

64 3298 130 3363 tat,
166 3311 326 3390 probrum
348 3331 418 3374 vero
441 3314 667 3392 ignominiosum
690 3331 754 3374 esse
777 3312 969 3373 demonstrat.

176 3414 265 3477 luter
289 3413 467 3476 coclearium
488 3421 520 3476 'et
545 3414 679 3476 cocleare
701 3415 759 3475 hoe
780 3416 918 3484 interest,
947 3415 1027 3495 quod
1050 3413 1227 3475 coclearium
1250 3432 1318 3475 eum
1342 3418 1393 3493 qui

63 3499 211 3578 totle„
234 3516 336 3578 vendit
354 3517 509 3596 significat,
530 3515 664 3579 cocleare
686 3534 756 3577 vero
777 3525 950 3595 argenteum
965 3533 1030 3576 esse
1049 3514 1239 3576 demonstrat.
1405 3538 1431 3579 to

174 3615 263 3680 lnter
291 3619 418 3698 Asprum
452 3627 482 3681 et
515 3636 653 3698 asperum
686 3618 743 3679 hoc
775 3620 912 3687 interest,
946 3617 1026 3698 quod
1059 3619 1185 3696 Asprum
1218 3615 1392 3679 vocabulum

63 3683 224 3782 'murinis
244 3738 310 3782 esse
327 3719 516 3800 intellegitur,
538 3739 678 3800 asperum
698 3726 796 3782 aumm
816 3738 876 3781 non
895 3720 977 3781 laeve
998 3738 1064 3781 esse
1087 3720 1316 3782 demonstratur.
1334 3716 1348 3805 ΙΙ

178 3823 265 3884 luter
282 3820 351 3884 velit
371 3830 401 3883 et
421 3821 499 3884 vellit
519 3823 576 3884 hoe
602 3824 738 3892 interest,
769 3823 847 3903 quod
871 3821 939 3884 velit
960 3821 1106 3885 volentem
1127 3824 1285 3901 significat,
1314 3821 1394 3884 vellit

65 3906 195 3986 ‘ulem
215 3926 295 3986 eruit
316 3924 507 3987 demonstrat.

86 4095 96 4109 ,
178 4026 262 4088 inter
284 4024 441 4088 honestum
462 4034 494 4088 et
511 4035 651 4088 onustum
670 4027 728 4088 hoc
746 4028 883 4098 interest,
908 4028 986 4108 quod
1009 4029 1165 4089 honestum
1188 4027 1318 4090 nobilem
1341 4029 1392 4090 de·
1405 4050 1431 4090 so

69 4107 203 4200 Qua,
226 4136 367 4191 onustum
391 4147 461 4190 vero
481 4147 556 4191 onus
577 4130 723 4191 terentem
742 4130 933 4191 demonstrat.

92 4334 100 4345 .
162 4293 180 4346 l
201 4299 521 4352 intereriminosum—2
540 4300 803 4351 demonstrattucrora
821 4300 1018 4351 ammonariae
1033 4302 1244 4365 perrenorum
1314 4301 1393 4350 bde-

75 4342 197 4478 ἦιξῦῗῑ]
217 4369 325 4436 derigril
340 4368 373 4419 M
423 4440 429 4452 ·
474 4373 490 4419 d
512 4368 689 4436 cupiditatem]
717 4372 864 4433 qualitatem
882 4371 920 4420 B:
947 4373 1113 4451 cupiditatem
1131 4371 1247 4436 corporis
1265 4370 1393 4436 siguificat

79 4448 390 4584 {emuffilwidegbl
391 4439 496 4571 ⁰(iltsodM
487 4519 526 4559 est
543 4440 740 4576 pgssiMSmmM
748 4442 786 4492 B·
807 4439 1394 4574 gupgerpppp'ptsptpirpplpteppptrrdlhmlp)epoto

93 4557 205 4627 ”term
221 4578 289 4642 qnod
309 4580 380 4629 iubat
397 4579 423 4628 B
503 4595 562 4630 vero
580 4596 626 4630 nm.
647 4579 680 4629 M
749 4579 781 4630 10
799 4575 879 4642 iubet]
896 4580 966 4629 inruat
984 4580 1009 4629 B
1079 4580 1245 4631 demonstrat.
1275 4593 1392 4629 nxrntctr

84 4623 138 4685 μ’
161 4645 555 4701 »nortmannicarum
640 4650 671 4700 lb
692 4648 759 4697 lnter
777 4646 904 4713 neutrum]
925 4649 971 4699 sed
987 4650 1127 4699 secundom
1143 4650 1254 4699 Probum
1275 4659 1392 4699 neutrum

85 4689 115 4792 ¹5¹¹
136 4711 255 4780 ¹¹(terrine,
272 4718 388 4769 neumate
404 4720 430 4769 in
450 4720 527 4770 verbo
546 4721 640 4769 rectius
659 4719 769 4769 dicimus
785 4719 868 4768 codex
882 4719 1017 4770 Parisinus
1030 4720 1096 4770 7491
1113 4720 1136 4781 s.
1150 4719 1184 4770 93
1238 4720 1270 4771 to
1289 4715 1391 4783 ttagrat]

304 4788 373 4853 qnod
388 4788 484 4857 lraglat
500 4789 526 4838 B
613 4787 648 4840 ab
665 4790 732 4838 luter
750 4789 898 4839 cocliarinnr
915 4789 941 4839 B
1010 4789 1045 4841 30
1063 4790 1146 4841 uindit
1161 4790 1187 4840 B
1256 4789 1291 4841 ³³
1310 4789 1393 4855 signi-
