3346 5506
740 1202 1001 1309 [sunum

475 1396 835 1495 llllllllltllll
861 1396 904 1493 ll
930 1396 1082 1497 iltlllll
1106 1396 1265 1493 ltilill

678 1600 732 1675 u
758 1601 779 1675 1
803 1599 835 1674 Β
861 1600 895 1675 n
920 1598 957 1674 a
1006 1598 1041 1674 1.

1346 2001 1369 2043 p.
1382 1990 1423 2032 sta
1435 1988 1467 2033 V.

308 2074 446 2155 Plerique
475 2079 547 2139 artis
573 2081 783 2157 grammaticae
809 2075 920 2139 latores
946 2080 977 2139 in
1005 2079 1151 2158 principio
1179 2078 1340 2157 prooemiis
1366 2079 1416 2139 usi
1437 2086 1518 2149 sunt,

199 2176 305 2257 equod
332 2177 478 2258 galeatum
507 2181 688 2260 principium
718 2179 836 2243 dicitur.
881 2180 930 2241 hic
953 2197 1021 2242 aero
1043 2178 1130 2241 huius
1151 2180 1226 2241 artis
1246 2180 1360 2258 peritus
1382 2177 1421 2241 ab
1441 2182 1518 2263 ipsis

225 2279 358 2361 partibus
385 2282 528 2343 orationis
555 2280 681 2344 docendi
702 2286 828 2364 sumpsit
854 2281 1022 2353 exordium,
1051 2299 1088 2343 ne
1109 2280 1192 2343 rudis
1213 2279 1309 2343 adhuc
1329 2280 1517 2346 studentium

227 2398 332 2445 sensus
354 2389 502 2463 tamquam
524 2386 677 2446 inmensae
699 2382 788 2447 sileae
810 2381 1037 2466 perplexitatem
1059 2382 1231 2463 ingrediens
1251 2384 1396 2447 versutias
1418 2382 1517 2448 callidi

225 2487 373 2548 sermonis
394 2485 645 2566 perhorresceret.
681 2485 731 2548 ltic
752 2489 832 2548 enim
853 2485 983 2548 lienum
1004 2487 1037 2546 v.
1061 2486 1092 2549 (l.
1115 2485 1149 2548 n.
1171 2484 1372 2566 Vergilianum
1394 2503 1517 2549 carmen

225 2586 270 2649 rel
298 2586 419 2649 Terenti
446 2587 614 2649 comoedias
641 2588 765 2650 mirifice
791 2588 1008 2650 commentarit.
1053 2587 1182 2650 Scaurus
1204 2604 1276 2651 roro
1307 2586 1378 2650 lalnc
1407 2589 1516 2671 coepit,

189 2704 213 2747 to
226 2695 293 2751 ‘ars
319 2691 533 2770 asteriusque
559 2692 604 2751 rei
630 2692 753 2752 scientia
780 2708 834 2752 usu
860 2688 906 2751 rel
939 2688 1097 2753 madidone
1124 2692 1290 2769 suscepta’‚
1322 2691 1391 2769 quia
1419 2698 1517 2754 amem

225 2792 359 2855 doctrina
392 2790 437 2853 rel
469 2811 526 2855 usn
558 2791 707 2854 cotidiano
741 2792 929 2873 percipimus.
974 2809 1042 2853 eum
1070 2792 1149 2854 enim
1177 2791 1336 2863 docemus,
1363 2790 1516 2855 mamm.

225 2894 373 2975 frequenti
394 2897 474 2955 enim
495 2894 687 2956 meditatione
709 2893 758 2956 illa
781 2912 856 2975 quae
878 2893 1035 2956 didicimus
1050 2891 1253 2964 observamus,
1275 2895 1363 2955 sicuti
1378 2892 1517 2957 Socrates

224 2995 417 3077 philosophus
445 2997 529 3066 dicit,
559 3002 652 3077 ‘quae
680 3000 757 3058 nosti
785 3014 926 3057 conserva
954 2994 1206 3070 meditationibus,
1235 3013 1309 3076 quae
1331 3004 1432 3058 autem
1455 3014 1515 3058 non

225 3098 353 3161 didicisti
375 3098 495 3160 adsume
518 3097 709 3177 disciplinis'.
754 3117 802 3161 ars
829 3107 927 3160 autem
950 3097 1028 3160 dicta
1050 3105 1095 3159 est
1117 3116 1166 3165 eo.
1190 3095 1267 3178 quod
1290 3098 1383 3159 artius
1404 3096 1442 3159 ad
1464 3117 1515 3181 pe·

188 3202 323 3263 ueritiam
352 3208 457 3278 urgeat
483 3199 702 3280 pertendentes.
746 3218 795 3262 ars
822 3201 1012 3279 grammatica
1038 3202 1197 3280 praecipue
1219 3201 1354 3261 consistit
1373 3201 1408 3260 in
1428 3197 1515 3262 intel·
1544 3231 1555 3241 ·

224 3301 303 3364 lectu
325 3312 479 3383 poetarum
502 3310 532 3362 ot
552 3305 584 3363 in
607 3311 688 3365 recte
710 3301 860 3364 scribendi
882 3300 1058 3382 loquendive
1081 3304 1204 3363 ratione.
1235 3303 1429 3378 grammatica
1451 3294 1555 3363 tui«

225 3512 249 3568 L
270 3511 363 3568 codar
379 3509 407 3567 S.
424 3509 511 3566 Pauli
524 3512 554 3566 in
569 3511 642 3567 calle
656 3511 817 3568 larentina
832 3515 873 3577 24,
889 3511 972 3567 cuius
986 3510 1099 3585 integro
1112 3511 1261 3582 scriptura
1275 3508 1407 3567 cnidda
1421 3516 1473 3567 est.

224 3599 235 3654 l
262 3597 388 3654 eiusdem
403 3597 508 3653 codicis
522 3612 625 3653 morus
639 3598 775 3654 secunda.

224 3683 253 3738 F
271 3682 364 3739 codex
372 3682 565 3754 Friaingertsr'r
577 3684 620 3747 81,
636 3684 687 3754 qur·
699 3686 837 3738 minorem
852 3688 944 3738 ortem
959 3683 993 3740 dc
1005 3686 1066 3739 octo
1079 3680 1212 3754 pertibus
1225 3680 1364 3737 orationis
1377 3684 1406 3736 et
1418 3692 1555 3753 parserat

309 3781 349 3822 sc
365 3767 476 3838 religato
492 3767 560 3823 libri
568 3773 656 3839 parte
670 3773 810 3839 concerpta
825 3766 947 3824 exhibet.
976 3782 1016 3823 ex
1029 3766 1083 3824 lton
1097 3781 1133 3822 ec
1147 3779 1221 3838 pune
1235 3767 1361 3821 maxime
1376 3779 1552 3822 memora*

309 3852 377 3907 bilia
393 3851 562 3908 ridebantur
577 3853 726 3925 adscripta
741 3858 818 3910 aunt.

228 3935 251 3992 S
269 3937 362 3993 codex
376 3936 571 3993 Berolirensr's
587 3935 718 3994 Scateuir'
731 3939 772 3993 66.
789 3943 820 4003 4,
836 3937 887 4010 pur'
900 3939 1038 3994 minorem
1053 3941 1163 3995 tuntum
1179 3941 1270 3993 artem
1286 3953 1304 3992 a
1319 3935 1555 3992 Lr'radeatcrrarn

310 4035 349 4077 cx
369 4020 422 4077 troc
441 4023 538 4078 codice
559 4041 585 4079 a.
603 4026 669 4077 1820
690 4024 794 4080 editam
809 4024 941 4080 continet.
964 4021 1050 4078 leuius
1065 4023 1274 4094 discrepantia,
1295 4035 1371 4094 gutte
1391 4022 1555 4077 maerim

309 4106 499 4162 memorabilis
513 4109 670 4173 ridebatur,
686 4124 725 4164 ec
739 4110 812 4166 edito
827 4109 959 4180 exemplo
973 4108 1122 4180 adscripta
1136 4111 1186 4163 est.

223 4209 246 4263 p
267 4198 408 4264 excerpta
423 4193 528 4249 codicis
542 4193 673 4255 Pariairu’
687 4192 945 4268 Surgermcnsrtrr'r
962 4195 1027 4248 1180
1041 4193 1071 4250 r'rt
1089 4192 1169 4249 initio
1183 4191 1250 4248 libri
1258 4192 1350 4264 primi
1363 4191 1502 4250 αόΙιίῡίΙα.

307 4375 321 4427 l
342 4376 384 4427 mc
402 4389 544 4428 raacrarns
562 4392 645 4428 ssavrr
665 4392 690 4429 m
709 4375 802 4428 Donati
820 4378 864 4429 lib.
883 4379 907 4428 L
926 4390 993 4428 tacta
1011 4377 1141 4429 rarsarad
1156 4372 1203 4427 εἴη
1222 4390 1248 4426 ut
1266 4390 1315 4428 nos
1335 4391 1358 4428 r..
1380 4390 1432 4440 tp

226 4449 241 4496 4
260 4446 413 4513 proemiisp
432 4446 531 4511 primite
550 4447 574 4495 L
643 4448 660 4497 5
678 4448 803 4515 galiatnm
821 4450 862 4512 Lp
933 4446 1043 4497 'isilbee
1060 4446 1085 4496 L
1102 4445 1216 4511 syllabae
1237 4460 1255 4511 p
1324 4444 1555 4497 armarat

226 4516 324 4568 ridetur
339 4517 379 4566 rel
397 4515 429 4564 V.
449 4513 509 4577 CL.‚
528 4525 556 4566 ut
572 4517 653 4566 virum
672 4517 842 4569 clarissimum
858 4519 983 4568 Donatum
1001 4517 1098 4567 dicerit
1112 4517 1296 4581 premerem,
1308 4516 1347 4566 ret
1365 4517 1400 4564 V.
1419 4514 1458 4575 Ρ..
1473 4515 1555 4566 lenc:

227 4596 266 4638 eat
283 4588 322 4636 rir
344 4584 545 4652 perfectissimus
632 4587 648 4636 9
667 4585 789 4653 Scaurus]
806 4589 840 4652 cf.
855 4588 935 4638 Diam
953 4601 980 4650 p.
994 4587 1056 4637 414.
1071 4585 1103 4637 ab
1121 4588 1208 4637 ecdem
1220 4585 1278 4650 fere
1290 4589 1355 4638 artie
1374 4585 1555 4650 definitiva&

226 4659 345 4721 incipiunt
363 4655 491 4706 ‘Audacia
508 4658 540 4706 de
558 4656 652 4707 Securi
669 4665 694 4708 et
706 4659 821 4708 Palladii
836 4658 906 4709 libris
923 4661 1074 4720 erecerptc‘,
1097 4672 1162 4721 quae
1179 4664 1236 4708 rarat
1251 4658 1277 4706 itt
1291 4656 1378 4706 codice
1392 4655 1555 4710 nm

226 4726 277 4779 336
296 4735 321 4778 et
333 4728 494 4792 Fririrrgenet'
509 4726 561 4778 234
647 4726 680 4779 ld
698 4730 864 4794 grammatica
882 4735 995 4792 appoton
1012 4734 1170 4794 grammaton
1190 4760 1275 4777 .....
1295 4733 1334 4777 est
1358 4727 1383 4777 L
1406 4732 1555 4794 appotonfl

226 4805 385 4862 grammaton
404 4804 442 4847 est
456 4811 490 4861 p:
507 4800 646 4864 gramatice
664 4808 757 4864 apoton
778 4806 911 4863 gramaton
931 4797 1000 4847 dicta
1017 4804 1056 4848 est
1075 4797 1143 4847 unde
1160 4805 1185 4848 et
1202 4796 1300 4847 romam
1322 4811 1338 4846 a
1361 4795 1455 4846 litteris
1473 4811 1555 4918 aar

225 4866 385 4935 pellausruut
397 4866 562 4919 litteraturam
580 4868 640 4918 item
658 4870 854 4937 grammaticum
874 4865 1036 4918 litteratorem
1048 4875 1174 4933 excerpta
1190 4866 1283 4917 codicis
1298 4865 1471 4932 stirmgeaair
1505 4865 1519 4917 l
