3314 5506
693 345 807 406 COMM.
832 346 870 408 IN
893 345 1072 407 ooulrvot
1464 353 1525 414 407

1306 453 1475 506 pmcn

220 526 322 602 felix,
345 551 419 612 quae
443 535 591 594 communi
615 551 702 592 sensu
726 531 810 592 lacilc
833 532 1034 594 dinoscuntur.
1068 532 1141 594 illud
1165 536 1252 595 etiam
1275 536 1351 595 scire
1374 533 1525 605 debemus,

216 633 315 708 quia,
340 639 366 696 si
386 638 540 715 proprium
565 634 702 715 estquod
725 636 812 697 unius
834 643 891 704 est,
916 652 1071 698 numerum
1094 643 1206 697 tantum
1230 636 1316 697 modo
1339 638 1444 715 recipit
1465 638 1525 698 sin·

212 731 379 808 gularem.
425 756 521 817 neque
544 739 621 797 euim
644 745 743 815 potest
764 755 812 796 res
834 737 920 797 unius
942 738 972 796 in
994 735 1193 815 pluralitatem
1216 738 1332 799 cadere.
1363 758 1431 799 uam
1447 739 1525 819 quod
1564 777 1568 785 ‚

207 839 353 912 propria
377 840 495 901 uomina
511 838 664 918 pluraliter
681 837 879 908 declinantur,
902 837 1056 899 sciendum
1079 847 1124 899 est
1145 858 1204 899 non
1235 839 1271 900 ab
1293 843 1380 901 unius
1403 843 1524 903 nomine

205 951 422 1010 procreatum
447 960 602 1002 numerum
625 939 786 1020 pluralem,
810 939 861 999 sed
885 938 1070 999 multitudine
1093 944 1245 1002 nominum
1260 942 1317 1002 hoc
1332 942 1439 1003 facere.
1468 945 1550 1004 ntes

204 1036 299 1099 enim
339 1043 414 1105 dixit
436 1042 574 1121 Virgilius
601 1042 710 1103 llarios
739 1049 769 1102 et
792 1039 943 1109 Camillos,
967 1044 1105 1121 quoniam
1128 1043 1229 1122 plures
1250 1046 1379 1106 inerunt.
1424 1043 1526 1125 appel·

201 1134 352 1206 lafivum
376 1153 474 1205 autem
499 1163 606 1204 nomen
636 1162 703 1205 cum
733 1147 770 1204 sit
798 1162 846 1204 res
868 1141 1044 1213 multorum,
1068 1147 1174 1225 recipit
1196 1153 1293 1206 nmen
1317 1152 1347 1205 et
1368 1165 1525 1208 numerum

199 1237 424 1317 singularem.
470 1247 499 1306 in
522 1245 622 1307 multis
645 1248 722 1307 euim
747 1248 834 1306 etiam
858 1264 934 1304 tinus
956 1253 1084 1307 tenetur.

303 1347 541 1428 Conparationis
564 1348 673 1425 gradus
695 1358 763 1408 sunt
786 1355 860 1417 tres,
883 1349 1033 1426 positivus,
1058 1355 1089 1408 ut
1111 1348 1229 1417 doctus,
1253 1351 1469 1427 conparatum,
1494 1358 1527 1411 ut

197 1438 361 1521 doctior,
392 1449 596 1529 superlativus,
620 1458 650 1509 ut
673 1449 866 1510 doctissimus.
912 1447 1046 1529 plerique
1075 1449 1180 1511 nolunt
1211 1453 1430 1528 cooperativum
1459 1469 1562 1513 esseio

197 1539 411 1621 doctiorem,
434 1551 565 1612 dicentes
588 1569 646 1611 non
671 1570 735 1613 esse
758 1552 1013 1631 conparationem,
1037 1551 1155 1632 quando
1172 1552 1286 1612 doctior
1302 1551 1440 1624 dicimus,
1457 1556 1525 1634 quia

198 1659 265 1703 oon
302 1663 457 1733 conparet
486 1652 537 1712 sed
565 1653 723 1733 praeierat.
768 1653 819 1713 sed
848 1660 963 1713 errant:
995 1672 1061 1714 nam
1092 1655 1187 1713 omnis
1209 1656 1379 1733 conparatio
1403 1654 1432 1715 id
1454 1657 1523 1734 agit,

198 1750 227 1802 ul
264 1749 415 1816 alterum
443 1756 600 1835 praeierat.
646 1753 693 1814 illa
717 1757 795 1817 enim
825 1774 900 1834 quae
930 1762 1035 1835 aequat
1063 1754 1223 1816 similitudo
1251 1763 1296 1815 est
1316 1757 1413 1834 potius
1436 1775 1523 1836 quam

197 1860 411 1929 conparatio.
456 1858 597 1936 positivus
625 1864 721 1917 autern
751 1857 847 1916 omnia
877 1858 984 1937 recipit
1012 1876 1136 1935 genera,
1166 1855 1377 1928 masculinum,
1411 1865 1443 1919 ut
1476 1858 1523 1919 hic

198 1943 349 2030 doctus,
373 1959 563 2027 femininum,
587 1967 618 2018 ut
633 1957 706 2018 haec
722 1958 821 2028 docta,
844 1965 990 2029 neutrum,
1007 1965 1040 2019 ut
1061 1959 1117 2019 hoc
1140 1959 1268 2029 doctum,
1293 1977 1466 2030 commune,
1488 1968 1522 2022 ut
1535 1977 1560 2019 ts

198 2043 347 2132 docilis,
376 2079 480 2130 omne,
511 2069 543 2121 ut
573 2080 683 2122 ornans.
729 2062 934 2139 cooperativus
962 2080 1032 2121 vero
1054 2060 1162 2139 gradus
1185 2060 1243 2121 duo
1265 2067 1377 2122 tantum
1400 2063 1524 2141 suscipit

197 2163 352 2232 genera,
377 2180 550 2231 commune,
573 2169 606 2222 ut
627 2163 755 2231 doctior,
779 2169 932 2232 neutrum,
956 2170 989 2223 ut
1009 2163 1138 2232 doctius;
1161 2160 1356 2242 superlativus
1379 2165 1435 2225 tria
1457 2173 1522 2225 tan·

198 2253 293 2328 lum,
329 2264 540 2333 masculinum,
558 2272 592 2324 ut
613 2263 815 2332 doctissimus,
839 2262 1023 2334 femininum,
1047 2273 1080 2326 ut
1101 2261 1287 2334 doctissima,
1310 2272 1467 2333 neutrum,
1489 2276 1522 2329 ut

197 2345 441 2427 doctissimum.
486 2372 641 2445 praeterea
664 2383 723 2424 non
746 2366 844 2424 omnia
867 2368 1016 2445 recipiunt
1036 2368 1291 2445 conparationem,
1313 2366 1366 2427 sod
1388 2385 1423 2427 ea
1446 2386 1522 2448 quae

196 2466 281 2518 ⁵⁰¹¹!
314 2468 466 2548 qualitatis
494 2476 523 2528 et
552 2468 730 2547 quantitatis
775 2465 900 2546 qualitas
928 2476 1025 2528 autem
1055 2477 1085 2529 et
1112 2470 1258 2548 quantitas
1285 2475 1336 2528 aut
1363 2467 1399 2531 ab
1422 2471 1559 2531 animoso

195 2549 354 2641 dieitur,
382 2579 415 2630 ut
437 2570 554 2639 doctus,
583 2578 633 2629 aut
656 2588 672 2628 a
696 2587 841 2648 corpore,
871 2576 904 2630 ut
925 2569 1068 2631 candidus
1089 2571 1189 2648 niger,
1218 2579 1268 2631 aut
1289 2588 1307 2629 a
1328 2570 1460 2641 fortuna,
1490 2580 1523 2633 ut

192 2654 334 2742 miser,
358 2681 409 2735 aut
430 2692 447 2733 a
469 2689 624 2740 mensura,
647 2678 680 2730 ut
702 2669 817 2749 longus.
847 2689 939 2752 quare
960 2673 1123 2752 quaesitum
1148 2668 1162 2753 ll
1188 2681 1246 2746 est,
1269 2679 1367 2732 utrum
1390 2673 1522 2734 Latinior

191 2750 391 2845 diceretur,
421 2771 500 2854 quod
528 2781 598 2832 tunc
627 2771 747 2841 dicitur,
778 2792 844 2833 cum
873 2791 929 2853 pro
959 2773 1069 2835 diserto
1096 2775 1231 2853 ponitur,
1260 2782 1293 2834 ιιι
1320 2776 1357 2834 sit
1378 2774 1521 2848 Latinior,

191 2870 263 2930 ‘1¹¹⁰
308 2876 402 2936 ruodo
431 2874 584 2943 disertior;
614 2892 680 2934 cum
703 2880 801 2934 autem
830 2882 949 2951 gentem
971 2875 1128 2955 siguificat,
1153 2893 1213 2935 non
1234 2882 1332 2954 potest
1353 2877 1520 2956 conparari.

189 2953 234 3012 5¹³
257 2979 361 3037 euim
376 2995 435 3037 non
451 2994 608 3055 possumus
624 2974 723 3035 dicere
739 2976 881 3046 Latinior,
898 2996 985 3056 quem
1002 2976 1175 3037 admodum
1191 2995 1246 3038 nec
1261 2978 1411 3039 Graecior.
1448 2995 1518 3038 con·
1532 2997 1557 3037 os

190 3071 376 3139 paramus
397 3085 495 3138 autem
512 3075 621 3154 gradus
642 3078 776 3154 iungitur
791 3077 907 3138 casibus
922 3077 1030 3150 tribus,
1053 3077 1193 3149 ablativo,
1217 3080 1357 3157 septimo,
1381 3086 1410 3138 et
1425 3080 1520 3139 nomi-

189 3165 325 3237 nativo
346 3180 520 3258 interposita
548 3178 690 3258 particula
714 3197 816 3258 quam:
846 3178 987 3248 ablativo,
1017 3188 1048 3240 ut
1070 3180 1202 3240 ‘doctior
1225 3178 1261 3240 alr
1282 3178 1360 3250 illo’,
1382 3182 1519 3260 septimo,

189 3263 228 3314 ¹¹²
256 3267 272 3297 ‘
287 3277 415 3342 doctior
438 3280 516 3350 illo',
540 3280 732 3347 nominativo,
763 3288 795 3342 ut
816 3280 949 3340 ‘doctior
971 3280 1018 3341 hic
1040 3301 1127 3360 quam
1150 3281 1227 3341 ille’.
1271 3281 1323 3342 sed
1348 3281 1519 3362 frequenter

189 3362 341 3468 u,amur
361 3384 504 3463 septimo,
528 3382 654 3443 ablativo
676 3401 770 3461 paene
794 3400 965 3461 numquam.
996 3382 1190 3462 superlativus
1206 3401 1275 3443 vero
1297 3382 1407 3462 gradus
1428 3401 1518 3462 gene-

187 3461 262 3569 ¹¹J⁰
313 3494 428 3547 tantum
456 3483 564 3563 plurali
593 3484 777 3560 adiungitur,
808 3492 840 3543 ut
866 3483 1070 3544 ‘doctissimus
1096 3483 1245 3546 illorum’.
1289 3503 1466 3565 quamquam
1489 3494 1556 3548 etro

188 3572 369 3649 ”figulari
392 3584 573 3655 cohaereat,
596 3587 731 3666 quotiens
754 3602 862 3645 nomen
885 3592 929 3646 est
952 3588 1151 3646 enuntiatione
1179 3585 1342 3664 singulare,
1365 3585 1516 3649 intellectu

151 3733 160 3751 .
185 3656 356 3757 plurale,
379 3695 426 3758 ut,
450 3691 488 3746 ‘o
510 3687 672 3748 llanaum
695 3687 908 3746 fortissime
931 3689 1053 3766 gentis
1069 3686 1236 3766 Tydide)
1266 3686 1339 3747 illud
1361 3707 1432 3749 sanc
1453 3708 1516 3750 ser·

185 3772 353 3851 van(lum
376 3799 435 3858 est,
465 3789 544 3870 quod
573 3797 603 3849 et
629 3797 731 3869 postea
760 3795 915 3849 tractatum
939 3797 997 3859 est,
1021 3790 1242 3868 cooperativum
1265 3788 1389 3868 gradum
1411 3809 1466 3851 nos
1488 3800 1517 3852 et

184 3870 332 3970 ιι,ῡὸῑῡο
353 3899 383 3953 et
404 3899 545 3952 extraneo
568 3893 670 3970 generi
685 3890 890 3967 coniungere,
913 3890 1121 3971 superlativum
1145 3901 1243 3952 autem
1266 3899 1379 3953 tantum
1402 3901 1516 3955 nostro.

207 3972 350 4073 fillius
372 3995 450 4054 enim
474 3993 625 4054 ‘velocior
640 3991 728 4052 homo
744 3990 929 4052 hominibus'
954 4000 984 4052 et
1006 3991 1152 4054 ‘velocior
1167 3993 1255 4054 homo
1271 3991 1422 4064 canibus’,
1439 4013 1511 4074 quo·
1526 4016 1552 4059 os

180 4071 309 4152 ”¹³³1
335 4097 538 4176 conparativus
566 4103 610 4156 est
638 4093 760 4172 gradum
789 4092 997 4173 superlativum
1025 4114 1094 4155 vero
1123 4095 1247 4173 gradum
1276 4103 1391 4156 tantum
1412 4103 1514 4157 nostro

177 4172 423 4287 fraererrmus
450 4198 565 4276 generi,
595 4203 628 4255 ιιι
655 4193 873 4256 ‘velocissimus
901 4195 989 4256 homo
1012 4196 1194 4258 homiuum’.
1232 4214 1320 4258 nemo
1342 4198 1421 4258 enim
1444 4198 1516 4259 dicit

206 4280 446 4360 velocissimus
469 4299 557 4359 homo
580 4301 751 4377 equorum'.

314 4399 425 4461 Genera
455 4399 532 4460 dicta
560 4397 688 4461 suntab
712 4418 760 4470 eo,
789 4398 867 4479 quod
891 4409 1049 4477 generant,
1077 4408 1165 4480 atque
1187 4399 1254 4462 ideo
1277 4401 1335 4462 duo
1358 4408 1427 4461 sunt
1448 4408 1513 4461 tan·

210 4669 220 4720 1
313 4634 567 4694 imultitudinems
656 4645 722 4685 reete
741 4636 842 4692 enims
928 4634 1098 4704 tivirgiliuo]
1117 4652 1205 4703 peorp.
1222 4637 1244 4688 ll
1264 4637 1313 4689 169
1396 4637 1512 4702 plures:

190 4677 372 4786 {Qalesr
387 4717 411 4757 et
425 4710 544 4771 princeps
563 4708 636 4758 editio
694 4705 921 4771 recuperasset
938 4706 1094 4771 praeterere
1111 4715 1232 4772 conparat
1248 4708 1294 4758 sed
1315 4706 1462 4774 proteratP

203 4745 232 4856 3
268 4783 331 4836 qna
350 4779 426 4828 modo
445 4779 564 4829 disertior
581 4778 606 4827 P
656 4778 689 4828 25
711 4777 836 4840 quomodo
856 4790 901 4825 nec
917 4778 1033 4842 graecior
1049 4791 1080 4834 5:
1099 4792 1144 4827 nec
1162 4793 1208 4831 om,
1224 4777 1250 4827 P
1300 4778 1334 4829 32
1352 4794 1366 4828 o
1383 4777 1507 4847 Danaum]

231 4834 314 4909 era.
328 4848 392 4898 Aen.
410 4849 419 4896 1
436 4848 471 4898 oo
541 4847 654 4911 tydidem
670 4847 695 4896 r
767 4846 801 4897 ao
820 4843 929 4913 Genera]
949 4847 984 4910 cf.
999 4848 1073 4913 carp.
1086 4864 1116 4913 p.
1134 4847 1183 4900 ιιι
1203 4849 1244 4903 eo.
1261 4847 1337 4899 cau.
