3314 5506
565 387 764 450 lNSTl'l'V'l'A
785 386 926 450 lltrlvll
949 385 1117 451 248-259
1448 386 1489 451 89

241 517 263 558 p.
274 503 349 546 ἠδ
362 503 391 547 ll.
1270 517 1292 557 p.
1305 503 1396 546 Μ
1408 503 1436 547 V.

273 575 351 637 ltem
374 577 538 655 quaeritur,
561 575 636 635 baec
656 576 739 654 quies
767 592 834 635 cum
858 574 949 635 isdem
970 573 1076 635 litteris
1098 575 1275 636 nominativo
1304 583 1334 636 et
1357 577 1487 638 vocativo

196 694 260 738 casu
282 681 405 739 numeri
425 676 582 756 singularis
604 677 774 744 deliniatur,
804 675 912 755 quibus
932 682 960 736 et
982 674 1032 736 illa
1055 676 1190 746 nomina,
1221 695 1297 755 quae
1318 676 1355 738 ab
1378 701 1395 766 e
1418 695 1487 755 pro·

197 777 279 841 ducto
300 781 406 841 reoire
425 777 600 859 probantur,
623 797 679 857 qna
695 778 732 839 de
748 795 835 838 causa
856 779 939 856 quies
961 776 998 838 ad
1020 797 1037 839 e
1056 778 1234 855 productum
1257 795 1315 838 non
1339 781 1488 857 pertinere

196 882 414 958 pronuntietur.
458 880 514 941 bae
534 880 571 941 de
593 898 690 949 causa,
714 881 852 957 quoniam
875 897 1079 959 quaecumque
1103 880 1221 940 uomica
1243 879 1421 941 nominativo
1443 878 1488 942 rel

197 984 325 1045 vocativo
340 1000 412 1044 casu
435 983 553 1043 numeri
570 968 727 1060 singularis
747 982 790 1042 ies
812 980 917 1042 litteris
938 981 1117 1042 deliniuntur
1138 989 1167 1042 et
1188 999 1242 1059 per
1265 989 1380 1044 ceteros
1402 999 1488 1043 casus
1512 1006 1526 1046 s

147 1165 156 1172 ,
194 1102 249 1146 ron
272 1084 312 1145 ad
336 1101 444 1145 sunum
464 1084 572 1162 speciei
599 1082 799 1153 declinantur,
828 1082 901 1144 hauc
920 1083 957 1143 ad
982 1101 998 1143 e
1020 1090 1207 1162 correptum,
1236 1101 1296 1143 non
1319 1083 1356 1144 ad
1378 1102 1396 1144 e
1418 1100 1487 1162 pro·

191 1184 315 1247 doctum
335 1187 486 1265 pertinere
513 1186 750 1264 pronuntiantur.
795 1202 874 1246 nunc
896 1202 964 1245 oum
989 1187 1073 1264 quies
1102 1203 1156 1263 per
1183 1191 1299 1246 eeteros
1319 1204 1405 1246 casus
1428 1203 1487 1246 non

189 1288 224 1349 ad
243 1288 378 1349 formam
400 1288 510 1367 speciei
529 1285 707 1357 declinetur,
731 1294 760 1346 et
780 1286 848 1347 ideo
866 1285 902 1346 ad
929 1287 1144 1364 eproductum
1169 1304 1227 1347 nou
1251 1289 1398 1364 pertinere
1418 1303 1487 1365 pro·

183 1391 356 1452 metiatur.

275 1489 358 1556 item.
381 1492 411 1551 in
436 1489 493 1550 bac
520 1507 609 1568 supra
635 1488 711 1550 dieta
739 1490 833 1549 lorma
861 1491 1014 1568 quaeritur
1042 1508 1058 1550 a
1090 1487 1186 1550 Plinio
1210 1489 1362 1559 Secundo,
1390 1490 1488 1570 paries
1501 1509 1527 1551 ro

179 1595 257 1674 quia
280 1591 378 1652 i'sdcnr
396 1589 501 1651 litteris
525 1592 703 1672 nominativo
726 1588 772 1650 vel
792 1593 923 1653 vocativo
946 1610 1016 1652 casu
1045 1593 1161 1653 numeri
1182 1590 1339 1671 singularis
1365 1586 1489 1674 dellllni·

179 1702 252 1764 tur,
284 1692 396 1772 quibus
415 1701 445 1755 ct
465 1691 513 1754 ilia
543 1695 677 1762 nomina,
704 1711 778 1772 quae
802 1691 839 1754 ab
862 1711 879 1753 e
901 1693 1047 1771 producto
1071 1695 1170 1754 venire
1196 1694 1400 1771 reperiuntur,
1430 1712 1489 1774 qua

178 1798 223 1858 de
247 1813 342 1858 causa
363 1812 423 1855 non
445 1801 475 1855 et
494 1794 551 1856 boc
574 1812 683 1855 nomen
709 1795 746 1855 ad
768 1814 785 1855 o
806 1795 983 1873 productum
1005 1797 1154 1874 pertinere
1175 1797 1391 1873 pronuntietur.
1435 1795 1487 1855 sed

177 1897 259 1960 huic
282 1897 440 1960 intentioni
458 1913 517 1956 nou
536 1895 657 1975 dignum
680 1903 725 1956 est
744 1897 941 1975 respondere,
963 1898 1200 1976 quandoquidem
1222 1897 1279 1957 boe
1303 1914 1410 1958 nomen
1433 1914 1489 1957 uec

179 2017 243 2079 per
267 2017 377 2060 ornnes
398 2015 493 2068 casus,
516 1998 558 2058 sic
580 2000 623 2057 uti
644 2016 735 2077 supra
755 1998 791 2059 de
814 2000 911 2077 quiete
933 1998 1104 2067 docuimus,
1126 2000 1162 2060 ad
1185 1999 1295 2077 speciei
1316 1998 1487 2060 declinatio·
1501 2016 1526 2059 rs

176 2120 259 2167 ‚uem
289 2109 482 2179 perseveret,
510 2092 567 2161 nec
589 2116 700 2178 genera
728 2100 888 2161 masculina
910 2101 946 2160 ad
970 2119 986 2161 e
1007 2101 1183 2179 productum
1205 2100 1393 2178 reperiantur
1419 2117 1489 2178 per·

181 2206 306 2271 tinem
336 2201 496 2281 siqnidem,
526 2202 568 2262 sic
591 2203 634 2262 uti
655 2219 745 2280 supra
772 2201 942 2271 docuimus,
972 2203 1051 2280 quod
1077 2201 1219 2264 ablativus
1248 2218 1333 2262 casus
1355 2220 1371 2263 e
1393 2200 1488 2264 littera

182 2305 338 2384 producta
357 2306 530 2365 terminatus
550 2320 645 2393 genus
668 2304 840 2365 femininum
861 2302 957 2364 solum
979 2302 1116 2365 exhibeat
1137 2310 1260 2364 tantum.

276 2406 354 2466 ltem
377 2407 543 2482 quaeritur,
571 2404 634 2466 dies
655 2423 722 2465 eum
741 2423 794 2484 per
817 2423 920 2467 omnes
941 2423 1027 2466 rasus
1047 2406 1084 2466 ad
1105 2424 1121 2466 e
1140 2405 1317 2482 productum
1339 2406 1489 2484 pertinere

184 2509 378 2588 reperiatur,
400 2524 457 2586 qua
479 2506 516 2568 dc
537 2525 624 2567 causa
648 2506 794 2585 Vergilius
813 2507 891 2568 diem
915 2515 943 2570 et
966 2506 1127 2569 masculino
1150 2523 1259 2583 genere
1281 2507 1488 2585 pronuntiarit.
1501 2523 1527 2566 ao

185 2608 366 2691 querolum
387 2625 557 2677 monemus,
581 2609 658 2687 quod
680 2610 739 2669 sint
760 2609 865 2688 aliqui,
892 2610 941 2689 qui
966 2609 1023 2669 hoc
1051 2608 1282 2670 adseverantium
1303 2627 1368 2670 esso
1390 2626 1488 2670 sense·

186 2719 272 2780 runt,
294 2710 376 2792 qnod
395 2709 459 2771 dies
479 2710 547 2771 ideo
575 2710 715 2771 leminino
743 2726 853 2787 genere
878 2712 1100 2789 pronuntietur,
1130 2709 1209 2789 quod
1237 2713 1267 2770 in
1290 2711 1490 2772 deminutione

187 2811 309 2874 diecula
329 2811 429 2873 lacere
450 2813 631 2873 inveniatur:
652 2812 722 2872 item
741 2811 798 2873 hac
820 2813 857 2873 de
872 2828 958 2874 causa
980 2812 1044 2874 dies
1061 2811 1222 2873 masculino
1240 2830 1350 2891 genere
1370 2812 1489 2874 adsero·

189 2903 285 2982 retrrr‘,
309 2915 450 2992 quoniam
472 2915 650 2974 innumero
672 2911 779 2991 plurali
801 2913 905 2975 melius
926 2932 1032 2975 sonare
1050 2915 1207 2992 reperitur,
1230 2921 1262 2976 ut
1284 2914 1488 2992 puta'optimi,

191 3033 252 3076 non
276 3016 408 3094 optimae
427 3015 499 3077 dies.
544 3033 623 3076 nuno
643 3032 697 3075 nos
716 3015 773 3076 boe
794 3033 960 3084 monemus,
983 3017 1120 3094 quoniam
1143 3033 1346 3095 quaecumque
1369 3016 1488 3078 nomina
1502 3031 1528 3072 rs

192 3118 222 3177 in
243 3118 427 3178 nominativo
448 3135 519 3178 casu
549 3118 665 3177 numeri
687 3118 846 3194 singularis
868 3135 922 3197 per
944 3134 1032 3178 uuam
1054 3124 1166 3180 inritam
1188 3135 1295 3179 sonare
1318 3117 1487 3186 audiuntur,

194 3218 250 3280 hoo
270 3225 319 3281 est
341 3216 423 3280 nulla
444 3217 501 3280 alia
528 3227 707 3281 consonante
735 3227 853 3297 praeter
878 3237 967 3281 unam
990 3218 1099 3280 mutam
1126 3222 1154 3280 in
1177 3219 1281 3281 eodem
1311 3221 1489 3281 nominativo
1588 3266 1593 3272 .

196 3338 264 3382 casu
285 3321 405 3383 numeri
424 3319 581 3399 singularis
604 3321 694 3382 scribi
720 3323 925 3400 reperiuntur,
957 3322 1029 3383 baec
1052 3328 1090 3381 et·
1108 3323 1210 3399 generi
1232 3319 1396 3381 masculino
1418 3318 1489 3382 sub·

199 3422 268 3484 lecta
289 3440 358 3483 esse
379 3423 576 3501 reperiuntur.
620 3422 672 3484 sed
694 3423 761 3503 quia
782 3423 787 3506 l
806 3425 879 3484 ratio
902 3440 1044 3484 sonorum
1064 3428 1119 3491 est,
1142 3429 1171 3483 et
1190 3422 1257 3484 ideo
1278 3421 1335 3482 boc
1358 3422 1388 3482 iu
1409 3423 1491 3483 souis

202 3527 325 3602 apertius
346 3522 624 3586 demonstrabimus.
675 3518 681 3530 '
1407 3525 1413 3536 ‘
1501 3538 1527 3581 so

279 3624 366 3686 Nunc
387 3625 444 3687 boc
468 3643 623 3687 monemus
644 3627 676 3687 iu
698 3626 754 3687 bac
776 3626 871 3687 lorma
892 3628 1010 3706 generis
1031 3624 1143 3688 seilicet
1163 3626 1313 3695 seminini,
1336 3644 1394 3705 qua
1415 3624 1489 3686 dini·

210 3743 265 3787 nus
284 3725 410 3790 ablatim
431 3747 502 3789 casu
523 3730 640 3789 numeri
667 3726 823 3807 singularis
847 3730 966 3790 nomina
992 3748 1008 3790 e
1030 3728 1124 3790 littera
1155 3728 1299 3807 producta
1326 3728 1489 3796 terminari,

216 3829 277 3903 qood
298 3847 334 3890 ex
354 3847 388 3890 ea
407 3828 474 3908 plus
494 3848 583 3908 quam
606 3832 762 3909 nonaginta
787 3831 847 3890 duo
871 3833 949 3899 soni,
980 3831 1104 3892 horest
1128 3831 1194 3911 plus
1219 3849 1306 3909 qnam
1331 3830 1489 3905 nonaginta

220 3925 261 3988 luo
277 3933 402 4001 nomina,
422 3948 482 3992 nou
503 3934 616 4010 possint
637 3931 779 3993 exhiberi.
814 3932 850 3993 de
869 3931 964 3994 forma
982 3935 1100 4010 generis
1121 3933 1264 4000 seminini,
1285 3949 1342 4010 qna
1365 3929 1490 3992 ablativo

225 4043 274 4090 taso
296 4034 411 4096 numeri
439 4033 595 4112 singularis
625 4035 744 4094 nomina
770 4053 786 4095 e
813 4033 909 4096 littera
939 4034 1084 4113 producta
1111 4034 1320 4103 terminantur,
1348 4039 1488 4111 quantum
1503 4043 1528 4085 ³⁵

227 4130 280 4190 ulio
296 4134 444 4212 poscebat,
467 4137 663 4197 tractavimus.
758 4119 762 4128 ’

288 4232 325 4296 lle
347 4255 363 4298 e
385 4243 533 4314 correpto.
579 4256 596 4298 e
616 4236 713 4298 littera
740 4245 877 4315 correpta
899 4236 1042 4299 ablatims
1064 4254 1150 4298 casus
1172 4237 1288 4298 numeri
1303 4231 1319 4320 11
1331 4233 1491 4314 singularis

234 4331 369 4399 leimitatus
405 4356 514 4418 genera
546 4340 700 4400 nominum
733 4341 863 4400 continet
900 4341 1045 4418 quinque,
1088 4338 1281 4400 masculinum
1317 4338 1489 4398 femininum

236 4438 337 4499 uotum
358 4457 518 4501 commuue
540 4458 638 4501 omne.

261 4630 265 4640 .
281 4569 294 4618 l
308 4577 478 4637 pronuntietur
493 4591 509 4624 r
525 4577 703 4641 pronuntiatur
717 4575 766 4626 RB
834 4578 851 4628 5
868 4576 906 4625 ies
924 4576 1016 4626 litteris
1032 4593 1062 4627 re
1085 4591 1113 4626 es
1132 4575 1223 4626 litteris
1239 4577 1263 4627 ii
1336 4575 1366 4626 ll
1388 4574 1449 4640 quin
1467 4574 1490 4625 R

139 4662 142 4715 ᾗ
238 4641 297 4704 list·
354 4645 397 4696 nel
414 4648 533 4695 uocatiuo
552 4645 575 4696 R
597 4654 622 4696 et
639 4649 759 4697 uocatiuo
776 4661 792 4694 r
809 4646 850 4695 uel
870 4646 982 4697 ablatioo
1001 4646 1025 4696 B
1097 4645 1128 4696 1³
1147 4647 1322 4712 pronuntietur
1338 4661 1354 4693 r
1376 4658 1490 4710 pronun-

139 4738 141 4751 ι
237 4700 290 4752 ¹¹¹l11
302 4710 342 4762 uo
405 4716 440 4764 22
460 4716 514 4766 dies
531 4716 590 4767 ideo
607 4715 730 4767 feminino
744 4730 837 4782 genere
855 4720 1033 4782 pronuntietur
1049 4715 1073 4766 ii
1091 4716 1160 4767 diem
1178 4717 1237 4766 ideo
1254 4715 1377 4766 feminino
1396 4728 1491 4781 genem

139 4754 142 4837 l
240 4775 453 4839 tile{trorrnutietur
469 4785 495 4835 B
564 4785 599 4837 23
617 4785 783 4837 adseueretur
800 4785 824 4836 R
839 4800 907 4838 corr.
926 4786 1092 4837 adseueratur
1106 4786 1132 4837 B
1201 4786 1236 4837 26
1256 4785 1343 4852 perii
1362 4785 1449 4850 siper
1466 4783 1491 4834 B

285 4842 310 4898 3⁰
324 4852 551 4907 demonstrabimus
569 4855 592 4906 Ii
608 4856 837 4907 demonstrauimus
856 4856 882 4906 B
