3314 5506
633 359 841 421 cdtubttttt
863 360 875 420 Ι
894 358 1018 422 50-53
1429 360 1469 423 23

228 489 251 530 y.
266 475 364 517 auara
376 473 401 517 r.
1263 477 1378 531 natust
1393 477 1417 519 c.

183 549 297 626 generis
320 548 415 608 uisus.
459 548 603 624 excipitur
626 566 717 608 unum
738 541 959 626 monosyllabon
981 550 1005 608 is
1026 548 1136 609 faciens
1156 549 1306 625 genetivo,
1328 566 1378 609 sus
1398 548 1469 615 suis,
1504 571 1511 583 ·

182 651 293 710 ratione
316 647 598 730 monosyllabarum,
622 649 658 709 de
680 667 736 728 qua
762 649 931 728 frequenter
953 651 1083 711 tractari.

261 749 321 813 Tas
350 752 448 811 omnia
479 752 584 813 tertiae
609 759 679 812 sunt
707 749 925 819 declinationis,
957 752 994 811 tis
1022 752 1132 813 faciunt
1161 753 1313 829 genetivo,
1347 749 1470 813 facultas

179 850 336 925 facultatis;
368 852 426 913 hoc
446 861 548 930 naptas
575 854 688 933 primae
716 860 763 914 tae
785 853 919 930 genetivo
947 853 1071 924 iaciens,
1099 852 1186 922 huius
1214 861 1334 932 naptae,
1362 870 1469 913 nornen
1561 928 1563 933 Α

179 954 338 1015 barbarum
362 964 465 1016 contra
483 957 627 1016 rationem
642 963 825 1023 neutrorum,
847 973 922 1034 quae
937 955 1037 1016 latim
1056 955 1221 1034 genetivum
1237 974 1271 1016 ae
1287 955 1468 1033 diphthongo
1494 983 1507 1021 ⁵

179 1075 235 1117 uon
257 1059 436 1128 terminant,
464 1059 593 1137 exceptis
614 1065 766 1136 quattuor,
789 1057 838 1118 hic
859 1065 888 1118 et
907 1057 980 1118 haec
1002 1065 1032 1118 et
1052 1056 1109 1117 hoc
1133 1075 1219 1118 verna
1242 1057 1329 1118 huius
1351 1075 1468 1126 uernae,

177 1160 224 1221 hio
241 1167 274 1219 et
294 1159 370 1221 baec
393 1167 422 1220 et
443 1159 500 1220 hoc
521 1159 633 1220 advena
656 1160 741 1221 huius
763 1159 908 1229 advenae,
940 1167 969 1220 et
991 1159 1047 1219 lroc
1067 1159 1155 1220 Turia
1178 1158 1266 1220 huius
1286 1159 1393 1221 furiae
1414 1159 1469 1221 llu-

160 1265 262 1331 ''mcu,
291 1261 351 1322 hoc
376 1270 480 1340 neptas
503 1261 591 1324 huius
619 1271 738 1342 naptae,
768 1280 861 1339 genus
889 1259 946 1322 olei
970 1260 1061 1344 cedro
1090 1260 1199 1330 simile,
1226 1263 1300 1323 sicut
1318 1259 1470 1322 Sallustius

179 1363 371 1424 historiarum
404 1362 482 1424 libro
514 1372 630 1443 quarto.
674 1363 727 1425 sed
757 1362 862 1424 melius
893 1364 951 1425 erit
979 1362 1191 1424 indeclinabile.
1236 1370 1280 1425 tes
1306 1363 1406 1424 Latina
1434 1365 1471 1424 tis

179 1464 290 1526 faciunt
310 1467 462 1542 genetivo,
491 1472 571 1527 rates
593 1467 674 1526 ratis.
691 1463 704 1549 ΙΙ
719 1466 832 1526 Graeca
856 1471 970 1534 autem,
994 1467 1019 1525 si
1040 1466 1119 1544 apud
1142 1464 1207 1526 illos
1228 1486 1297 1540 eoo,
1318 1466 1397 1545 apud
1416 1484 1471 1527 nos
1484 1491 1509 1531 aa

179 1576 232 1635 tue,
255 1567 386 1629 Achates
407 1567 534 1628 Achatae
551 1557 692 1645 Ἀχάτου,
726 1576 775 1628 ant
797 1568 835 1625 tis
854 1574 1005 1627 crescente
1027 1565 1151 1646 syllaba,
1181 1570 1206 1629 si
1225 1568 1304 1647 apud
1325 1566 1391 1628 illos
1410 1589 1471 1642 τος,

179 1668 280 1731 frates
295 1669 422 1731 Cratetis
436 1663 596 1747 Κράτητος,
616 1677 648 1730 ιιι
665 1668 823 1730 Bibaculus
845 1668 881 1729 de
897 1667 1006 1729 fatone
1028 1671 1219 1746 grammatico
1241 1670 1367 1731 ‘iecur
1384 1669 1470 1732 Cra·

180 1773 298 1833 tetis'.
338 1775 375 1831 tis
394 1772 491 1832 omnia
510 1778 579 1831 sunt
598 1774 704 1832 tertiae
723 1769 933 1856 declinationis,
954 1772 989 1832 tis
1005 1771 1117 1832 faciunt
1137 1773 1273 1848 genetiuo
1291 1772 1402 1841 Latina,
1423 1772 1471 1833 hic

181 1876 253 1936 uitis
276 1873 367 1935 buius
387 1874 479 1941 mitis,
508 1872 582 1934 haec
600 1875 696 1951 neptis
717 1873 804 1934 huius
826 1874 936 1952 neptis;
971 1874 1084 1935 Graeca
1111 1874 1148 1935 tis
1171 1873 1215 1935 vel
1242 1874 1300 1942 dis,
1331 1874 1379 1936 hic
1397 1876 1471 1936 atus

181 1975 264 2038 huius
278 1977 356 2037 Attis
377 1974 424 2036 rel
438 1976 552 2043 Attidis,
571 1975 644 2036 haee
662 1976 781 2055 amystis
799 1970 805 2056 Ι
824 1974 910 2035 buius
925 1976 1044 2054 amystis
1059 1975 1217 2054 amystidis,
1236 1994 1343 2037 nomeu
1361 1975 1469 2038 lectum
1482 2000 1507 2041 aa

182 2078 364 2140 infloratio.
409 2086 457 2137 tos
478 2079 575 2137 omnia
598 2077 799 2157 corripiuntur
826 2084 856 2136 et
877 2077 990 2138 Graeca
1018 2084 1087 2139 sunt
1112 2085 1142 2139 et
1167 2078 1313 2140 secundae
1340 2077 1469 2140 declina·

183 2182 280 2249 tionis,
309 2181 332 2240 ti
361 2179 473 2240 faciunt
498 2181 646 2258 genetivo,
677 2179 799 2258 Berytos
823 2177 936 2258 Reryti,
970 2179 1079 2241 l‘ontos
1105 2179 1204 2247 Ponti,
1233 2199 1308 2259 quae
1332 2186 1471 2258 poterunt

184 2282 279 2344 latine
302 2281 411 2343 melius
430 2281 496 2349 dici,
520 2284 545 2342 si
568 2282 666 2341 oinu
690 2282 873 2341 aestuaverint.
907 2288 955 2342 tus
978 2282 1107 2359 exeeptis
1129 2282 1191 2342 istis
1210 2283 1332 2345 Graecis
1353 2283 1470 2343 reuien·

184 2383 256 2445 tibus
271 2404 289 2445 a
307 2381 419 2463 syllaba
441 2403 490 2455 τος
513 2391 610 2445 cetera
634 2383 769 2444 facientia
793 2381 871 2443 aliud
890 2400 982 2460 genus
1004 2383 1150 2445 secundae
1172 2393 1241 2445 sunt
1259 2383 1470 2451 declinationis.

172 2487 203 2549 .ti
219 2487 334 2548 faciunt
349 2487 497 2564 genetivo,
520 2483 625 2546 stultus
643 2484 731 2553 stulti,
749 2492 870 2546 renatus
885 2486 1069 2564 participium
1086 2488 1189 2555 renati,
1212 2486 1260 2547 hic
1280 2494 1361 2549 actus
1380 2487 1471 2548 huius
1483 2511 1509 2551 aa

185 2592 249 2659 arti,
277 2595 424 2667 augustus
450 2586 528 2667 quod
557 2586 689 2648 redditur
719 2586 795 2667 (uam
817 2596 899 2648 artus
925 2587 1058 2648 membra
1081 2605 1205 2649 numero
1226 2607 1344 2667 semper
1365 2588 1471 2669 plurali

185 2689 391 2770 declinanturl:
414 2706 474 2749 non
498 2689 631 2749 facientia
646 2707 690 2756 us,
702 2697 746 2750 *ut
759 2691 878 2751 restitus
896 2689 982 2750 buius
999 2692 1125 2759 restitus,
1143 2709 1192 2752 res
1211 2693 1291 2770 ipsa:
1315 2672 1475 2752 Terentino¹

185 2792 342 2854 ‘restitu
370 2791 485 2852 uimio
512 2790 721 2870 indulges'3
753 2794 803 2871 qui
824 2789 967 2853 ablativus
989 2810 1009 2851 a
1030 2793 1166 2869 genetivo
1188 2795 1266 2854 venit
1293 2800 1341 2853 tus
1362 2791 1471 2872 syllaba

185 2896 348 2956 terminato.
393 2911 462 2953 nam
485 2894 670 2972 participium
691 2893 741 2953 hic
763 2895 883 2955 restitus
904 2893 991 2954 huius
1012 2878 1121 2956 vestiti:
1144 2894 1215 2956 facit
1236 2896 1313 2956 enim
1335 2894 1413 2956 aliud
1436 2915 1471 2957 ox

185 3014 335 3074 segerus.
383 2996 569 3072 excipiuntur
591 2995 648 3055 duo
672 2997 709 3056 tis
729 2995 862 3056 facientia
884 2997 1034 3073 genetivo,
1060 2998 1152 3058 virtus
1180 2998 1329 3066 iuventus,
1358 2999 1510 3061 virtutissa

185 3099 348 3160 arcaturis.
392 3114 461 3157 nam
485 3096 604 3159 boetus
625 3104 797 3159 neutrorum
821 3101 935 3159 ratione
957 3116 992 3159 us
1010 3099 1161 3160 finitorum
1181 3101 1221 3160 ris
1242 3099 1311 3160 facit
1329 3101 1471 3177 genetivo,

184 3198 263 3261 huius
285 3201 382 3260 turis:
406 3197 549 3276 Vergilius
569 3201 673 3260 ‘ture
700 3199 825 3260 calent
851 3205 964 3261 arae'.
994 3211 1146 3279 praeterea
1166 3199 1398 3280 monosyllabum
1417 3208 1472 3261 est

185 3312 251 3373 ctus,
269 3303 295 3362 si
318 3301 446 3363 feceriut
467 3300 545 3361 aliud
569 3321 604 3361 ex
620 3319 652 3361 se
671 3320 773 3380 gertus,
797 3304 836 3363 cti
856 3302 967 3361 faciunt
990 3305 1135 3379 genetivo,
1158 3311 1258 3364 rectus
1273 3305 1355 3369 recti,
1378 3303 1472 3365 lectus

159 3453 162 3458 .
184 3402 252 3475 loeti,
276 3410 400 3466 erectus
418 3405 526 3472 crecti3
555 3422 616 3463 aron
638 3405 772 3465 facientia
796 3403 874 3465 aliud
897 3421 990 3482 genus
1011 3413 1134 3484 quartae
1152 3414 1240 3466 eruut
1260 3403 1471 3472 declinationis,

184 3504 224 3568 lte
244 3509 343 3567 rictum
373 3504 461 3566 liuius
481 3507 587 3573 rictus,
616 3505 664 3565 hic
691 3506 788 3568 luctus
815 3506 902 3567 huius
929 3505 1035 3567 luctus.
1080 3509 1224 3586 excipitur
1253 3525 1363 3574 uuum,
1391 3506 1471 3586 quod
1486 3530 1512 3570 aa

185 3610 314 3687 nummis
335 3626 396 3668 uon
421 3607 507 3667 faciat
526 3628 560 3669 ex
577 3627 609 3668 se
625 3624 728 3684 genus,
752 3616 848 3668 tamen
872 3611 910 3668 eti
932 3607 1000 3669 facit
1021 3610 1164 3686 genetivo,
1189 3608 1283 3669 lectus
1301 3607 1379 3677 lecti,
1402 3627 1472 3675 non,

185 3719 210 3770 ut
229 3711 352 3791 quidam
376 3710 504 3789 inperiti,
528 3696 735 3770 huius'lect'us.
781 3729 848 3770 nam
872 3710 974 3771 Cicero
994 3713 1067 3772 ‘me
1089 3711 1122 3770 in
1148 3729 1229 3771 meo
1255 3710 1389 3778 lecto',
1424 3711 1473 3789 qui

186 3812 324 3874 ablaticus
346 3811 385 3873 ab
410 3812 420 3871 i
438 3809 534 3872 littera
557 3813 712 3872 terminato
734 3813 869 3891 genetivo
892 3814 979 3882 veuit,
1003 3831 1062 3873 noo
1084 3831 1135 3881 us:
1159 3821 1187 3874 et
1207 3813 1364 3874 Terentius

331 3921 369 3976 et
390 3912 518 3975 lectos
539 3915 661 3974 sterni
682 3913 767 3975 iube
792 3921 828 3975 et
849 3917 980 3993 parari
1004 3923 1164 3977 cetera’:

186 4019 362 4079 aoeaasatirus
387 4034 423 4077 os
448 4016 623 4076 terminatus
654 4016 831 4094 a'gouctiro
862 4019 940 4078 veuit
966 4019 1168 4086 iterminato,
1202 4035 1261 4078 non
1293 4037 1337 4078 us.
1381 4036 1512 4079 unumrs

246 4221 446 4288 ’1ηαρ1ηωςε
466 4221 548 4284 θήρ.
570 4219 637 4271 14115
718 4221 867 4273 btcrnrintt
885 4222 910 4271 B
985 4221 1060 4274 tute
1078 4236 1125 4274 om.
1143 4220 1169 4271 B
1250 4220 1475 4287 boetyriuhuius

187 4290 313 4356 dryriaeB
403 4289 494 4341 8hue
516 4290 612 4354 naptha
634 4289 711 4340 buius
731 4291 881 4356 napthaeB
967 4291 1059 4342 caedra
1077 4291 1103 4342 B
1192 4291 1219 4341 ll
1247 4294 1391 4342 toenneB

188 4360 237 4411 illea
253 4378 302 4413 roa
323 4375 424 4411 resino
447 4361 552 4410 ecatetis
571 4375 702 4411 xrarrrroc
726 4370 753 4409 ut
769 4362 903 4410 uiuueulus
923 4359 949 4410 B
1038 4363 1069 4412 l²
1093 4357 1241 4426 bibaculus]
1267 4362 1302 4424 cs.
1319 4364 1422 4413 Sueten
1443 4363 1475 4411 eie

187 4446 277 4491 πω.
291 4432 325 4484 11
383 4432 414 4483 tt
433 4428 478 4480 hic
497 4429 575 4480 atthis
590 4429 666 4479 huius
685 4430 763 4481 atthis
782 4432 822 4481 uel
840 4430 945 4481 atthidis
963 4430 988 4479 B
1043 4430 1073 4479 lti
1093 4432 1119 4481 in
1136 4427 1250 4496 florario]
1270 4432 1474 4488 camerasti

188 4499 294 4552 Threicia
312 4504 398 4553 vincat
417 4500 545 4566 amystide
607 4500 638 4552 17
657 4500 756 4552 Boritoa
771 4501 845 4551 beriti
864 4515 881 4558 ς
897 4511 1000 4550 uerutos
1019 4503 1100 4551 ueruti
1119 4500 1145 4549 B
1198 4500 1231 4552 19
1249 4501 1371 4566 asyllabe
1386 4517 1434 4552 rou
1450 4503 1475 4552 B

246 4574 280 4622 22
301 4586 353 4623 nou
371 4571 496 4622 facientia
512 4583 543 4617 us
561 4583 578 4627 ς
602 4583 652 4619 nou
672 4570 791 4620 facientia
808 4581 848 4620 tus
868 4571 996 4621 Sacerdos
1008 4587 1034 4635 p.
1054 4570 1088 4620 57
1113 4585 1161 4619 uon
1180 4568 1274 4621 facient
1291 4573 1314 4620 is
1332 4573 1358 4622 B
1427 4571 1474 4621 'fe-

190 4638 285 4706 rentias]
303 4641 416 4705 Adelph.
438 4642 447 4690 l
470 4640 495 4702 1,
507 4639 542 4691 38
594 4642 627 4690 ’23
646 4655 662 4690 a
680 4657 726 4694 orn.
742 4639 767 4689 B
819 4641 854 4692 ²6
871 4649 1017 4691 neutrorum
1035 4653 1052 4695 ς
1071 4647 1097 4689 et
1113 4641 1242 4692 Sacerdos
1255 4656 1282 4705 p.
1296 4644 1328 4692 bl
1348 4651 1437 4694 neutro
1449 4642 1475 4693 B

190 4724 295 4763 neutrum
320 4713 458 4765 Petachius
547 4724 578 4758 us
596 4710 721 4761 llnitorum
740 4712 868 4761 Sacerdos
884 4728 911 4776 p.
930 4712 963 4761 hl
989 4725 1038 4760 nus
1055 4709 1183 4761 finitorum
1200 4709 1225 4759 B
1251 4721 1292 4761 tus
1310 4712 1474 4768 finitorum

248 4782 280 4834 27
299 4779 447 4850 Vergilius]
467 4780 533 4831 Aea.
554 4780 624 4831 tttt
696 4782 729 4831 32
748 4778 846 4845 Cicero]
864 4785 890 4831 io
908 4781 979 4830 Cutil.
1000 4779 1080 4841 14,9
1128 4780 1182 4830 ’33
1202 4781 1347 4848 Terentius]
1366 4782 1473 4847 Adelph.

191 4847 210 4897 ll
227 4852 249 4915 l,
266 4852 297 4903 21
365 4853 402 4905 34
422 4860 448 4902 et
469 4858 530 4899 ante
548 4849 626 4899 lectos
642 4867 687 4899 ona.
701 4851 723 4906 ’ς
794 4853 877 4915 parari
897 4866 1021 4916 §parare
1039 4849 1063 4898 B
