3346 5506
236 383 293 446 teo
322 363 328 381 '
820 379 964 469 raoni·

282 511 304 552 p.
316 499 361 540 rso.
372 499 396 539 n
412 495 439 538 n.
1308 507 1330 548 ρ.
1344 495 1424 539 nicto
1438 493 1467 536 v.

534 574 638 628 erant
663 575 698 628 et
720 586 904 646 equorum
926 568 1097 627 inaurata
1122 574 1246 644 tapeta

232 690 287 750 qna
310 670 346 731 rie
368 689 454 731 cansa
474 669 531 728 lroc
549 665 554 752 l
575 666 712 748 tapetutn'
733 669 830 730 iacere
853 670 1067 747 pronuntietur.
1112 667 1168 728 lrnc
1189 668 1225 728 ‹le
1248 685 1349 739 causa,
1379 669 1516 746 quoniam

231 790 435 850 quaecumque
454 771 575 831 nomina
599 771 717 847 generis
735 771 831 831 neutri
853 789 868 830 a
888 771 1064 830 nominativo
1080 788 1150 830 casn
1170 769 1285 831 numeri
1308 767 1467 846 singularis
1486 770 1517 828 iu

230 875 395 934 accusativo
412 892 480 934 casu
502 873 618 933 numeri
633 870 755 951 pluralis
774 891 828 951 per
843 870 983 950 syllabam
1007 888 1064 931 non
1080 876 1226 940 crescunt,
1249 871 1322 932 haec
1339 871 1518 931 nominativo

206 993 303 1040 sensu
323 977 439 1036 numeri
457 968 613 1051 singularis
631 992 681 1033 um
701 972 805 1034 litteris
826 974 1013 1033 deliniuntur.

316 1077 482 1148 Quaeritur,
504 1075 540 1136 alr
563 1095 598 1136 eo
620 1076 697 1155 qnod
721 1075 791 1136 dinit
813 1073 957 1152 Vergilius
978 1072 1252 1153 ‘pulchrosque
1266 1064 1438 1152 ⁵tapetos'
1460 1091 1517 1153 qua

231 1179 267 1240 rie
288 1196 375 1239 causa
397 1178 574 1238 nominativo
597 1195 666 1237 casu
688 1179 804 1237 numeri
822 1176 977 1255 singularis
991 1176 1046 1237 iric
1062 1183 1155 1253 tapeta
1179 1176 1278 1237 lacere
1298 1178 1516 1254 pronuntietur.

230 1281 286 1341 lrac
307 1281 343 1340 tle
368 1296 469 1347 cansa,
500 1280 638 1358 qnoniam
660 1296 862 1357 quaecumque
891 1269 1008 1338 nomina
1032 1279 1193 1339 accusativo
1215 1295 1285 1338 casu
1312 1281 1428 1341 numeri
1451 1276 1517 1358 pln-

231 1382 299 1442 ralis
316 1400 347 1441 as
364 1378 467 1440 litteris
490 1380 679 1450 deliniuntur,
701 1379 773 1440 haec
795 1382 973 1441 nominativo
991 1398 1060 1455 casn
1082 1380 1198 1441 numeri
1212 1378 1401 1457 singularis-n
1420 1379 1517 1442 littera

193 1483 427 1549 interminantur
450 1490 479 1541 et
497 1481 533 1542 ari
557 1481 723 1560 exemplum
745 1481 883 1544 Catilinae
904 1500 959 1561 per
976 1499 1078 1553 omnes
1098 1500 1185 1543 casus
1207 1480 1402 1543 declinantur.
1420 1560 1423 1568 Ι
1493 1506 1497 1511 ·

316 1583 481 1659 Quaeritur,
503 1600 559 1660 qna
583 1583 727 1662 decanea
750 1583 798 1644 hic
815 1583 920 1661 figulus
939 1592 968 1644 ct
989 1602 1047 1643 non
1069 1584 1116 1645 lric
1138 1582 1204 1662 figel
1233 1584 1357 1644 dicatur.
1403 1584 1459 1645 lrac
1479 1585 1516 1646 de

200 1681 204 1688 ’
230 1704 332 1754 causa,
362 1685 499 1763 quoniam
530 1703 734 1764 quaecumque
767 1686 883 1745 nomina
917 1685 1040 1746 ablativo
1068 1695 1137 1746 casn
1169 1687 1283 1745 numeri
1315 1685 1472 1762 singularis
1498 1705 1516 1746 o

230 1787 328 1849 littera
358 1787 569 1854 terminantur,
602 1785 675 1848 haec
706 1805 864 1866 numquam
896 1772 1075 1848 nominativo
1107 1806 1175 1848 casu
1210 1789 1325 1848 numeri
1359 1787 1517 1865 singularis

170 1938 179 1963 ,
227 1890 257 1951 el
275 1873 383 1950 litteris
405 1889 592 1949 definiuntur.
638 1906 718 1948 nnnc
740 1908 807 1950 curn
836 1897 864 1949 et
887 1889 943 1949 ltoc
968 1908 1075 1950 nomon
1104 1888 1139 1948 ab
1162 1889 1219 1949 hoc
1240 1888 1330 1966 figulo
1352 1887 1450 1950 laccic
1470 1908 1515 1950 re·

193 2016 217 2056 15
232 1992 371 2070 periatur,
393 1998 423 2050 ct
441 1990 506 2057 irlco
529 1989 577 2050 hie
598 1988 712 2068 figulus,
735 2008 794 2050 non
818 1991 865 2050 iric
887 1991 955 2068 irgel
977 1992 1073 2052 lacere
1096 1993 1312 2069 pronuntiatur.

313 2092 473 2154 Declinatio
495 2091 625 2152 lerninis:
654 2093 771 2169 generis
791 2094 887 2153 neutrl
916 2095 1030 2153 numeri
1053 2091 1209 2171 singularis
1234 2093 1290 2153 hoc
1314 2091 1408 2153 lomus
1429 2092 1515 2153 liuius

203 2228 206 2235 ·
229 2196 345 2258 leminis
372 2194 442 2255 linio
464 2192 563 2253 lentini
591 2192 647 2251 lroc
672 2184 770 2252 'lemos
794 2194 929 2255 olemus
957 2194 993 2254 ab
1015 2195 1071 2255 lroc
1095 2195 1217 2262 lemine,
1252 2195 1366 2255 numeri
1393 2193 1516 2272 pluralis

228 2299 302 2358 liaeo
324 2298 430 2357 lomina
460 2294 566 2353 luorum
588 2293 727 2354 feminum
760 2294 805 2354 his
826 2294 983 2356 luminibus
1005 2296 1077 2358 llaec
1103 2298 1208 2357 lentina
1241 2297 1385 2356 oiemina
1413 2295 1451 2356 ab
1470 2297 1516 2356 itis

229 2396 394 2458 feminibus.
439 2393 595 2456 declinatio
617 2395 751 2456 lemoris:
775 2398 892 2474 generis
914 2400 1009 2458 neutri
1033 2399 1148 2459 numeri
1167 2397 1323 2476 singularis
1345 2397 1401 2457 lroc
1415 2398 1516 2465 lemur

190 2501 316 2562 rolruius
338 2499 458 2559 lenioris
490 2497 559 2557 lruic
581 2498 685 2558 lemori
717 2496 774 2559 hoc
795 2499 892 2560 lemur
925 2499 1061 2560 olemnr
1093 2499 1130 2559 alt
1153 2500 1210 2559 hoc
1235 2500 1362 2567 lemore,
1398 2501 1515 2560 numeri

228 2599 351 2681 pluralis
369 2599 444 2660 haee
466 2598 577 2658 iernora
601 2599 707 2660 horum
728 2600 871 2661 ternorum
895 2601 940 2661 iris
958 2601 1121 2664 femoribus
1143 2600 1216 2662 hacc
1236 2602 1346 2662 lemora
1368 2601 1514 2662 oiemora

227 2704 264 2765 ab
286 2703 331 2764 his
354 2699 524 2762 semoribus.

312 2803 486 2876 Quaeritur,
515 2819 606 2880 qnare
624 2802 673 2864 hie
693 2804 826 2882 scorpius
849 2812 877 2865 ot
896 2821 953 2865 non
983 2804 1032 2866 nie
1052 2806 1168 2884 scorpio
1196 2805 1318 2866 dicatur.
1363 2805 1414 2865 sod
1445 2822 1513 2865 cum

228 2907 305 2967 dicat
331 2932 349 2966 a
378 2907 574 2965 ‘terrenum
607 2906 750 2982 scorpii
783 2905 963 2982 frigidum
993 2908 1203 2983 attigerat'.
1238 2908 1339 2985 ntique
1374 2909 1430 2966 iarn
1466 2906 1514 2967 hic

189 3028 214 3069 ro
228 3009 370 3086 scorpius,
392 3024 451 3066 non
467 3006 516 3066 iric
532 3008 649 3083 scorpio
668 3007 764 3067 iacere
779 3006 1003 3076 demonstrante
1025 3008 1133 3068 scilicet
1155 3011 1290 3087 qnoniam
1309 3027 1514 3088 quaecumque

228 3112 346 3171 numina
369 3110 487 3185 generis
506 3107 659 3169 masculini
686 3110 819 3186 genetivo
842 3128 910 3170 casu
938 3113 1052 3171 numeri
1075 3107 1241 3191 sinilgnlaris
1262 3112 1271 3171 i
1294 3110 1389 3171 littera
1413 3113 1514 3171 termi-

228 3220 348 3280 nantur,
377 3209 451 3271 haec
482 3228 640 3289 numquam
667 3211 843 3270 nominativo
866 3230 934 3272 casu
962 3213 1075 3273 numeri
1098 3211 1255 3289 singularis
1277 3231 1294 3271 o
1323 3212 1418 3273 littera
1441 3213 1513 3273 ‹tett-

225 3317 355 3375 niuntur.

312 3415 479 3487 Quaeritur,
503 3432 559 3491 qua
582 3414 618 3475 tle
640 3432 726 3475 eausa
743 3413 886 3491 Vergilius
908 3417 1031 3475 tenuia
1054 3417 1258 3493 pronuntiarit.
1291 3415 1347 3477 hac
1361 3417 1399 3477 tic
1414 3436 1511 3487 rausa,

188 3518 365 3598 aequoniam
389 3535 593 3597 quaecumque
615 3518 732 3576 nomina
759 3518 876 3593 genueris
899 3519 994 3577 neutri
1019 3519 1195 3578 norninatiro
1222 3536 1291 3578 casu
1315 3520 1429 3579 numeri
1453 3522 1513 3580 sin·

227 3617 336 3695 gularis
358 3636 374 3677 e
393 3617 488 3678 littora
510 3620 720 3686 terminantur,
743 3618 816 3678 haec
837 3638 870 3678 cx
896 3620 1000 3680 coelom
1024 3622 1200 3680 nominativo
1224 3638 1293 3681 casu
1319 3623 1435 3681 numeri
1453 3623 1513 3681 sin·

227 3719 336 3797 gularis
360 3720 482 3779 eandem
505 3740 521 3777 c
543 3719 667 3779 litteram
692 3721 719 3778 in
742 3721 769 3780 ia
792 3720 904 3781 litteras
927 3729 1101 3782 corrrortunt
1131 3733 1159 3783 et
1181 3723 1389 3782 nominativum
1411 3742 1513 3784 insum

226 3822 342 3880 numeri
361 3819 481 3898 pluralis
505 3819 677 3888 ostendunt;
701 3829 729 3882 et
751 3821 815 3882 iiico
843 3823 899 3882 lroe
923 3830 1008 3883 tenue
1031 3824 1105 3885 haec
1131 3826 1230 3883 tenuia
1257 3824 1354 3885 lacere
1381 3843 1513 3902 pronun·

225 3923 323 3982 tiatur.

189 4043 214 4083 oo
314 4023 354 4083 De
376 4022 504 4091 nornine,
525 4030 666 4100 operantum
686 4027 761 4086 ratio
785 4024 933 4104 poscebat,
957 4027 1179 4108 tractavimus}

298 4261 309 4310 l
331 4269 355 4310 ct
372 4276 417 4311 om.
437 4261 470 4319 B,
489 4262 549 4310 artu.
572 4262 593 4312 lt
645 4279 766 4326 equorum
785 4281 800 4313 r
817 4279 952 4328 aequorum
972 4265 994 4313 li
1047 4262 1222 4330 llt'crgilius]
1241 4264 1391 4317 Aenvtni
1410 4267 1462 4319 358

229 4333 260 4384 ll
285 4333 306 4381 el
322 4333 404 4380 littero
422 4332 443 4380 Il
468 4332 587 4380 elitteris
607 4333 631 4381 B
732 4336 766 4385 24
786 4342 844 4397 port
861 4335 928 4383 dicut
946 4350 1029 4383 nornen
1049 4336 1181 4397 scriptorio
1202 4337 1328 4385 excidisse
1343 4337 1445 4386 uidetur

226 4405 260 4453 29
274 4403 358 4452 teunin
372 4401 539 4467 pronuntiarit
554 4417 568 4448 r
584 4403 669 4468 tenuia
684 4405 725 4452 nin
739 4405 910 4468 pronuntiauit
925 4405 945 4453 li
963 4406 1047 4453 tcnnin
1062 4406 1098 4453 nit
1111 4407 1189 4454 uittae
1203 4407 1374 4470 pronuntiauit
1386 4407 1411 4456 B
1429 4409 1513 4457 tenuia

226 4473 267 4521 uta
286 4471 458 4537 pronuntiauit
469 4471 551 4519 codex
565 4473 695 4522 Parisinus
707 4472 783 4523 tntu.
803 4475 887 4522 tenuia
899 4477 923 4524 in
939 4475 1045 4540 Vrrpiiii
1060 4475 1209 4524 rororinr'brar
1224 4478 1315 4539 lepitnr
1324 4492 1413 4541 peorp.
1430 4480 1436 4525 Ι
1452 4478 1512 4530 ant.

228 4544 248 4590 ll
271 4543 327 4594 itt.
350 4542 393 4591 llll
413 4542 455 4591 38.
488 4541 602 4590 Porisini
622 4543 715 4593 codicia
735 4545 885 4605 scripturum
909 4546 945 4592 nd
963 4546 1075 4593 Lucretii
1093 4563 1188 4594 versum
1208 4547 1237 4593 lli
1258 4545 1308 4595 :¹83
1333 4563 1378 4594 nec
1396 4548 1511 4597 nrinrlnrn

226 4624 300 4662 noctu
320 4627 401 4674 troque
417 4611 502 4659 nrnnci
522 4613 606 4660 tenvia
625 4612 667 4661 tito
683 4614 844 4676 referendam
861 4630 916 4663 esse
930 4614 1036 4676 protonat
1053 4617 1134 4664 editor·
1153 4618 1177 4664 V
1178 4615 1361 4665 inclolrnueuar'e.
