3314 5506
243 363 283 427 ao
513 350 516 355 ’
834 363 947 426 ruour

311 509 315 519 .
332 479 432 522 isra-u
446 480 469 523 n.
1336 479 1401 522 aer.
1411 479 1439 523 aa
1455 479 1480 524 ι.

243 493 387 630 excipitur
403 552 505 612 tertiae
523 549 724 612 declinationis
738 547 748 633 ll
762 552 799 613 tis
818 551 929 612 iaciens
946 551 1090 629 genetivo,
1105 558 1242 626 senectus¹
1256 493 1424 613 senectutis.
1453 559 1529 631 ptus,

242 653 266 713 si
287 653 410 713 iecerint
432 651 509 713 aliud
532 670 567 712 ex
590 670 622 713 se
644 670 752 731 genus,
786 653 933 714 secundae
965 658 1033 713 suut
1056 651 1257 713 declinationis
1279 654 1336 732 pti,
1360 652 1409 714 hic
1430 661 1531 734 raptus

242 754 330 815 huius
351 755 441 833 rapti;
461 754 509 815 siu·
528 755 638 823 minus,
661 762 783 834 quartae
806 763 874 835 ptus
896 756 1003 816 iaciunt
1026 739 1169 834 genetivo,
1193 754 1241 816 hic
1260 761 1403 834 sumptus,
1428 773 1530 835 eroga·

242 858 298 926 tio,
335 854 423 916 huius
455 863 612 935 sumptum.
642 857 797 918 Terentius
833 859 1020 935 fsomptos
1053 875 1144 937 quos
1182 856 1353 918 iaciunt'.
1391 865 1531 936 sumptus

217 962 382 1036 sacceptus
401 959 569 1034 significans
587 958 673 1018 hrrius
695 961 817 1038 sumpti:
840 960 907 1020 lacit
929 961 1006 1019 euim
1022 959 1095 1020 haec
1111 966 1237 1037 sumpta.
1266 966 1337 1028 stus,
1361 960 1384 1018 si
1408 959 1530 1020 secedat

242 1059 319 1120 aliud
341 1077 435 1137 genus
457 1058 503 1134 vel
524 1061 643 1139 propria
665 1062 736 1127 sint,
756 1060 902 1122 secundae
923 1068 992 1121 sunt
1013 1044 1231 1130 declinationis,
1255 1060 1303 1122 hic
1323 1069 1421 1121 castus
1443 1060 1529 1122 huius

242 1163 323 1231 costi,
343 1162 391 1222 uto
405 1164 553 1240 Augrrstus
574 1161 662 1244 huius
678 1164 815 1239 Augusti;
836 1180 894 1222 non
910 1163 1045 1223 facientia
1069 1169 1190 1242 quartae
1213 1169 1297 1222 erunt
1320 1161 1528 1231 declinationis,

241 1271 305 1325 stoa
329 1263 437 1325 socient
458 1264 607 1342 genetivo,
632 1273 754 1342 excepto
776 1282 835 1325 uno
857 1272 972 1325 mustus
993 1266 1094 1334 musti,
1125 1265 1173 1325 hic
1197 1272 1295 1324 aestus
1317 1264 1404 1325 lruius
1423 1273 1527 1334 aestus,

242 1364 289 1425 hic
311 1373 466 1446 quaestus,
494 1365 664 1446 adquisitio,
697 1365 784 1426 huius
804 1377 957 1447 quaestus;
988 1368 1037 1428 liic
1055 1376 1193 1443 ,questas
1223 1368 1248 1426 si
1276 1368 1462 1444 participium
1484 1368 1526 1436 sit,

200 1486 228 1532 'ro
241 1466 328 1528 huius
343 1469 448 1548 questi,
464 1468 488 1528 si
505 1486 563 1527 non
582 1468 689 1528 iaciens
712 1466 789 1528 aliud
810 1485 913 1546 genus,
933 1469 1020 1530 huius
1035 1476 1172 1548 questus:
1192 1466 1336 1544 Vergilius
1358 1471 1525 1547 ‘questu-

241 1588 308 1648 que
330 1573 534 1630 cruentus'.
553 1565 559 1652 Ι
579 1570 723 1648 excipitur
742 1588 851 1642 unum,
879 1571 958 1651 quod
982 1579 1011 1632 et
1031 1572 1068 1630 sti
1090 1571 1158 1631 iacit
1179 1579 1208 1631 et
1226 1579 1288 1630 stus
1308 1571 1457 1646 genetivo,
1481 1571 1524 1631 hic

241 1677 353 1743 cestus,
381 1671 477 1732 tunica
500 1671 637 1740 Veneris,
666 1670 754 1732 huius
783 1675 870 1743 cesti,
904 1673 952 1760 hio
980 1680 1094 1735 caestus
1121 1671 1252 1750 pugilum
1282 1670 1370 1731 hrrius
1399 1680 1524 1732 caestus:

241 1771 384 1852 Vergilius
408 1773 512 1853 ‘quid
535 1774 656 1853 siquis
675 1782 824 1837 caestus
847 1777 994 1855 ipsius’.
1018 1781 1047 1834 et
1067 1773 1275 1853 orthographia
1300 1773 1407 1833 distant
1428 1781 1458 1834 et
1480 1773 1523 1834 de·

242 1873 407 1936 clinatione.
453 1891 524 1952 ergo
558 1876 655 1936 omnia
684 1877 721 1936 tis
749 1878 860 1938 iaciunt
891 1877 1024 1954 genetivo
1055 1878 1184 1954 exceptis
1216 1882 1369 1954 quattuor,
1405 1883 1520 1936 caestus

206 1984 354 2048 passius,
375 1984 527 2057 quaestus,
562 1985 682 2057 questus
697 1978 844 2057 querella.
889 1978 954 2038 thas
974 1995 1065 2039 uuum
1092 1995 1199 2037 nomen
1229 1976 1388 2037 barbarum
1413 1978 1522 2055 gerrerir

243 2080 339 2140 neutri
365 2079 439 2157 legi,
468 2079 524 2140 lioc
546 2079 691 2157 naphthas
719 2079 806 2140 huius
827 2078 983 2158 naphthae.
1028 2080 1064 2140 de
1089 2079 1147 2139 hoc
1172 2087 1201 2139 et
1224 2096 1313 2157 supra
1344 2078 1445 2148 docui;
1477 2080 1521 2140 ser¹

187 2232 192 2241 .
243 2181 347 2242 melius
374 2180 580 2242 indeclinabile
607 2188 660 2242 est.
704 2181 770 2242 thes
792 2181 968 2260 productum
991 2183 1136 2245 Graecum
1165 2182 1261 2242 inveni
1286 2181 1363 2258 apud
1385 2180 1520 2251 Ovidium

243 2282 358 2343 [anthes
380 2281 468 2343 hrrius
491 2282 607 2344 lanthes
630 2282 673 2344 rel
696 2283 847 2344 lanthidis.
893 2284 965 2344 this:
995 2291 1025 2344 et
1046 2283 1102 2344 hoc
1124 2284 1227 2344 tertiae
1249 2291 1292 2343 est
1315 2281 1518 2344 declinationis

241 2372 299 2444 this
322 2383 366 2444 rel
389 2383 434 2444 dis
457 2384 525 2444 lacit
546 2387 696 2462 genetivo,
722 2385 815 2447 atthis
836 2385 975 2449 atthidis:
1001 2388 1044 2448 sic
1064 2384 1193 2445 Ovidius.
1238 2385 1322 2446 thos:
1351 2402 1410 2444 non
1432 2386 1517 2446 inren

171 2447 298 2551 Nsatirae
321 2484 431 2565 syllaba
460 2473 579 2547 nomen
598 2491 801 2556 terminatum
833 2489 882 2566 qui
917 2489 1096 2566 reppererit,
1127 2487 1231 2548 doceat
1262 2487 1415 2547 rationem.
1461 2486 1518 2547 thur

240 2587 386 2649 secundae
410 2591 479 2647 sunt
500 2586 713 2658 declinationis,
734 2589 777 2650 thi
799 2589 908 2650 iaciunt
928 2591 1071 2666 genetivo,
1096 2588 1144 2648 hic
1167 2588 1292 2648 Parthus
1314 2588 1401 2650 huius
1416 2588 1515 2649 Parthi

233 2688 289 2749 -hic
319 2689 461 2750 acanthus
494 2689 581 2749 huius
609 2691 740 2752 acanthi:
776 2690 920 2768 Vergilius
951 2695 1106 2752 ‘croceo
1140 2688 1304 2750 velamen
1334 2690 1508 2751 acantho’

240 2790 374 2852 Xanthus
394 2790 511 2851 Xanthi.
558 2791 692 2886 thus'rel
714 2800 757 2872 tys
791 2795 946 2854 terminata
980 2795 1082 2853 tertiae
1117 2798 1186 2852 sont
1216 2789 1433 2863 declinationis,
1460 2793 1515 2852 thu

240 2892 284 2953 rel
306 2892 371 2972 thps
392 2893 503 2953 iaciunt
522 2896 667 2969 genetivo,
687 2893 735 2954 hic
758 2894 889 2955 Panthus
906 2894 994 2956 huius
1017 2894 1155 2963 Panthus,
1178 2895 1225 2955 hic
1245 2897 1315 2974 Atys
1337 2894 1425 2955 huius
1444 2896 1514 2975 Atys

178 3001 180 3004 ’
201 3019 226 3059 as
241 2994 288 3055 hic
305 2995 414 3075 Othrys
434 2994 522 3055 huius
544 2994 661 3075 Othrys.
689 3063 692 3067 ἵ

324 3096 379 3157 Vas
403 3097 558 3158 terminata
587 3104 616 3157 et
640 3099 679 3158 sis
707 3098 816 3158 iaciunt
845 3098 979 3174 genetivo
1010 3104 1039 3157 et
1061 3097 1120 3167 dis,
1152 3096 1210 3158 hoc
1238 3116 1287 3158 vas
1317 3097 1405 3158 huius
1435 3099 1509 3158 rasis

238 3207 397 3278 utrumque
418 3199 510 3260 Varro
533 3201 574 3260 ait
596 3200 632 3260 de
654 3198 750 3277 lingua
771 3195 887 3260 Latina:
911 3199 959 3260 hic
977 3218 1025 3260 vas
1049 3199 1134 3259 huius
1152 3199 1240 3260 radis.
1277 3198 1380 3259 Cicero
1401 3199 1512 3261 ‘rrrltr

162 3314 168 3321 ·
237 3309 419 3380 tamquam
441 3301 558 3363 rade’.
605 3321 653 3364 ves
679 3304 879 3380 corripiuntur
900 3304 998 3362 omnia
1013 3298 1027 3384 11
1042 3312 1072 3360 ot
1094 3303 1196 3362 tertiae
1218 3308 1287 3361 suut
1305 3301 1508 3362 declinationis

231 3421 304 3473 ,nam
321 3405 357 3464 tis
374 3404 485 3465 iaciunt
505 3407 649 3482 genetivo,
671 3405 719 3465 hic
735 3405 814 3466 dives
835 3404 923 3465 huius
937 3404 1040 3471 divitis,
1064 3402 1147 3464 miles
1168 3402 1274 3471 militis,
1299 3411 1327 3464 et
1343 3404 1426 3482 siqua
1446 3403 1509 3464 talia

198 3526 224 3568 so
238 3508 280 3565 ris
301 3513 331 3568 et
352 3507 413 3584 ipsa
434 3509 536 3569 tertiae
558 3515 627 3569 sunt
652 3506 854 3568 declinationis
881 3515 910 3568 et
932 3506 1054 3568 similem
1078 3506 1255 3565 nominativo
1283 3504 1394 3566 iaciunt
1413 3506 1508 3585 geneti

306 3726 322 3775 2
348 3725 452 3776 iecerint
470 3728 598 3779 Sacerdos
612 3744 638 3792 p.
658 3728 692 3778 58
716 3728 803 3778 lecerit
820 3727 846 3778 B
930 3728 946 3780 3
968 3729 991 3777 si
1017 3728 1100 3777 minus
1121 3726 1251 3778 Sacerdos
1266 3742 1292 3790 p.
1312 3726 1346 3777 118
1370 3727 1421 3776 sint
1440 3728 1507 3777 minu

234 3809 303 3845 corr.
323 3806 440 3861 srrmptus
454 3797 478 3846 Β
496 3809 612 3863 sumptos
631 3812 647 3853 ς
700 3797 793 3846 sacient
810 3799 930 3863 genetiuo
948 3800 1124 3864 superscripta
1141 3806 1199 3846 sont
1214 3800 1239 3848 io
1257 3799 1281 3848 B
1300 3797 1360 3847 iacit
1375 3799 1506 3863 genitiuo

303 3867 319 3914 1
344 3865 454 3916 Terentii
471 3870 611 3932 eoeeorphmr
630 3867 666 3915 ad
684 3867 792 3932 Adelph.
811 3869 869 3930 vo,
881 3870 910 3917 ‘ll
933 3876 1060 3932 sumptum
1079 3868 1217 3931 filiiquem
1238 3868 1333 3917 luriunt
1351 3871 1445 3919 rettulit
1460 3870 1505 3918 Lia

235 3934 370 3983 denanarius
432 3937 577 4000 Smustus]
594 3938 721 3989 Ρήεοῑαη.
739 3954 766 4000 p.
787 3935 836 3986 711
899 3935 976 3986 tttrtc
993 3951 1097 3999 questus
1114 3953 1160 3990 oro.
1182 3938 1207 3987 B
1279 3938 1310 3988 10
1329 3936 1404 3986 huius
1423 3954 1502 4002 quaes

235 4004 260 4053 B
329 4004 405 4053 huius
424 4016 543 4067 quaestus
560 4021 631 4071 uerg.
654 4017 811 4070 quaestuque
828 4006 872 4055 B:
896 4008 974 4071 Vero.
994 4008 1060 4057 Aen.
1078 4008 1122 4056 Vll
1141 4007 1189 4058 oot
1264 4006 1293 4057 11
1315 4016 1339 4056 ct
1356 4017 1412 4057 stus
1430 4009 1504 4060 0121.AE

233 4074 295 4122 add.
314 4069 442 4125 Sacerdos
457 4091 483 4138 p.
503 4077 557 4126 58:
577 4075 645 4139 quod
668 4084 692 4124 et
708 4086 762 4124 stus
782 4087 806 4124 ct
823 4077 855 4125 sti
876 4075 934 4125 lacit
953 4091 969 4132 ς
1059 4077 1089 4127 12
1114 4078 1215 4126 ueneris
1233 4076 1309 4126 huius
1328 4077 1406 4126 caesti
1428 4077 1454 4126 B

234 4144 358 4210 pugillum
375 4144 401 4195 B
483 4146 513 4197 13
533 4142 674 4211 Vergilius]
692 4146 757 4199 Aen,
778 4144 867 4196 11110
954 4146 986 4195 11
1003 4157 1087 4196 cestus
1104 4158 1189 4196 aestus
1209 4157 1329 4210 quaestus
1348 4148 1503 4210 quaerellaa

260 4258 264 4264 ,
298 4214 335 4289 Ι17
360 4222 422 4280 aput
439 4215 575 4265 ouoedium
594 4217 639 4266 B:
666 4224 761 4266 melaro.
781 4216 838 4264 Vlll
860 4216 910 4267 rto
927 4231 983 4281 sqq.
1073 4218 1104 4267 10
1134 4216 1218 4265 Atthis
1238 4216 1323 4267 Atthis
1346 4217 1385 4266 vel
1410 4216 1503 4268 Atthidi

231 4285 336 4334 coniecit
351 4284 472 4335 Loersius
487 4302 548 4337 ross.
564 4287 677 4336 ulman.
696 4289 789 4338 noviss.
811 4286 853 4334 1111
873 4293 910 4345 (α.
932 4285 1012 4348 taso)
1028 4303 1055 4350 p.
1074 4289 1107 4336 11
1178 4284 1295 4352 Ovidius]
1313 4287 1410 4337 heroid.
1433 4288 1471 4351 11,
1489 4288 1501 4338 1

303 4353 337 4405 to
356 4357 467 4420 repperit
484 4356 510 4405 B
578 4356 611 4407 22
631 4353 769 4421 Vergilius]
790 4356 856 4408 Aen.
878 4358 964 4407 1010.
989 4357 1036 4405 711
1113 4356 1146 4408 23
1165 4356 1224 4407 thus
1244 4355 1355 4423 rrelrhqs
1373 4371 1390 4413 ς
1408 4357 1502 4422 thysur

232 4423 304 4488 chrys
321 4423 449 4475 Sacerdos
464 4440 491 4488 p.
506 4425 540 4476 59
603 4428 636 4476 ’21
653 4426 711 4476 thus
731 4427 770 4475 uel
786 4425 844 4490 thys
863 4425 959 4476 iaciunt
978 4441 994 4482 ς
1013 4425 1054 4475 hic
1072 4427 1112 4476 uel
1130 4426 1189 4491 tqus
1207 4427 1302 4476 iaciunt
1319 4426 1344 4475 B
1366 4428 1387 4476 is
1403 4428 1443 4477 uel
1463 4426 1501 4492 oq

231 4497 339 4545 votuisse
355 4495 453 4545 videtur
469 4501 666 4560 prarnrrraticus:
686 4497 720 4559 cf.
741 4497 870 4547 Sacerdos
885 4510 912 4558 p.
932 4495 967 4546 59
1054 4495 1095 4545 lric
1112 4504 1174 4560 Alps
1193 4494 1269 4561 huius
1288 4499 1352 4560 Atys
1369 4511 1414 4546 orn.
1435 4510 1453 4553 ς

232 4565 265 4614 27
289 4567 417 4616 Varronis
434 4582 465 4616 ea
488 4581 552 4631 quae
568 4568 601 4616 de
618 4568 682 4617 rade
699 4573 725 4616 et
741 4566 878 4616 vadimonio
901 4568 1016 4630 teporatur
1039 4567 1071 4615 de
1089 4568 1148 4632 linp.
1170 4567 1229 4617 Lat.
1251 4568 1284 4615 Vl
1304 4567 1337 4616 71
1353 4583 1382 4631 p.
1402 4567 1455 4618 200
1477 4581 1500 4615 er

231 4632 324 4699 Spenp.
342 4638 438 4700 respici
451 4639 548 4702 putauit
563 4637 757 4687 Lindeorannrro.
774 4637 889 4699 sortasse
906 4636 953 4685 hoc
966 4651 1011 4684 ras
1030 4635 1107 4684 liuius
1124 4637 1194 4685 vasis
1212 4637 1250 4686 vel
1271 4635 1319 4685 lroc
1338 4652 1425 4686 rasum
1442 4637 1499 4686 huit

232 4706 296 4767 vesi,
317 4716 449 4768 utrumque
460 4715 513 4764 ,etc
534 4706 583 4755 hoc
600 4722 644 4755 rus
659 4706 735 4756 hirtus
753 4708 830 4770 vasis,
848 4707 889 4756 hic
909 4721 954 4755 vas
974 4705 1048 4755 huius
1068 4708 1150 4770 orodis,
1171 4715 1305 4770 utrumque
1323 4709 1428 4757 coniecit
1438 4707 1499 4772 Sper

229 4777 312 4836 ¹pelias
332 4776 425 4837 epheta.
444 4777 523 4829 schol.
542 4775 662 4843 (Allperrr.
681 4776 827 4840 Schulzer't.)
851 4796 876 4829 a.
899 4775 963 4827 1832
980 4791 1007 4838 p.
1027 4779 1076 4827 275
1165 4773 1263 4840 Cicero]
1290 4792 1317 4839 p.
1337 4775 1404 4827 Sese.
1425 4779 1451 4841 8,
1471 4778 1498 4826 lli

231 4847 267 4907 as.
286 4861 365 4908 sopra
382 4864 407 4910 p.
431 4846 494 4897 11111
