3314 5506
194 387 235 450 16
542 404 545 410 ’
781 386 894 448 rnoni

243 517 264 559 p,
280 504 380 545 nso-ss
395 503 417 544 r.
710 519 716 530 ·
1272 515 1295 556 p.
1310 503 1355 544 ns.
1366 501 1392 544 rs
1403 501 1429 543 ι.

191 574 328 637 Lucanus
356 575 540 652 ‘degener
567 592 584 633 o
611 573 789 653 populus'
821 573 865 656 [et
886 572 963 634 aliud
986 591 1077 634 uuum
1101 589 1193 650 gener
1220 573 1478 636 secundae-decli·

190 677 325 743 nationis,
348 693 441 753 gener
463 673 589 755 generi}
630 692 684 734 nor
704 676 808 736 tertiae
824 683 892 735 sunt
910 668 1121 744 decliuationis,
1144 679 1188 736 ris
1207 677 1318 736 iaciunt
1333 678 1476 755 genetivo,

190 780 252 838 oin
269 779 446 838 nominativo
469 792 587 854 semper
609 783 755 857 correpta,
780 779 809 836 in
831 779 965 854 genetivo
987 795 1055 836 vero
1076 779 1106 837 in
1123 776 1303 856 appellativis
1324 778 1476 855 producta,

190 885 222 940 ut
246 878 293 940 bic
319 879 416 939 bonor
448 879 534 940 buius
560 877 696 946 honoris,
727 878 824 938 minor
851 880 987 946 minoris;
1022 886 1051 939 et
1078 879 1188 949 bonos,
1218 879 1297 940 ‘hic
1317 880 1478 958 pietatis

162 981 334 1045 sbonos'.
378 983 497 1060 propria
533 981 696 1059 corripiunt
727 999 745 1039 o
778 982 865 1041 etlam
898 982 927 1041 in
957 981 1109 1059 genetivo,
1145 983 1276 1042 Antenor
1308 983 1479 1065 Antenoris,

187 1085 304 1163 Agenor
327 1085 478 1162 Agenoris,
501 1081 631 1144 Helenor
650 1081 813 1143 llelenoris.
984 1080 986 1085 ⁴

273 1187 331 1247 Par
351 1187 455 1246 tertiae
477 1191 545 1245 sunt
566 1182 776 1252 declinationis,
799 1186 840 1245 ris
863 1183 973 1244 iaciunt
993 1186 1138 1261 genetivo,
1162 1185 1210 1245 bic
1226 1193 1256 1245 et
1275 1185 1349 1245 baec
1369 1193 1399 1245 et
1420 1185 1476 1245 boc

187 1306 242 1367 par
264 1287 309 1348 vel
331 1290 431 1365 inpar,
461 1287 541 1366 paris
569 1285 614 1347 vel
638 1287 765 1363 inparis,
795 1286 894 1364 dispar
916 1287 1055 1366 disparis,
1078 1304 1200 1365 compar
1222 1290 1375 1366 comparis.
1421 1302 1475 1367 per

187 1391 341 1452 terminata
365 1390 568 1466 corripiuntur
585 1394 615 1449 et
637 1397 707 1449 sunt
723 1387 886 1449 secundae:
909 1406 977 1448 nam
997 1390 1041 1466 pri
1063 1389 1173 1449 iaciunt
1187 1391 1362 1466 genetivum,
1386 1407 1474 1468 caper

152 1516 174 1556 ro
187 1495 285 1571 capri,
308 1509 380 1571 aper
401 1493 479 1570 apri,
507 1498 630 1568 excepto
652 1508 710 1551 uno
736 1491 853 1568 generis
875 1493 971 1551 omnis
995 1487 1197 1552 declinationis
1225 1493 1342 1561 tertiae,
1369 1508 1473 1551 ecor-

187 1602 300 1672 reptam
320 1595 348 1654 in
372 1595 505 1672 genetivo
523 1601 590 1653 ante
611 1593 652 1652 ris
671 1591 807 1662 babente,
831 1593 878 1653 bic
901 1610 1013 1671 pauper
1035 1595 1184 1672 pauperis.
1204 1600 1209 1669 l
1229 1593 1302 1654 baec
1322 1610 1444 1671 pauper,

258 1707 260 1711 ’
338 1712 442 1776 quam
461 1694 621 1755 honeste
641 1696 675 1755 iu
695 1696 816 1772 patria
836 1712 978 1773 pauper
998 1696 1119 1756 vivere

187 1805 216 1858 et
237 1799 421 1877 ‘paupere
443 1801 573 1858 terra'.
606 1796 713 1857 dicitur
734 1804 763 1857 et
784 1797 856 1858 haec
876 1813 1020 1875 paupera,
1045 1795 1164 1857 Plautus
1184 1799 1365 1875 ‘paupera
1383 1796 1471 1858 baec

186 1917 246 1960 res
268 1903 360 1968 est’;
395 1906 423 1959 et
453 1897 510 1959 boc
530 1916 658 1977 pauper,
695 1898 838 1978 Vergilius
868 1899 1067 1978 ‘pauperis
1100 1905 1133 1958 et
1166 1900 1321 1975 tuguri'.
1366 1898 1471 1959 etboc

148 2025 173 2066 n
186 2003 270 2080 piper
291 2001 401 2080 piperis
411 2022 425 2060 :.
449 2001 567 2061 Persius
589 2004 782 2078 ‘rugosum
805 2002 940 2079 piper’.
986 2001 1032 2078 pir
1048 2017 1121 2078 pur:
1153 2000 1198 2058 his
1219 1999 1337 2079 syllabis
1358 2000 1470 2061 nullum

185 2121 291 2164 nomen
312 2105 495 2164 terminatur.
540 2121 596 2181 por
618 2103 720 2165 tertiae
741 2111 809 2162 sunt
833 2101 1042 2169 declinationis,
1066 2102 1265 2180 corripiuntur
1287 2104 1316 2162 in
1339 2104 1469 2163 nomina·

184 2207 256 2276 tiro,
286 2206 315 2265 in
345 2205 478 2282 genetivo
506 2202 677 2282 appellativa
703 2204 923 2282 producuntur,
953 2221 1044 2283 vapor
1073 2206 1203 2282 vaporiS,
1233 2223 1321 2284 sapor
1346 2206 1468 2284 saporis.

182 2306 242 2384 legi
264 2324 354 2367 unum
377 2323 453 2366 novo
468 2306 555 2365 modo
577 2306 733 2384 figuratum
752 2307 828 2386 apud
844 2305 1021 2376 Sallustium,
1042 2305 1184 2385 Publipor
1199 2305 1382 2385 Publiporis:
1402 2325 1467 2368 nam

183 2408 266 2487 quasi
288 2410 443 2487 proprium
465 2416 529 2479 est,
912 2403 915 2409 ’

144 2532 170 2573 ro
235 2503 240 2513 '
267 2508 347 2579 Onar
367 2528 442 2590 quer
462 2512 529 2590 quir
551 2526 643 2589 quur:
667 2528 726 2570 non
746 2512 935 2590 reperiuntur
958 2510 1003 2570 bis
1024 2509 1143 2590 syllabis
1164 2512 1283 2577 nomina
1303 2511 1465 2571 terminata.

183 2629 258 2691 quor
281 2613 435 2672 terminata
461 2613 578 2672 nomina
598 2614 701 2672 tertiae
719 2619 787 2672 sunt
808 2612 1017 2680 declinationis,
1040 2612 1080 2671 ris
1103 2613 1214 2673 iaciunt
1235 2613 1380 2688 genetivo,
1404 2614 1464 2673 oin

182 2715 315 2792 genetivo
345 2713 591 2792 appellativorum·
608 2714 766 2792 producta,
796 2714 844 2774 hic
865 2714 962 2794 liquor
984 2713 1123 2794 liquoris,
1152 2722 1274 2792 excepto
1302 2732 1361 2775 uno
1389 2723 1419 2774 et
1440 2716 1463 2774 in

181 2817 315 2893 genetivo
338 2822 490 2893 correpto,
515 2833 625 2895 aequor
644 2818 795 2896 aequoris,
824 2819 899 2877 sicut
921 2835 1050 2877 marmor
1074 2818 1241 2884 marmoris,
1273 2834 1363 2896 vyuae,
1393 2818 1463 2876 sicut

180 2919 298 2997 saepius
319 2918 422 2986 docui,
444 2919 481 2978 de
504 2916 743 2996 appellativorum
766 2921 879 2979 ratione
906 2921 1026 2998 excepta
1050 2925 1174 2978 suntor
1196 2912 1306 2997 'syllaba
1329 2920 1461 2979 termina·

143 3042 168 3082 rs
182 3029 278 3082 torum
297 3039 315 3080 o
346 3020 374 3080 in
402 3021 534 3098 genetivo
559 3020 732 3101 productam
759 3020 937 3081 habentium.
982 3039 1032 3080 rar
1054 3038 1103 3081 rer
1124 3022 1166 3079 rir
1188 3038 1256 3080 rur:
1283 3021 1329 3080 his
1351 3020 1460 3100 syllabis

180 3121 258 3184 nulla
283 3123 400 3183 nomina
429 3123 584 3183 terminata
611 3123 717 3183 inveni.
761 3141 812 3182 ror
834 3124 937 3183 tertiae
964 3131 1046 3192 sunt,
1078 3124 1118 3181 ris
1143 3123 1253 3183 iaciunt
1274 3123 1423 3200 genetivo,
1449 3143 1459 3183 t

180 3226 322 3306 producta
346 3226 373 3285 in
393 3222 586 3305 appellativis,
609 3227 751 3285 maeroris
772 3227 894 3285 terroris
919 3227 1040 3285 sororis.
1086 3241 1134 3284 sar
1156 3225 1259 3307 tertiae
1286 3233 1355 3285 sunt
1378 3224 1458 3286 decli·

180 3330 314 3399 undonis,
337 3328 378 3387 ris
398 3327 507 3387 iaciunt
521 3330 665 3404 genetivo,
691 3327 797 3388 Caesar
812 3327 953 3395 Caesaris,
977 3336 1005 3387 et
1026 3328 1109 3406 siqua
1132 3326 1207 3386 talia.
1245 3344 1294 3387 ser
1312 3328 1457 3388 terminati

180 3431 276 3491 omnia
299 3431 499 3509 corripiuntur
518 3437 547 3489 et
561 3425 574 3512 11
590 3422 657 3489 sunt
676 3433 778 3491 tertiae
793 3430 1004 3498 declinationis
1028 3429 1057 3489 id
1073 3437 1117 3490 est
1133 3430 1173 3488 ris
1192 3428 1303 3489 iaciunt
1321 3430 1456 3507 genetivo

141 3535 204 3593 susi
224 3533 301 3594 alind
324 3550 417 3609 geniis
443 3551 477 3591 er
505 3549 536 3591 se
563 3550 622 3592 non
646 3534 784 3603 iecerint,
813 3541 846 3594 ul
867 3551 953 3593 anser
979 3548 1095 3610 passer,
1124 3532 1236 3609 anseris
1263 3533 1399 3609 passeris,
1442 3550 1455 3589 s

179 3635 302 3694 iecerint
323 3632 400 3693 aliud
422 3650 529 3711 genus,
553 3635 699 3695 secundae
723 3643 810 3696 erunt
827 3634 1045 3702 declinationis,
1073 3634 1099 3694 ri
1122 3633 1228 3694 lacient
1246 3633 1394 3710 genetivo,
1418 3634 1454 3694 biv

179 3737 267 3795 miser
289 3735 376 3794 buius
397 3735 504 3794 miseri.
548 3736 590 3795 sir
611 3754 675 3795 sur:
706 3737 750 3796 bis
771 3736 888 3816 syllabis
917 3735 995 3797 nulla
1022 3737 1139 3796 nomina
1165 3737 1370 3796 terminantur.
1415 3753 1453 3796 so¹

178 3838 281 3897 tertiae
304 3842 372 3894 sunt
394 3835 609 3904 declinationis,
638 3839 678 3896 ris
702 3837 811 3897 iaciunt
835 3839 983 3916 genetivo,
1011 3838 1192 3915 oproducta
1223 3838 1251 3897 in
1274 3836 1452 3915 appellativis

179 3953 291 3998 messor
312 3938 459 4004 messoris,
484 3938 580 3997 iossor
600 3939 729 4003 fossoris,
755 3957 856 3999 caesor
879 3940 1015 4009 caesoris,
1039 3948 1067 3999 et
1088 3940 1170 4018 siqua
1193 3939 1269 3999 talia.

138 4060 164 4100 ss
262 4038 320 4098 Tar
346 4055 420 4116 pura
448 4056 506 4097 non
533 4039 630 4099 inveni
657 4058 764 4100 nomen
792 4040 908 4119 aliquod
936 4042 1136 4101 terminatum,
1178 4040 1308 4102 slitiera
1336 4040 1381 4102 vel
1410 4041 1450 4101 ali:

248 4176 259 4226 l
281 4171 410 4239 Lucanus]
428 4174 548 4224 Pheraei.
566 4175 587 4224 ll
605 4175 654 4227 116
703 4186 727 4226 et
739 4178 797 4226 —2
816 4177 903 4242 generi
921 4181 945 4229 in
964 4193 1042 4242 scorp.
1061 4177 1122 4226 odd.
1139 4178 1165 4226 B
1235 4178 1250 4226 2
1268 4177 1303 4226 ris
1321 4194 1367 4229 om.
1387 4178 1413 4228 B

176 4242 267 4308 ebio]
299 4243 464 4310 Vasates.
486 4243 564 4295 1253
650 4245 1014 4298 dhaelenorbnclenorisB
1046 4248 1154 4311 Elpenor
1174 4248 1309 4311 Elpenoris
1332 4248 1448 4299 Putselu'a

247 4315 277 4365 ll
303 4313 343 4364 lric
362 4328 460 4379 pauper
476 4315 595 4381 pauperis
614 4330 678 4366 enan
704 4315 806 4380 (deletis
823 4320 913 4367 litteris
935 4321 1012 4378 eitun)
1032 4317 1094 4365 lmec
1111 4317 1136 4365 B
1161 4316 1202 4365 bic
1225 4332 1323 4383 pauper
1343 4320 1447 4385 pauperi

176 4383 286 4434 Evandri
306 4385 401 4448 (Verp.
423 4389 487 4437 Aen.
510 4385 567 4434 Vlll
581 4384 645 4447 360)
664 4384 726 4433 baec
745 4385 930 4436 Lindemnnnus
946 4385 987 4436 hic
1002 4395 1026 4436 et
1040 4386 1102 4435 haec
1120 4397 1145 4436 et
1160 4386 1208 4436 hoo
1226 4401 1324 4452 pauper
1342 4390 1447 4455 pauperi

175 4453 391 4506 succensemus
462 4455 494 4505 1²
513 4454 646 4505 Terentius
660 4469 734 4518 quam
755 4470 790 4510 ςε
810 4455 868 4506 Ter.
887 4457 970 4509 Aram.
987 4459 1031 4506 llll
1049 4455 1104 4517 5,3
1172 4457 1205 4507 13
1225 4468 1249 4505 et
1267 4472 1365 4522 pauper
1382 4468 1446 4508 eterr

176 4525 209 4583 B,
227 4541 273 4577 om.
292 4538 329 4581 5:
355 4525 434 4590 Verp.
453 4525 517 4575 Aen'⁴
535 4526 566 4574 l'l
584 4526 635 4576 812
719 4525 821 4575 Plautus
839 4526 902 4575 haec
919 4542 959 4577 res
975 4536 1014 4576 est
1031 4541 1142 4592 paupera
1160 4540 1197 4582 5:
1222 4542 1333 4593 paupera
1348 4536 1410 4593 post
1425 4545 1445 4578 es

175 4599 199 4644 iu
218 4610 296 4660 morp.
315 4595 377 4648 edd.
394 4595 441 4644 B:
464 4594 567 4644 Plautus
595 4596 620 4644 iu
639 4594 772 4645 Vidnlarin
789 4610 901 4662 paupera
922 4595 984 4645 baec
1004 4612 1045 4646 res
1064 4606 1102 4646 est
1132 4597 1277 4647 moranus
1299 4612 1325 4660 p.
1341 4599 1393 4648 ost

178 4665 208 4714 14
224 4661 367 4730 Vergilius]
387 4665 467 4715 bucol.
491 4665 511 4726 l,
526 4664 560 4714 69
649 4666 680 4716 lo
704 4663 817 4730 Persius]
838 4674 888 4715 sot.
907 4668 931 4730 b,
950 4668 982 4716 55
1073 4666 1105 4716 18
1129 4681 1179 4715 uno
1202 4669 1277 4716 modo
1296 4682 1363 4717 corr.
1385 4683 1444 4717 unus

176 4748 242 4783 nouo
262 4735 335 4784 modo
352 4734 377 4784 B
454 4736 521 4800 opud
541 4732 699 4799 Sallustium]
721 4735 745 4782 iu
761 4735 970 4785 llllnstorimmm
992 4737 1137 4786 Priscianus
1154 4752 1179 4798 p.
1196 4737 1248 4786 700
1334 4736 1369 4787 10
1388 4753 1443 4803 quer

175 4804 295 4867 qunerB
363 4801 438 4869 quur]
458 4818 602 4868 quorsom.
620 4819 685 4866 qum
703 4803 728 4852 B
798 4807 831 4855 tn
849 4809 969 4871 generum
986 4809 1054 4856 ineo
1073 4808 1194 4871 producta
1213 4808 1238 4856 B
1306 4808 1340 4857 27
1359 4798 1443 4858 terrori

175 4874 212 4923 dis
228 4875 346 4936 scriptum
365 4882 403 4924 eet
419 4878 444 4925 in
462 4874 487 4924 B
505 4875 598 4924 erroris
618 4875 721 4924 terroris
740 4889 756 4929 ς
