3346 5506
531 360 580 424 llll
601 359 842 424 mtodlrtavs
865 357 1044 424 curuavit
1334 398 1341 412 ·
1368 366 1426 431 581

226 599 332 694 Quae
359 600 461 701 apud
480 598 641 676 Latinos
664 598 858 696 feminina,
883 599 986 700 apud
1009 600 1181 679 Graecos
1203 612 1337 676 neutra

137 757 208 818 haec
229 774 303 838 aqua
325 749 363 818 τὸ
383 751 476 837 ὕδωρ
794 756 868 817 haec
890 756 974 816 frons
995 750 1033 816 τὸ
1054 751 1209 836 μέτωπον

136 857 223 919 arbor
243 851 282 919 τὸ
303 854 447 940 δένδρον
792 859 886 937 figura
908 857 1018 939 agripert

135 961 214 1022 auris
235 959 363 1023 auricula
384 955 423 1021 τὸ
444 944 504 1033 οὖς
792 958 852 1022 ialx
873 952 912 1021 τὸ
934 954 1104 1038 δρέπανον

109 1071 228 1124 saestm
249 1057 288 1125 τδ
307 1058 408 1144 θέρος
791 1063 864 1123 licus
886 1057 993 1123 σῦκον

134 1163 244 1240 armilla
267 1159 305 1226 τὸ
325 1160 443 1238 ψέλιον
464 1161 605 1226 κλανίον
792 1164 854 1226 iera
875 1163 1000 1246 θηρίον

133 1266 243 1330 anrlora
265 1259 304 1327 τὸ
326 1258 489 1348 κεράμων
790 1266 888 1328 sabula
911 1263 1023 1348 δρᾶμα

133 1367 192 1430 ales
213 1361 350 1450 πτηνόνΙ
791 1367 886 1430 iacula
909 1362 945 1429 τὰ
969 1364 1160 1448 λαμπάδιον

132 1478 268 1533 antemna
291 1466 390 1551 κέρας
412 1468 533 1532 πλοίου
790 1470 898 1551 frigida
921 1463 961 1531 τὸ
982 1463 1113 1551 ψυχρόν

93 1572 259 1635 travellana
282 1564 454 1633 Ποντικόν
633 1578 637 1585 ’
791 1572 881 1634 lalera
906 1568 1131 1652 λπποκόσμιον

131 1675 207 1735 ascia
229 1670 422 1753 σκέπαρνον
789 1676 856 1736 finis
879 1671 971 1746 τέλος

132 1774 212 1856 adips
234 1771 334 1857 στέαρ
790 1778 884 1839 larina
906 1770 1034 1858 άλευρα

130 1878 190 1940 aris
209 1871 330 1958 ὄρνεον
790 1880 909 1942 lortuna
931 1872 1126 1960 ὑπάρχοντα

129 1977 194 2059 alga
214 1972 254 2040 τὸ
274 1974 382 2061 βρύον
787 1983 862 2044 haec
883 1999 956 2062 gens
977 1980 1015 2042 τὸ
1037 1979 1137 2054 ἔθνος

91 2080 202 2144 ιιΙιαοο
222 2079 291 2141 beta
312 2072 350 2142 τὸ
370 2079 513 2142 σεῦτλον
787 2085 920 2164 gingivae
943 2068 1028 2143 οὖλα

128 2182 201 2244 haec
222 2200 291 2243 caro
313 2175 352 2242 τδ
370 2177 469 2262 κρέας
787 2186 922 2267 gloriatio
944 2177 1098 2264 καύχημα

128 2302 201 2346 cena
222 2277 261 2344 τὸ
282 2279 422 2345 δεῖπνον
787 2289 861 2350 haec
883 2287 966 2348 hasta
988 2280 1026 2347 τὰ
1048 2280 1134 2365 δόρυ

127 2384 226 2448 cloaca
247 2378 286 2446 τδ
306 2379 535 2467 άποχυτήριον
788 2389 880 2451 herba
902 2387 1003 2450 sabina
1026 2387 1151 2468 σαβίνα
1171 2383 1288 2468 βράθυ

126 2489 200 2550 cutis
222 2481 260 2549 τδ
281 2483 387 2569 δέρμα
408 2488 469 2549 τοῦ
490 2481 676 2570 άνθράπου
786 2492 860 2553 haec
882 2489 1030 2552 inlecebra
1051 2483 1089 2552 τὰ
1111 2486 1230 2568 δέλεαρ

86 2613 114 2656 2o
127 2608 200 2676 cepa
222 2580 391 2671 κρόμυον
785 2594 859 2655 haec
881 2591 1003 2654 lacrima
1024 2585 1064 2653 τδ
1084 2587 1237 2674 δάκρυον

125 2690 241 2754 σιάλοιο
263 2686 304 2752 τά
327 2688 426 2752 κοινά
786 2695 834 2757 lux
857 2688 895 2756 τὸ
917 2713 989 2775 φης

125 2792 207 2855 calda
229 2786 268 2859 ed
287 2787 418 2873 θερμόν
784 2796 854 2860 lima
877 2789 915 2858 τὸ
938 2791 1049 2876 ῥινίον

125 2894 200 2956 calta
221 2887 259 2956 τὸ
280 2888 507 2976 βούφθαλμον
782 2899 852 2961 lanx
873 2896 1034 2978 λαμκλίον

124 2997 219 3058 cicuta
241 2991 386 3058 κάνειον
783 2999 873 3063 lutina
895 2996 1037 3080 πήλωμιι

84 3116 242 3180 aocampsa
264 3095 451 3181 κάμπτριον
781 3101 879 3164 littera
901 3093 939 3161 τὸ
960 3095 1096 3179 γράμμα

124 3200 312 3264 combustura
335 3195 534 3280 κατάπαυμα
781 3201 870 3282 ligula
893 3200 1058 3281 μυστρίον

124 3301 188 3365 calx
210 3295 375 3383 λάκτισμα
782 3304 848 3366 lana
871 3302 965 3385 ἔριον

122 3424 215 3467 cunae
237 3397 403 3488 βαβάλιον
783 3408 856 3468 haec
879 3404 965 3467 molis
987 3399 1025 3467 τὸ
1046 3402 1188 3486 μέγεθος

123 3509 254 3570 cucumis
276 3500 431 3569 σικύδιον
782 3508 952 3587 magnitudo
968 3508 1046 3590 quod
1062 3527 1151 3589 snpra

83 3608 197 3674 aocalir
220 3604 382 3692 ποτήριον
782 3628 865 3672 merx
880 3603 918 3670 τὸ
933 3608 1075 3692 φορτίου

123 3713 257 3791 contagio
280 3705 436 3791 μόλυσμα
781 3719 899 3774 moneta
920 3705 959 3774 τὸ
980 3703 1125 3792 νόμισμα

122 3814 331 3876 contaminatio
352 3811 480 3892 μίασμα
605 3818 610 3827 “
780 3812 915 3876 mandela
937 3812 1088 3893 μαππίον

122 3913 241 3977 cratella
263 3909 533 3996 ξυλοκιινθήλιον
780 3924 879 3978 menta
898 3907 1072 3998 ἡδύοσμον

122 4015 291 4079 conlectura
313 4016 483 4091 τελείωσις
780 4035 918 4080 mensura
940 4014 1063 4098 μέτρον

82 4144 108 4186 so
123 4120 225 4197 copiae
246 4118 400 4200 pluraliter
422 4119 552 4199 πλῆθος
779 4121 854 4181 mica
876 4120 991 4200 ψιχλον

121 4219 279 4283 cumulatio
303 4214 516 4302 έπισιάρευμα
778 4221 879 4283 merda
908 4216 946 4283 τὸ
975 4215 1153 4303 άφόδευμα
1179 4223 1240 4285 τοῦ
1272 4217 1411 4304 άνθρά-
1424 4261 1448 4301 75

120 4322 195 4385 haec
216 4323 394 4406 dispensatio
417 4317 578 4402 άνάλωμα
820 4342 887 4385 που

121 4425 246 4503 dignitas
267 4420 394 4507 ἀξίωμα
779 4426 932 4489 manubiae
955 4421 1113 4508 λάφυρον

120 4527 194 4588 haec
216 4532 346 4609 erogatio
369 4523 406 4591 τό
428 4519 590 4608 άνάλωμα
777 4548 883 4609 mappa
904 4525 1146 4611 χειρόμακτρον

81 4653 107 4695 ιο
121 4631 240 4693 exuviae
262 4628 418 4714 λάφυρον
778 4630 850 4692 haec
873 4650 932 4693 nux
954 4626 993 4695 τό
1014 4629 1145 4713 κάρυον

189 4803 366 4857 201roraoron
386 4806 413 4856 N
496 4802 529 4855 38
548 4801 660 4869 dignitas
677 4798 772 4864 εξιιΝ
840 4801 874 4854 43
893 4800 958 4868 latr]
979 4802 1023 4855 lux
1041 4806 1065 4855 Ν
1152 4803 1185 4852 ot
1204 4815 1298 4852 cantas
1317 4802 1341 4851 N

120 4871 154 4922 oo
172 4872 256 4940 ligura
274 4890 414 4930 aarorrrorr
432 4875 456 4925 N
543 4873 576 4924 79
595 4884 734 4923 roxaroror
754 4873 778 4922 N
