3346 5506
223 360 283 422 168
813 354 928 416 ruem

273 490 294 529 p.
309 477 390 518 cesso
404 473 431 513 s.
1315 483 1339 524 ρ.
1352 469 1423 513 cera
1438 469 1466 511 r.

221 549 416 626 scripserant:
454 543 558 605 endem
585 543 673 603 mucio
704 549 838 621 tempure
866 543 966 603 futuro
1000 543 1060 603 sire
1082 542 1258 623 promissivo
1279 542 1368 605 mode
1400 544 1520 606 numeri

222 647 378 727 singularis
401 645 528 707 scribam
548 645 662 706 scribes
684 644 804 714 scribet,
826 646 943 706 numeri
957 643 1080 722 pluralis
1104 643 1269 706 scribemus
1291 642 1427 706 scribetis
1444 646 1530 717 ucri·⁴

221 750 301 811 beot.
347 749 436 809 modo
463 749 635 825 imperativo
664 753 798 826 tempore
827 748 974 826 praesenti
1003 747 1064 807 sive
1090 747 1210 807 instanti
1238 747 1275 808 ad
1303 746 1466 809 secuudum
1492 758 1522 809 et

221 853 339 912 tertiam
360 868 519 928 personam
542 857 656 912 tautum
679 850 796 910 numeri
815 847 974 926 singularis
994 848 1092 910 scribe
1113 848 1232 917 scribat,
1255 850 1375 911 numeri
1395 848 1521 928 piursiis

196 952 343 1021 eseribite
364 951 512 1013 scribant:
548 951 760 1013 eodemmodo
785 958 921 1030 tempore
946 951 1045 1011 futuro
1072 952 1188 1013 numeri
1214 949 1370 1029 singularis
1396 951 1521 1014 scribito

221 1055 356 1125 scribito,
378 1055 496 1117 numeri
516 1053 639 1132 pluralis
664 1053 817 1114 scribitote
839 1052 1009 1114 scribunto:
1038 1053 1126 1115 mode
1146 1052 1260 1113 inbuite
1291 1054 1350 1114 sire
1373 1060 1522 1135 perpetuo

220 1159 354 1218 numeris
376 1163 405 1218 et
422 1157 559 1236 personis
582 1154 712 1216 confusis
732 1163 866 1235 tempere
887 1155 1037 1236 praesenti
1058 1155 1118 1217 sive
1140 1156 1258 1217 instanti
1279 1154 1421 1226 scribere,
1445 1162 1522 1218 tem·

222 1277 296 1338 pore
324 1259 484 1338 praeterito
513 1259 680 1337 scripsisse,
711 1264 845 1337 tempere
872 1258 972 1318 tuturo
1006 1259 1149 1336 scriptum
1175 1258 1228 1318 ire.
1273 1256 1362 1319 niodo
1389 1260 1523 1339 optativo

224 1367 358 1438 tempore
381 1361 531 1438 praesenti
552 1361 611 1421 sire
629 1359 747 1420 instanti
777 1360 894 1420 numeri
915 1358 1072 1438 singularis
1100 1363 1212 1421 ubuum
1235 1358 1379 1432 scribam,
1406 1360 1522 1423 utinum

187 1486 211 1526 u
225 1461 348 1531 scribas,
369 1463 481 1522 utinam
497 1461 622 1530 scribat;
644 1463 761 1523 numeri
780 1460 901 1540 pluralis
920 1463 1032 1523 utinam
1045 1460 1219 1531 scribamus,
1243 1463 1354 1523 utimm
1371 1461 1522 1534 scribatis,

223 1566 335 1626 utinam
354 1563 501 1625 scribant:
541 1564 644 1624 eodem
667 1564 756 1624 modo
783 1571 918 1643 tempore
945 1566 1107 1642 praeterito
1132 1565 1232 1641 specie
1253 1562 1429 1643 imperfecta
1460 1564 1523 1626 sive

224 1668 320 1727 miuus
343 1683 432 1743 quam
457 1666 588 1745 perfecta
614 1666 658 1726 vei
686 1665 850 1727 inchoativa
877 1667 993 1727 numeri
1020 1665 1179 1744 singularis
1205 1667 1316 1726 utinam
1343 1664 1522 1736 scriberem,

225 1769 335 1829 utinam
356 1767 518 1836 scriberes,
550 1770 661 1828 utinam
685 1767 846 1837 scriberct;
881 1770 1001 1828 numeri
1026 1766 1147 1845 pluralis
1172 1768 1284 1829 utinam
1310 1767 1522 1839 scriberemus,

224 1871 335 1931 utinam
358 1868 536 1939 scriberetis,
558 1871 669 1930 utinam
692 1869 874 1931 scriberent:
899 1869 1004 1930 eodem
1025 1868 1115 1930 mode
1138 1869 1243 1930 eodem
1266 1877 1401 1948 tempore
1421 1871 1524 1949 specie

188 1995 212 2035 rs
225 1971 357 2051 perfecta
385 1973 445 2031 sive
467 1970 601 2033 absoluta
631 1973 748 2032 numeri
769 1970 927 2050 singularis
954 1972 1065 2032 utinam
1092 1972 1278 2051 scripserim,
1311 1972 1422 2032 utinam
1447 1974 1524 2034 scri·

226 2075 337 2154 pscris,
365 2075 477 2135 utinam
505 2075 674 2151 scripserit;
713 2075 830 2135 numeri
859 2073 982 2154 pluralis
1013 2075 1125 2134 utinum
1152 2074 1375 2151 scripserimus,
1410 2076 1525 2136 utinam

225 2176 413 2256 scripseritis,
437 2178 548 2237 utinam
572 2177 763 2254 scripserint:
797 2176 901 2236 euclem
925 2175 1013 2236 morio
1036 2175 1142 2236 codem
1164 2181 1298 2255 tempore
1319 2177 1418 2254 specie
1440 2175 1525 2257 pius·

226 2280 448 2359 quamperieeta
469 2280 529 2339 sive
548 2275 553 2361 Ι
572 2279 755 2339 recordativa
784 2278 828 2338 rei
851 2286 953 2339 exacta
985 2278 1102 2338 numeri
1126 2277 1284 2355 singularis
1310 2279 1423 2339 utinam
1450 2280 1525 2341 scri-

226 2382 366 2458 psissem,
400 2380 512 2440 utinam
541 2381 725 2459 scripsisses,
760 2382 872 2441 utinam
898 2381 1078 2458 scripsisset:
1115 2381 1230 2441 numeri
1259 2378 1382 2470 pluralis
1410 2382 1525 2444 utinam

189 2505 214 2545 eo
228 2484 457 2560 scripsissemus,
480 2482 592 2542 utinam
612 2482 820 2562 scripsissetis,
841 2484 950 2544 utinam
973 2482 1174 2560 scripsissent:
1211 2481 1316 2543 eodem
1337 2483 1427 2544 morio
1450 2490 1525 2546 tem·

227 2603 301 2663 pore
329 2584 428 2645 iuturo
458 2587 575 2645 numeri
604 2584 761 2664 singularis
794 2586 906 2645 ntiuam
934 2583 1077 2654 scribere,
1107 2585 1220 2644 utinam
1251 2584 1380 2655 scribes,
1409 2586 1525 2647 utinum

226 2685 351 2755 scribat;
387 2687 504 2746 numeri
525 2682 647 2764 pluraiis
668 2689 779 2747 utinam
798 2686 977 2754 scribemus,
1004 2687 1117 2746 utinam
1137 2685 1288 2756 scribatis,
1314 2689 1426 2749 utinam
1449 2690 1526 2751 scri·

227 2787 307 2849 baut.
352 2788 441 2848 moto
464 2791 649 2850 coniunctiro
675 2789 736 2849 sive
758 2790 886 2850 iunctim
912 2796 1047 2866 tempere
1068 2790 1217 2866 praesenti
1242 2790 1302 2849 sire
1324 2791 1446 2851 instanti
1469 2809 1526 2854 nu-

227 2892 302 2952 meri
318 2889 476 2967 singularis
496 2909 564 2952 cum
582 2890 627 2950 vel
645 2892 669 2950 si
688 2890 826 2959 scribam,
850 2909 917 2951 cum
933 2889 978 2951 rei
993 2892 1017 2950 si
1032 2889 1155 2959 scribas,
1177 2909 1245 2951 cum
1266 2890 1309 2951 vei
1325 2887 1339 2974 11
1353 2893 1379 2953 si
1397 2892 1525 2963 scribat:

190 2995 347 3054 untimeri
373 2991 495 3071 pluralis
522 3012 589 3053 cum
614 2992 658 3053 rel
687 2995 712 3052 si
740 2992 918 3062 scribamus,
948 3010 1015 3053 cum
1040 2990 1085 3051 vel
1107 2992 1131 3051 si
1159 2992 1309 3062 scribatis,
1337 3012 1405 3055 cum
1433 2995 1480 3057 rel
1500 2999 1527 3057 si

228 3094 373 3155 scribent:
412 3094 516 3155 eodem
546 3094 635 3155 mocio
666 3102 799 3174 tempore
826 3096 987 3173 praeterito
1017 3095 1115 3173 specie
1143 3095 1316 3173 imperfecta
1345 3096 1405 3157 sire
1426 3098 1527 3159 minus

229 3215 317 3275 quam
340 3196 472 3276 perfecta
494 3196 539 3256 vel
563 3196 727 3257 iucboatira
749 3198 865 3257 numeri
887 3196 1045 3275 singularis
1067 3215 1135 3256 cum
1156 3196 1202 3258 rei
1220 3198 1244 3258 si
1260 3197 1433 3268 scriberem,
1458 3218 1526 3261 curn

229 3299 273 3358 rei
296 3299 320 3358 si
339 3298 501 3367 scriberes
524 3318 590 3359 cum
615 3299 658 3359 rel
680 3301 704 3359 si
726 3298 886 3366 scriberet:
920 3300 1037 3359 muneri
1055 3297 1178 3377 pluralis
1207 3318 1274 3360 cum
1297 3298 1342 3360 rei
1364 3301 1389 3361 si
1412 3301 1526 3364 scribe·

228 3420 337 3470 remus,
360 3420 426 3462 cum
450 3400 495 3461 rel
515 3403 538 3461 si
561 3400 739 3468 scriberetis,
760 3419 827 3460 cum
849 3401 895 3461 rei
918 3401 942 3461 si
964 3400 1145 3461 scriberent:
1180 3401 1285 3462 eodem
1308 3402 1396 3463 mocio
1419 3405 1527 3465 eodem

191 3524 216 3564 so
231 3513 364 3582 tempore
391 3505 491 3583 specie
513 3503 644 3581 perfecta
672 3504 732 3563 sire
761 3501 893 3563 absoluto
920 3505 1038 3564 numeri
1061 3503 1217 3580 singularis
1244 3522 1312 3564 cum
1337 3503 1381 3564 rei
1403 3506 1429 3565 si
1451 3506 1527 3567 scri·

229 3607 355 3684 pserim,
380 3625 448 3666 cum
467 3604 511 3665 rei
535 3607 560 3664 si
580 3605 750 3684 scripseris,
773 3623 840 3665 cnm
864 3603 907 3665 rei
930 3608 955 3665 si
975 3606 1140 3684 scripserit;
1175 3607 1291 3666 numeri
1311 3606 1435 3684 pluralis
1457 3627 1527 3669 cum

229 3707 274 3767 rel
296 3710 321 3766 si
343 3708 560 3786 scripserimus,
584 3725 651 3768 cum
675 3705 719 3766 rei
741 3709 765 3766 si
783 3708 971 3786 scripseritis,
994 3726 1062 3768 cum
1085 3707 1129 3766 rei
1152 3709 1177 3767 si
1199 3709 1389 3786 scripserint:
1419 3710 1527 3771 eodem

229 3808 317 3869 modo
341 3809 444 3869 eodem
468 3816 602 3885 tempore
635 3810 733 3887 specie
755 3808 1044 3888 plusquamperfecto
1067 3811 1127 3870 sire
1150 3809 1332 3869 recordativa
1353 3809 1399 3870 rei
1422 3821 1527 3872 exacta

230 3912 346 3970 rrurueri
361 3910 518 3988 singularis
537 3930 603 3971 cum
624 3909 669 3971 rei
689 3913 714 3970 si
736 3913 931 3989 scripsissem,
956 3929 1022 3970 cum
1045 3910 1090 3970 rel
1112 3913 1136 3971 si
1153 3913 1330 3990 scripsisses,
1354 3930 1422 3973 cum
1438 3911 1487 3974 rei
1503 3915 1529 3974 si

191 4032 216 4072 ss
230 4014 412 4091 scripsisset:
435 4016 552 4074 numeri
568 4011 690 4092 pluralis
705 4031 771 4072 cum
788 4011 832 4072 rei
851 4014 876 4072 si
895 4014 1121 4090 scripsissemus,
1140 4033 1206 4074 cum
1224 4013 1268 4074 vel
1284 4015 1309 4073 si
1324 4015 1528 4092 scripsissetis,

230 4134 296 4175 cum
315 4114 360 4176 rei
375 4116 399 4174 si
417 4117 619 4193 scripsissent:
643 4115 747 4174 eodem
765 4113 852 4175 modo
875 4123 1007 4192 ternpore
1024 4117 1123 4176 tuturo
1145 4117 1262 4177 numeri
1278 4114 1435 4194 singularis
1459 4136 1528 4179 eum

229 4215 273 4277 rel
290 4219 315 4276 si
332 4217 489 4295 scripsero,
513 4236 578 4277 cum
596 4215 639 4277 rei
653 4218 678 4278 si
700 4218 863 4296 scripseris,
886 4236 952 4277 cum
970 4216 1014 4277 rei
1035 4220 1059 4277 si
1079 4218 1248 4297 scripserit;
1272 4219 1389 4278 numeri
1403 4217 1530 4296 pluralis

231 4338 298 4380 cum
325 4319 369 4379 rei
397 4319 420 4379 si
447 4320 669 4397 scripserimus,
701 4338 768 4380 cum
795 4318 838 4379 rel
861 4320 885 4378 si
909 4320 1099 4397 scripseritis,
1131 4338 1198 4380 cum
1222 4318 1267 4379 rel
1293 4320 1318 4378 si
1343 4320 1528 4398 scripserint.

230 4421 318 4480 modo
351 4421 532 4502 inpersonaii
564 4423 694 4482 numeris
723 4428 751 4480 et
789 4422 923 4498 persenis
956 4421 1085 4481 corriusis
1117 4429 1253 4500 tempore
1285 4423 1434 4500 praesenti
1467 4425 1529 4485 sire

192 4532 217 4573 ⁴⁰
231 4523 348 4582 instanti
374 4523 530 4589 scribitur,
558 4524 662 4584 euclem
685 4521 773 4582 medo
802 4532 936 4602 tempore
963 4525 1121 4599 praeterito
1148 4525 1246 4601 specie
1271 4523 1444 4601 imperfecta
1468 4525 1530 4586 sire

232 4625 328 4684 miuus
348 4642 435 4704 quem
459 4624 590 4702 perfecta
613 4624 657 4685 rel
678 4625 842 4685 inchoativa
865 4623 1063 4694 scribebatur,
1092 4625 1195 4685 cedem
1218 4625 1308 4686 morio
1328 4624 1433 4685 eodem
1453 4632 1530 4688 tem·

301 4768 664 4821 ttiufiuitoBintinitiuoit
748 4768 950 4820 cicestrie
1022 4770 1244 4822 teuetBetrt
1331 4769 1363 4821 tl
1384 4771 1531 4823 eedem-

234 4837 320 4902 169,1
338 4839 461 4902 seriptum
482 4846 520 4887 cst
536 4853 582 4888 om.
604 4839 637 4900 R,
656 4839 717 4889 add.
736 4839 762 4887 B
