3314 5506
223 374 265 437 96
693 425 700 439 .
812 373 928 435 Pnont
950 394 953 399 ·

291 520 298 534 .
352 519 358 532 .
427 519 434 532 .
1322 516 1329 530 .
1397 484 1466 530 tt.

226 489 495 642 qndnddln¹l¹drum
516 560 616 621 talium
639 560 737 621 lacere
756 560 985 621 demonstratur.
1014 558 1068 620 sed
1089 558 1147 619 ltoc
1168 486 1516 637 munemunnqtnodvnoa

225 672 417 743 praeceptum
432 663 559 742 inperite
576 662 675 723 datum
692 679 757 722 esse
772 663 948 741 reperiatur,
968 660 1209 740 quandoquidem
1222 661 1282 721 sint
1296 662 1427 729 nomina,
1443 677 1517 738 quae

225 766 360 843 genetivo
389 782 459 848 casu
489 764 605 825 numeri
630 762 753 841 plnralis
777 765 838 824 ium
866 763 971 823 litteris
999 761 1176 823 delinianttn
1204 772 1233 823 et
1259 763 1428 823 accusativo
1447 778 1518 823 casn

225 868 343 929 numeri
361 864 484 944 pluralis
503 883 535 926 os
556 864 660 925 litteris
681 864 904 934 concludantur,
928 871 1049 943 utputa
1071 862 1176 925 harum
1197 863 1337 925 nubium:
1360 863 1517 943 numquid·

198 987 294 1032 anam
321 967 375 1029 lias
404 966 510 1028 nubisl
537 965 589 1026 sed
617 965 671 1026 lias
698 965 794 1027 nubes
818 966 917 1028 lacere
944 967 1163 1044 pronuntiatur.
1206 966 1276 1027 item
1297 972 1369 1027 sunt
1389 966 1516 1036 nomina,

225 1088 301 1150 qnae
322 1069 458 1148 genetivo
481 1085 551 1129 casu
579 1069 695 1129 numeri
716 1067 838 1147 pluralis
859 1086 908 1130 um
928 1067 1033 1128 litteris
1057 1074 1125 1145 post
1145 1074 1358 1129 consonantem
1375 1066 1517 1129 delinian-

224 1180 274 1233 tnr
300 1178 331 1232 et
350 1171 517 1231 accusativo
539 1185 609 1230 casu
643 1171 760 1231 numeri
782 1168 904 1248 pluralis
931 1171 954 1230 is
982 1168 1086 1229 litteris
1117 1167 1349 1238 concludantur,
1384 1175 1419 1230 nt
1449 1174 1517 1248 puta

122 1350 127 1361 ἡ
224 1270 334 1334 horum
354 1279 510 1350 parentum
532 1271 587 1332 hos
610 1272 748 1348 parentis.
793 1290 852 1352 quo
871 1289 944 1333 sono
965 1269 1118 1331 Sallustius
1138 1271 1223 1350 ‘per
1243 1269 1390 1332 liberos
1408 1277 1517 1349 atque

227 1374 399 1453 parentis
421 1377 588 1434 vestros’
611 1373 693 1433 seivit
715 1390 779 1434 esse
803 1373 1068 1451 pronuntiandum
1106 1373 1176 1434 item
1198 1379 1267 1434 sunt
1288 1373 1419 1442 nomina,
1446 1390 1518 1452 quae

187 1492 213 1536 to
226 1477 361 1555 genetivo
384 1494 454 1536 casu
482 1476 599 1537 numeri
623 1474 747 1554 pluralis
775 1477 835 1536 ium
863 1474 968 1536 litteris
995 1474 1173 1549 deliniantur
1200 1481 1231 1562 et
1257 1474 1424 1535 accusativo
1450 1492 1519 1536 casa

226 1579 344 1639 numeri
365 1576 488 1656 pluralis
514 1584 543 1638 et
562 1595 594 1638 es
616 1583 645 1636 et
667 1577 692 1637 is
717 1575 822 1638 litteris
850 1575 1078 1647 concludantur,
1108 1583 1141 1637 nt
1159 1584 1230 1655 puta
1256 1574 1364 1637 hornm
1392 1577 1517 1655 postium

225 1678 281 1739 hos
302 1686 401 1759 postes
426 1677 531 1740 ethos
556 1681 657 1758 postis.
702 1696 760 1759 qua
781 1679 895 1739 ratione
922 1677 1082 1757 praecipue
1102 1677 1185 1738 llaro
1213 1677 1333 1739 eosdem
1362 1684 1464 1757 postea
1483 1695 1517 1738 ex

225 1788 353 1862 utroque
371 1798 445 1840 sono
464 1782 672 1859 pronuntiarit,

378 1882 647 1963 amplexaeque
668 1890 799 1943 tenent
819 1889 962 1960 postes;

188 1985 298 2047 rtitem

780 2086 978 2165 postisque
1000 2083 1068 2144 sub
1090 2085 1193 2161 ipsos

377 2190 553 2249 nituntur
574 2185 765 2265 gradihus.

225 2305 317 2366 quare
339 2289 558 2367 supradictum
581 2295 773 2367 praeceptum
793 2296 906 2349 temere
928 2288 1068 2348 traditum
1090 2306 1156 2348 esse
1177 2288 1380 2367 cognoscitur,
1402 2294 1433 2348 et
1453 2285 1514 2348 ideo

225 2407 280 2450 nos
301 2390 358 2449 hoo
381 2408 544 2459 monemus,
568 2389 647 2469 quod
670 2390 728 2449 hoc
749 2390 777 2448 in
798 2392 877 2451 sonis
900 2397 1092 2469 conpetenter
1109 2386 1237 2451 t'ractare
1257 2372 1428 2451 debeamus.
1516 2383 1532 2409 ‘

186 2507 213 2549 ao
310 2491 382 2576 ltem
404 2491 433 2550 in
456 2491 503 2552 his
523 2510 614 2569 supra
637 2492 721 2553 dictis
734 2491 899 2576 'generibus
921 2498 991 2552 sunt
1013 2490 1108 2570 aliqua
1130 2493 1264 2562 nomina,
1295 2510 1372 2571 quae
1394 2489 1514 2553 ablativo

225 2611 294 2655 casu
315 2591 429 2654 numeri
452 2593 609 2671 singularis
634 2596 664 2653 in
688 2592 748 2653 uno
769 2592 911 2654 vocabulo
934 2611 989 2653 sno
1010 2592 1127 2653 duobus
1155 2592 1203 2653 his
1223 2594 1305 2655 sonis
1330 2595 1513 2671 reperiantur

224 2695 348 2764 deliniri,
372 2694 401 2754 id
425 2701 470 2755 est
491 2714 508 2756 e
531 2703 560 2756 et
580 2697 606 2764 i,
627 2702 659 2757 ut
680 2703 751 2773 puta
776 2694 814 2756 ab
833 2694 891 2763 hoc
912 2696 980 2772 igne
1003 2702 1033 2754 et
1054 2696 1125 2772 igni.
1169 2712 1250 2756 nunc
1270 2694 1329 2756 ltoo
1351 2712 1514 2762 monemus,

224 2796 304 2876 qnod
326 2799 385 2856 sint
409 2795 511 2875 aliqui,
542 2799 594 2875 qui
614 2797 684 2857 huic
702 2797 782 2858 casui
810 2797 868 2856 lroc
889 2804 1081 2875 praeceptum
1107 2801 1237 2880 statuere
1259 2795 1432 2866 voluerunt,
1460 2795 1515 2857 lroc

224 2906 269 2960 est
291 2905 324 2958 ut
344 2907 415 2958 tnnc
435 2897 484 2958 hic
501 2896 642 2959 ablativus
664 2917 750 2959 casus
774 2900 889 2958 numeri
911 2895 1033 2977 scillicet
1051 2897 1209 2974 singularis
1231 2900 1240 2958 i
1259 2898 1357 2960 littera
1378 2899 1514 2961 termine-

184 3009 287 3070 ratur,
319 2999 437 3078 quando
464 3020 481 3060 a
504 3000 672 3061 nominibus
703 3001 820 3078 generis
848 3001 959 3068 neutri,
990 3018 1066 3078 qnae
1098 3000 1275 3061 nominativo
1301 3018 1374 3063 casu
1400 3001 1514 3062 numeri

173 3148 176 3153 .
224 3100 348 3180 pluralis
366 3103 393 3162 ia
414 3100 519 3162 litteris
536 3102 724 3170 definiuntur,
749 3104 849 3163 venire
871 3102 1028 3180 reperitur,
1050 3107 1083 3162 ut
1103 3110 1173 3180 puta
1192 3101 1266 3163 haec
1292 3102 1387 3164 lacilia
1409 3102 1515 3164 abhoc

224 3202 317 3274 iacili;
351 3211 382 3264 at
410 3223 479 3264 vero
508 3205 625 3283 qnando
650 3204 687 3265 ab
714 3204 772 3264 illis
799 3203 982 3272 nominibus,
1023 3205 1152 3281 quaein
1181 3221 1270 3281 supra
1300 3204 1380 3266 dicto
1405 3222 1515 3283 genero

223 3306 402 3367 nominativo
424 3325 495 3367 casu
518 3308 633 3367 numeri
653 3305 776 3386 pluralis
798 3325 814 3366 a
837 3305 933 3366 littera
961 3312 1028 3384 post
1049 3315 1260 3367 consonantem
1288 3306 1514 3377 concluduntur,

223 3408 323 3469 venire
343 3406 540 3484 intellegitur,
564 3416 635 3469 tunc
648 3399 671 3468 'e
694 3407 790 3469 littera
811 3409 1000 3477 terminetur,
1032 3415 1064 3467 ut
1083 3416 1152 3486 puta
1173 3407 1247 3469 haec
1266 3407 1376 3468 robora
1398 3406 1437 3470 ab
1459 3409 1515 3469 lroc

184 3508 343 3570 torchore.
386 3510 439 3570 sed
463 3508 521 3571 hoc
549 3518 740 3589 praeceptum
771 3527 829 3569 non
851 3518 934 3571 recte
958 3510 1094 3570 statuisse
1120 3512 1326 3587 reperiuntur,
1352 3507 1358 3592 Ι
1383 3511 1514 3591 quando·

222 3610 343 3689 quidem
365 3611 423 3671 sint
446 3612 565 3671 nomina
585 3612 702 3689 generis
724 3613 835 3679 neutri,
857 3630 933 3691 quae
955 3613 1132 3671 nominativo
1155 3630 1224 3673 casu
1252 3614 1370 3673 numeri
1394 3611 1515 3691 pluralis

221 3712 249 3770 ia
270 3709 375 3771 litteris
399 3711 578 3772 deliniantur
606 3719 636 3772 et
656 3711 780 3773 ablativo
803 3731 873 3773 casu
896 3715 1012 3773 numeri
1038 3713 1196 3791 singularis
1222 3731 1281 3774 non
1304 3715 1313 3775 i
1335 3712 1432 3776 littera
1456 3721 1514 3775 ter·

221 3813 381 3881 minentur,
403 3819 528 3890 utputa
550 3813 623 3873 ltaec
646 3815 772 3881 stataria,
796 3814 869 3875 haec
895 3813 1058 3876 cochlearia
1082 3822 1112 3875 et
1133 3823 1230 3876 cetera
1249 3814 1325 3877 talia.
1357 3816 1513 3895 numquid·

222 3930 289 3974 nam
312 3911 349 3972 ab
372 3900 428 3972 hoc
450 3915 551 3973 statari
572 3921 623 3974 attt
644 3913 681 3974 ah
701 3914 758 3974 ltoc
780 3913 928 3976 cochleari
950 3916 1048 3977 lacere
1076 3917 1297 3978 demonstrant?
1324 3918 1377 3979 sed
1401 3918 1438 3981 ah
1458 3919 1514 3980 ltoc

181 4024 207 4066 δῦ
221 4021 329 4076 statare
356 4013 387 4075 et
408 4012 444 4075 ab
464 4014 521 4074 lroc
544 4013 699 4076 cochleare
726 4016 936 4095 intelleguntur
958 4035 1109 4081 resonare.
1152 4021 1222 4080 item
1245 4027 1315 4080 sunt
1334 4019 1441 4099 aliqui,
1464 4022 1514 4100 qni

221 4115 291 4177 huic
307 4115 388 4177 casui
406 4134 496 4195 snpra
516 4115 593 4177 dicto
616 4115 674 4177 hoo
692 4128 885 4198 praeceptum
905 4119 969 4180 dori
992 4122 1239 4193 existirnarerunt,
1259 4121 1317 4183 hoc
1331 4131 1377 4184 est
1397 4131 1432 4184 nt
1445 4131 1514 4185 tunc

289 4344 306 4398 6
325 4355 383 4414 post
401 4357 582 4399 consonantem
601 4347 752 4399 deliniantur
769 4349 795 4399 B
813 4357 870 4400 ante
890 4358 1070 4400 consonantem
1089 4351 1315 4403 concluduntnrfl
1396 4350 1514 4405 astitu-

220 4416 296 4480 etius]
313 4416 372 4482 loq.
392 4416 425 4468 35
492 4418 524 4470 12
543 4420 881 4485 praecipueopraecipuus
899 4420 922 4470 n
941 4422 1108 4486 praecipuum
1127 4423 1305 4489 rpraecipins
1323 4423 1349 4473 B
1410 4423 1443 4474 ta
1461 4438 1513 4473 am-

219 4484 372 4553 plexaeque]
396 4488 475 4553 Vero.
496 4489 562 4542 Aen.
580 4489 601 4537 ll
619 4488 672 4540 490
757 4499 844 4556 postes
862 4506 877 4540 r
895 4489 1007 4554 poteslt
1100 4493 1130 4543 tc
1149 4495 1282 4558 postisque
1299 4509 1315 4542 r
1338 4495 1459 4560 potisque
1474 4494 1513 4544 li:

224 4559 303 4621 Verp.
323 4557 389 4608 Aen.
409 4559 432 4607 ll
448 4560 500 4609 442
554 4556 586 4608 19
606 4559 675 4622 qnod
689 4557 752 4608 haec
770 4558 819 4610 hoe
836 4559 862 4609 B
880 4559 948 4622 quod
966 4558 1030 4609 haec
1048 4562 1071 4611 ll
1132 4562 1165 4612 25
1184 4563 1286 4627 quando
1304 4577 1320 4613 a
1337 4562 1513 4615 nominibus·

220 4626 322 4692 qnando
339 4627 524 4678 nominibuslt
550 4629 652 4691 quando
671 4643 686 4678 a
703 4630 859 4679 nominatino
878 4628 903 4677 B
990 4646 1055 4694 quae
1074 4633 1260 4683 nominativae
1283 4648 1348 4697 quae
1365 4647 1382 4683 a
1399 4635 1519 4698 nomina-

219 4696 312 4747 tiuoll
395 4696 430 4747 26
448 4699 609 4765 reperiuntnr
627 4699 666 4748 Ro
752 4699 786 4751 29
806 4700 967 4766 intellegatur
985 4716 1053 4753 corr.
1064 4701 1229 4769 intellegitur
1246 4702 1272 4752 B
1290 4702 1476 4768 intelleguntur
1491 4702 1529 4753 rt

273 4763 306 4816 33
318 4767 427 4816 stataria
443 4768 465 4817 ll
483 4769 587 4817 staterio
607 4768 639 4817 B.
656 4769 771 4831 sortasse
789 4771 901 4819 exstaria
972 4768 1005 4819 34
1024 4773 1112 4821 statari
1130 4772 1153 4822 R
1171 4775 1275 4823 staterio
1293 4788 1362 4823 corr.
1383 4775 1472 4824 elateri
1490 4770 1537 4823 Β

288 4834 321 4889 ³5
340 4845 434 4888 natare
452 4837 475 4888 R
492 4853 560 4889 corr.
577 4846 669 4888 statere
687 4839 713 4889 B
