3314 5506
232 351 288 417 na
550 322 553 329 ’
813 353 926 417 enon

277 468 434 524 praemon.
1300 469 1460 524 estanar.

227 543 300 601 meri
327 539 482 618 singularis
509 559 576 600 eum
603 539 707 603 litteris
735 539 863 611 definiri,
893 542 950 601 boc
971 560 1142 615 monemus,
1170 542 1251 621 quod
1269 562 1305 604 ex
1328 560 1364 604 ea
1394 561 1453 604 non
1472 561 1506 605 eo

225 642 327 721 plures
348 644 422 712 soni,
444 643 501 703 boe
521 649 566 704 est
586 660 645 704 non
669 661 704 703 eo
724 641 851 720 plurima
873 645 1007 712 nomina,
1038 645 1152 721 possint
1174 643 1315 705 exbiberi.
1357 630 1507 707 deforma

225 745 341 822 generis
360 745 473 813 neubi,
501 764 558 824 qua
581 742 705 805 ablativo
728 762 796 805 casu
824 746 942 805 numeri
962 744 1118 822 singularis
1145 746 1299 815 nominao
1329 745 1427 808 littera
1452 754 1509 809 ter·

225 846 372 907 minantur
400 854 430 907 et
457 847 635 907 nominativo
666 863 736 907 casu
764 848 882 927 numeri
906 846 1063 925 singularis
1090 865 1158 908 eum
1186 846 1293 909 litteris
1322 848 1510 916 deliniuntur,

200 956 367 1025 aquantum
390 948 465 1009 ratio
484 947 632 1030 poscebat,
655 949 848 1009 tractavimus.

221 1036 227 1047 ⁴
308 1050 350 1111 lle
375 1051 445 1110 ium.
490 1067 694 1131 quaecumque
726 1051 845 1110 nomina
875 1034 996 1126 generis
1019 1051 1117 1110 neutri
1144 1047 1268 1111 ablativo
1295 1069 1367 1114 casu
1396 1052 1512 1113 numeri

223 1150 379 1230 singularis
401 1170 419 1210 o
440 1150 536 1212 littera
559 1152 757 1212 terminantur
785 1140 815 1211 el
836 1153 1014 1212 nominativo
1037 1169 1106 1213 casu
1134 1153 1250 1213 numeri
1269 1151 1430 1230 singularis
1451 1154 1512 1215 ium

223 1250 328 1315 litteris
353 1250 549 1322 deliniuntur,
583 1260 616 1313 ut
640 1262 709 1331 puta
741 1253 778 1315 ab
801 1254 858 1314 boc
878 1253 985 1313 scrinio
1016 1253 1073 1314 boc
1100 1254 1256 1339 scrinium,
1292 1253 1368 1315 baec
1396 1252 1513 1315 adbuc

224 1353 390 1432 exemplum
418 1353 618 1415 declinantur:
653 1356 768 1417 numeri
791 1352 946 1432 singularis
969 1355 1025 1415 boc
1049 1356 1191 1416 scrinium
1214 1355 1300 1416 buius
1319 1357 1424 1417 scrinii
1444 1355 1514 1417 buic

134 1509 136 1514 .
187 1479 212 1521 ιο
225 1456 335 1516 scrinio
356 1456 413 1515 boc
434 1457 573 1517 scrinium
596 1475 614 1517 o
636 1459 777 1519 scrinium
797 1456 834 1517 ab
849 1456 908 1517 boc
927 1457 1047 1526 scrinio,
1068 1458 1185 1518 numeri
1206 1455 1328 1536 pluralis
1348 1456 1425 1519 baec
1440 1459 1511 1519 scri·

224 1559 272 1619 nia
293 1556 400 1618 horum
422 1559 601 1619 scriniorum
631 1559 678 1619 bis
699 1560 815 1620 scriniis
846 1559 918 1619 baec
940 1559 1049 1619 scrinia
1079 1541 1224 1620 osorinia
1257 1557 1295 1620 ab
1318 1559 1365 1621 bis
1385 1560 1509 1621 scriniis.

223 1661 265 1721 sic
287 1667 317 1721 et
339 1659 393 1721 alia
415 1661 533 1738 generis
555 1663 651 1721 neutri
670 1663 806 1731 nomina,
832 1678 908 1742 quae
930 1658 1054 1720 ablativo
1077 1679 1148 1723 casu
1176 1662 1293 1722 numeri
1314 1658 1507 1740 singulariae

223 1758 319 1823 littera
338 1762 535 1851 terminantur
556 1770 585 1822 et
605 1764 784 1824 nominativo
807 1781 878 1822 casu
901 1763 1016 1823 numeri
1038 1761 1194 1841 singularis
1214 1780 1265 1822 um
1287 1760 1400 1842 syllaba
1418 1763 1505 1842 posti

223 1861 350 1924 litteram
373 1848 565 1933 deliniuntur,
591 1865 626 1925 ad
649 1863 817 1944 exemplum
845 1863 944 1923 scrinii
971 1881 1024 1940 per
1045 1882 1147 1924 omnes
1169 1880 1254 1923 casus
1284 1861 1480 1925 declinantur.
1500 1864 1504 1943 l

186 1983 303 2028 renunc
330 1966 359 2025 in
384 1965 439 2026 bac
464 1968 682 2045 suprascripta
715 1966 810 2027 torma
832 1966 999 2045 quaeritur,
1031 1983 1088 2045 qua
1116 1965 1152 2026 de
1174 1976 1259 2028 eausa
1275 1960 1289 2049 ΙΙ
1304 1967 1425 2026 nomina
1456 1982 1505 2045 per

191 2143 194 2149 .
223 2066 337 2146 aliquos
353 2086 443 2147 supra
469 2068 562 2128 dictos
584 2086 670 2130 casus
696 2086 751 2145 per
768 2067 850 2128 ‘duas
871 2069 881 2126 i
904 2066 1015 2127 litteras
1040 2065 1217 2153 scribantur.
1263 2067 1319 2126 bac
1345 2066 1385 2129 de
1413 2084 1505 2133 causa.

223 2170 361 2248 quoniam
388 2188 593 2249 quaecumque
618 2171 736 2259 norpina
767 2169 884 2248 generis
906 2170 1003 2228 neutri
1032 2167 1156 2229 ablativo
1179 2170 1392 2237 casunumeri
1412 2170 1505 2247 singu·

222 2270 293 2331 laris
316 2289 333 2329 o
351 2270 448 2331 littera
472 2273 667 2331 terminantur
689 2279 718 2331 et
738 2271 915 2330 nominativo
931 2287 1001 2330 casu
1024 2270 1140 2331 numeri
1154 2269 1315 2349 singularis
1330 2287 1380 2331 um
1400 2268 1506 2351 syllaba

223 2379 289 2450 post
312 2374 321 2431 i
342 2371 469 2433 litteram
491 2372 679 2441 deliniuntur,
704 2372 777 2433 baec
795 2374 925 2450 exceptis
939 2370 1081 2433 anomalis
1103 2379 1132 2433 et
1152 2373 1287 2449 genetivo
1302 2389 1374 2432 casu
1394 2372 1507 2434 numeri

184 2494 210 2534 ao
224 2472 343 2551 pluralis
356 2492 417 2552 ,per
433 2483 549 2535 eeteros
570 2487 654 2534 casus
674 2476 739 2553 pari
761 2492 885 2535 numero
905 2472 1082 2553 syllabarum
1106 2480 1223 2553 oportet
1245 2471 1345 2534 scribi.
1388 2475 1459 2534 item
1480 2480 1508 2533 et

221 2574 277 2635 alia
304 2574 456 2653 probatio,
487 2594 544 2653 qua
576 2576 720 2636 docentur
754 2576 827 2637 baec
856 2575 1042 2654 supradicta
1066 2577 1184 2636 nomina
1217 2594 1271 2654 per
1301 2576 1507 2655 supradictos

222 2694 308 2737 casus
336 2695 389 2755 per
416 2677 489 2738 doas
509 2679 520 2737 i
541 2677 651 2739 litteras
677 2687 815 2757 oportere
838 2676 945 2745 scribi,
980 2680 1118 2756 quoniam
1152 2695 1356 2756 quaecumque
1388 2679 1507 2739 nomina

221 2779 340 2856 generis
359 2780 472 2847 neutri,
502 2780 632 2858 exceptis
652 2779 764 2840 scilicet
785 2779 940 2848 anomalis,
968 2777 1094 2840 ablativo
1117 2798 1186 2840 casu
1211 2780 1328 2840 numeri
1353 2777 1508 2857 singularis

222 2900 240 2940 o
261 2879 358 2941 littera
376 2882 581 2950 terminantur,
601 2881 674 2942 baec
697 2881 820 2943 eandem
835 2901 853 2941 o
868 2880 993 2940 litteram
1017 2883 1045 2941 in
1064 2881 1073 2940 i
1095 2888 1270 2941 conuertunt
1289 2887 1319 2942 ct
1340 2882 1506 2958 genetivum

184 2995 210 3035 tt
223 3000 324 3044 casum
348 2983 462 3043 numeri
483 2982 641 3061 singularis
663 2984 828 3044 ostendunt.
868 2984 937 3043 item
961 2983 1034 3043 baec
1056 2983 1157 3043 eadem
1178 3000 1267 3060 supra
1290 2982 1367 3043 dicta
1388 2985 1506 3044 nomina

222 3103 256 3145 ex
282 3084 385 3146 eodem
410 3084 535 3145 ablativo
558 3102 627 3145 casu
651 3086 766 3145 numeri
786 3082 943 3162 singularis
968 3084 1092 3146 eandem
1113 3103 1131 3143 o
1150 3083 1277 3145 litteram
1298 3086 1329 3144 in
1351 3086 1377 3146 is
1398 3083 1508 3145 litteras

221 3193 396 3248 convertunt
423 3195 453 3247 et
484 3187 611 3246 dativum
643 3186 688 3248 rel
715 3186 872 3247 ablativum
905 3204 1004 3248 casum
1037 3189 1152 3247 numeri
1185 3186 1308 3265 pluralis
1339 3186 1507 3248 ostendunt.

220 3290 291 3350 item
308 3290 339 3347 in
361 3287 417 3349 bac
437 3289 623 3369 supradicta
645 3289 740 3349 torma
768 3290 885 3368 generis
914 3289 1026 3356 neutri,
1056 3307 1113 3367 qaia
1138 3288 1265 3348 diximus
1291 3286 1419 3349 ablativo
1438 3306 1506 3350 casu

220 3394 335 3453 numeri
364 3391 519 3469 singularis
547 3393 664 3452 nomina
688 3410 705 3450 o
728 3390 822 3452 littera
850 3392 1002 3451 terminari
1030 3399 1060 3451 et
1088 3391 1267 3451 nominativo
1294 3408 1364 3451 casu
1383 3391 1507 3451 numeri

181 3513 207 3555 oo
220 3493 378 3572 singularis
393 3513 442 3554 um
458 3493 568 3574 syllaba
587 3503 654 3572 post
673 3496 683 3553 i
701 3492 837 3554 litteram·
848 3493 970 3558 definiri,
995 3492 1051 3553 boc
1062 3510 1225 3562 monemus,
1250 3490 1330 3573 quod
1342 3492 1401 3551 boc
1415 3510 1506 3554 unum

220 3612 326 3656 nomen
351 3598 532 3674 reperiatur,
563 3596 642 3675 quod
666 3595 842 3654 nominativo
864 3601 893 3654 et
911 3596 1075 3655 accusativo
1098 3604 1128 3656 et
1146 3597 1275 3656 voeatito
1298 3611 1367 3653 casu
1391 3593 1506 3655 numeri

218 3696 375 3775 singularis
397 3697 416 3757 d
442 3697 538 3759 littera
564 3698 733 3764 deliniatur,
764 3696 793 3755 id
816 3704 860 3756 est
883 3694 976 3765 aliud,
1009 3697 1087 3776 quod
1116 3715 1204 3776 quam
1230 3697 1356 3757 maxime
1383 3704 1507 3775 propter

218 3804 382 3858 structuras
403 3799 536 3875 genetivo
556 3805 584 3858 et
605 3798 702 3858 dativo
725 3817 792 3859 casu
817 3799 931 3857 numeri
953 3798 1109 3875 singularis
1130 3800 1172 3859 sic
1193 3797 1328 3858 anomale
1349 3798 1506 3859 conllrma·

219 3905 281 3958 tum
306 3901 343 3959 sit
362 3898 516 3968 declinari,
544 3899 639 3960 idest
664 3900 752 3960 buius
773 3899 847 3959 alius
875 3898 942 3958 buic
964 3899 1029 3969 alii;
1059 3909 1088 3961 at
1109 3919 1178 3962 vero
1204 3919 1258 3980 per
1283 3908 1400 3961 eeteros
1421 3918 1508 3961 casus

181 4018 205 4058 os
219 3998 255 4060 ad
278 3998 383 4061 sonum
404 4002 507 4062 scrinii
532 3999 638 4061 debeat
660 4000 810 4061 declinari.
855 4018 934 4060 nurtc
958 4004 1044 4062 etiam
1068 4003 1124 4063 boc
1147 4020 1316 4072 monemus,
1344 4002 1424 4081 quod
1450 4001 1507 4062 boc

218 4118 306 4180 supra
340 4104 481 4181 scriptum
514 4119 622 4163 nomen
654 4110 776 4181 propter
808 4110 901 4161 metra
934 4104 964 4162 in
993 4105 1086 4165 isdem
1114 4103 1310 4182 supradictis
1339 4104 1456 4167 casibus
1478 4113 1507 4165 et

219 4202 352 4266 anomale
374 4213 402 4266 et
424 4223 483 4265 non
505 4203 639 4265 anomale
658 4206 834 4284 permissum
855 4205 893 4263 sit
915 4204 1063 4266 declinari.
1109 4207 1160 4267 sed
1182 4206 1238 4266 lroc
1259 4223 1368 4267 nomeu
1388 4206 1506 4287 quade

218 4323 305 4366 causa
327 4308 356 4366 in
380 4325 468 4386 supra
490 4308 574 4369 dictis
601 4307 718 4369 casibus
741 4314 863 4386 propter
884 4315 1049 4368 structuras
1078 4309 1120 4367 sic
1143 4308 1277 4369 anomale
1299 4308 1506 4370 confirmatum

217 4409 256 4469 sit
277 4411 463 4489 pronuntiari
487 4417 516 4470 et
537 4412 567 4469 in
591 4411 692 4471 metris
713 4409 847 4470 anomale
868 4418 897 4471 ot
919 4428 978 4469 non
1001 4410 1134 4471 anomale
1156 4412 1334 4489 permissum
1353 4411 1392 4471 sit
1414 4409 1505 4473 decli·

288 4614 319 4663 13
342 4622 399 4678 post
418 4614 425 4662 i
444 4615 551 4663 litteram
570 4631 583 4664 o
599 4617 679 4665 antei
697 4615 804 4665 litteram
819 4615 866 4664 llll
938 4616 968 4664 to
988 4624 1046 4680 post
1065 4617 1070 4664 i
1091 4615 1197 4665 litteram
1212 4614 1237 4664 B
1253 4624 1312 4664 ante
1331 4615 1340 4664 i
1357 4614 1466 4665 litteram
1483 4615 1505 4664 R

285 4685 317 4733 at
339 4687 476 4737 doceantur
493 4685 516 4734 Il
535 4686 678 4735 dooetan
747 4688 781 4736 ‘22
800 4695 915 4749 oportere
935 4686 974 4734 Br
993 4695 1091 4752 oportet
1109 4688 1132 4736 a
1184 4689 1225 4735 ’27
1243 4687 1358 4735 datiuum
1375 4686 1417 4735 uel
1436 4686 1503 4735 abla-

216 4754 470 4803 tiuudeatiuum
491 4755 711 4805 etublatinnmll
796 4757 828 4806 32
847 4757 1003 4818 quodquam
1023 4758 1044 4806 It
1062 4767 1087 4805 at
1106 4770 1165 4805 uero
1183 4770 1259 4818 quam
1277 4755 1303 4805 B
1393 4755 1427 4805 {ld
1446 4756 1504 4804 lmic

216 4826 310 4874 alliud
329 4840 389 4874 atero
406 4825 429 4874 [t
446 4824 505 4873 linio
524 4825 557 4874 ali
576 4836 601 4874 at
621 4842 681 4876 uero
698 4842 714 4874 r
732 4826 791 4874 linio
808 4825 841 4875 ali
862 4841 926 4874 tunm
944 4827 968 4875 B
1037 4828 1070 4876 37
1089 4841 1178 4876 nomeu
1198 4843 1243 4880 orer,
1264 4826 1294 4888 lt,
1315 4826 1376 4876 aad.
1397 4826 1437 4876 Br
