3346 5506
616 381 733 444 COldll.
754 381 793 442 lN
816 380 993 444 nonaria
1391 387 1451 448 431

1232 501 1255 542 p.
1271 488 1326 530 issi.
1340 489 1365 529 aa
1379 487 1401 529 r.

163 568 216 630 lini
237 576 293 630 est.
339 586 399 629 nou
422 571 520 630 omnia
543 587 617 648 quae
641 576 709 630 sunt
730 567 878 649 qualitatis
901 577 930 628 et
951 570 1120 649 quantitatis
1141 570 1289 648 recipiunt
1310 585 1453 645 conpara·

163 672 290 741 tionem,
319 670 372 731 sed
402 673 499 730 omnia
527 689 602 750 quae
625 672 774 750 recipiunt
795 671 1034 750 conparationem
1057 668 1203 749 qualitatis
1224 678 1292 729 sum
1314 678 1343 728 et
1365 688 1454 748 quan·
1478 653 1485 673 ⁸

163 774 270 842 titatis,
299 773 343 832 sic
371 781 403 833 ut
431 781 499 851 puta
527 790 588 832 non
615 790 720 833 omues
742 773 792 848 qui
814 772 933 833 student
954 790 1056 833 causas
1078 779 1180 849 agunt,
1205 773 1335 850 quisquis
1357 781 1453 830 autom

163 892 266 935 causas
288 874 349 951 agit
371 873 470 934 studet
491 875 555 934 sine
578 872 676 934 dubio.
708 882 787 934 recta
810 876 981 951 conparatio
1005 882 1049 934 est
1071 892 1144 952 quae
1167 874 1291 953 primam
1315 871 1453 952 syllabam

163 978 312 1054 integram
328 992 383 1053 per
399 993 502 1036 omnes
521 977 640 1050 arodus
655 984 765 1044 servat,
782 984 814 1035 ut
829 975 933 1037 doctus
955 975 1069 1036 doctior
1092 975 1286 1035 doctissimus.
1310 976 1335 1033 si
1358 982 1480 1034 autema

162 1079 311 1154 integram
327 1095 387 1138 non
403 1084 512 1147 servat,
536 1074 700 1156 inaequalia
717 1077 806 1136 elficit
829 1080 963 1149 nomina,
986 1097 1060 1158 quae
1083 1085 1151 1137 suut
1174 1084 1285 1136 tantum
1310 1078 1379 1147 tria,
1404 1076 1455 1135 luo-

164 1197 220 1239 nus
242 1178 339 1240 malus
361 1197 494 1256 magnus.
526 1197 592 1238 cum
617 1185 732 1239 constet
755 1181 973 1257 conparativum
990 1180 1113 1256 gradum
1130 1181 1227 1238 minus
1249 1179 1414 1256 significare
1437 1199 1454 1230 a

164 1280 313 1351 videatur,
338 1289 372 1341 ut
392 1278 501 1341 clarior
524 1279 701 1350 clarissimo,
726 1281 841 1343 doctior
864 1282 1042 1342 doctissimo.
1088 1288 1240 1359 praeterea
1262 1281 1325 1357 ipse
1348 1297 1457 1358 conpa-

164 1384 276 1444 rativus
303 1400 362 1443 non
393 1400 551 1461 numquam
581 1384 735 1462 positivum
765 1385 924 1461 significat,
953 1401 1012 1443 non
1041 1401 1199 1462 numquam
1224 1400 1279 1441 neo
1300 1383 1456 1461 positivum

165 1485 320 1564 signifieat.
365 1483 482 1562 quaudo
511 1484 636 1544 dicimus
666 1483 801 1544 ‘Charon
830 1487 957 1554 senior',
985 1483 1074 1545 modo
1101 1502 1161 1544 non
1183 1485 1327 1560 significat
1349 1484 1495 1551 senionia

165 1587 311 1664 significat
333 1593 431 1645 tamen
454 1604 554 1646 senex.
600 1593 629 1646 at
659 1604 724 1646 cum
754 1584 897 1647 Salustius
920 1587 991 1647 dicit
1018 1592 1134 1647 ‘mare
1158 1587 1353 1646 Ponticum
1377 1584 1458 1645 dul-

167 1690 248 1750 cius
270 1706 374 1767 quarn
399 1692 552 1757 cetera’,
576 1686 663 1747 modo
679 1689 826 1747 invenitur
842 1689 1046 1768 conparativus
1061 1705 1120 1747 non
1138 1685 1231 1747 solum
1256 1688 1459 1766 conparativus

168 1807 226 1849 non
249 1806 330 1858 esse,
354 1787 405 1848 sed
422 1784 435 1871 11
451 1807 504 1849 neo
526 1791 680 1868 positivus:
718 1807 785 1850 nam
810 1808 891 1850 mare
914 1808 972 1850 uon
996 1789 1084 1850 modo
1107 1787 1220 1849 dulcius
1242 1807 1301 1847 non
1324 1796 1383 1858 cst,
1406 1789 1457 1848 scd

170 1909 222 1952 nec
244 1889 333 1951 dulce
355 1890 484 1970 quidem.
529 1891 659 1953 lionatus
688 1891 759 1952 dicit
786 1893 916 1970 quinque
943 1890 1080 1951 adverbia
1103 1890 1225 1969 positivo
1248 1899 1361 1950 tantum
1393 1908 1458 1950 esse

168 1991 332 2070 iungenda,
354 2000 414 2052 tam
438 1990 556 2072 [quam]
581 1995 674 2071 magis
695 1996 821 2055 maxime
835 1995 934 2053 minus
950 2002 978 2053 et
993 1994 1127 2060 minime,
1151 2010 1183 2051 ea
1201 1989 1312 2051 scilicet
1334 1993 1496 2062 rationem

171 2095 307 2174 quoniam
330 2094 388 2153 vim
410 2094 441 2153 in
464 2113 496 2154 se
520 2093 630 2154 liabent
652 2093 849 2171 conparandi,
879 2102 966 2174 atque
989 2092 1055 2154 idco
1079 2112 1138 2153 non
1162 2092 1268 2152 debent
1292 2095 1458 2172 conparati-

171 2197 210 2255 vis
232 2192 376 2273 gradibus
397 2196 495 2273 iungi,
519 2213 557 2255 ne
578 2196 711 2256 videatur
734 2198 905 2274 conparatio
928 2197 1084 2274 geminata.
1114 2195 1164 2274 qui
1187 2196 1264 2255 enim
1288 2195 1359 2255 dicit
1381 2200 1456 2255 ‘tam

174 2297 312 2367 doctior’,
341 2314 435 2375 paene
464 2296 521 2358 hoc
549 2297 633 2366 dicit,
662 2297 794 2357 ‘doctior
822 2297 964 2369 doctior’,
993 2297 1071 2378 quod
1094 2296 1235 2356 Latinitas
1258 2315 1315 2355 non
1338 2299 1457 2375 patitur.

174 2397 285 2459 Probus
314 2406 411 2459 autem
440 2398 511 2459 dicit
540 2401 645 2479 omniax
660 2398 814 2468 adverbia,
844 2418 918 2479 quac
941 2401 997 2460 vim
1021 2400 1155 2476 augentis
1177 2406 1225 2458 ant
1248 2400 1406 2459 minuentis
1428 2401 1459 2459 in

175 2498 351 2569 saltabant,
375 2517 433 2560 non
457 2499 566 2560 dehere
589 2502 728 2579 coniungi
750 2519 806 2561 nec
828 2503 1016 2578 conparativo
1046 2519 1100 2560 noc
1123 2499 1313 2578 superlativo,
1337 2508 1370 2560 ut
1392 2509 1498 2561 sunta»

175 2601 238 2672 ista,
262 2599 345 2662 valde
367 2601 490 2662 multum
514 2601 673 2680 plurimum
697 2621 751 2682 per
774 2612 802 2664 et
824 2601 938 2664 similia.
983 2621 1050 2663 nam
1072 2605 1128 2663 ista
1152 2603 1248 2663 omnia
1270 2608 1382 2663 tantum
1406 2619 1458 2680 po·

176 2705 265 2764 sitivis
288 2700 429 2781 gradibus
451 2701 595 2764 debemus
616 2704 786 2783 adiungere.
832 2705 910 2785 mind
932 2703 1141 2784 superlativum
1169 2703 1293 2780 gradum
1317 2704 1388 2762 (licit
1409 2722 1459 2779 gc·

177 2808 268 2866 netivo
291 2803 399 2884 plurali
422 2806 575 2885 coniungi,
606 2825 665 2866 nou
688 2807 761 2867 adeo
783 2825 885 2869 verum
907 2815 960 2867 est.
1006 2825 1072 2866 nam
1095 2807 1259 2865 invenimus
1282 2824 1347 2865 eum
1372 2807 1458 2865 etiam

177 2905 313 2986 singrdari
335 2907 470 2985 genetivo
498 2925 585 2986 posse
613 2910 767 2986 coniungi,
796 2917 867 2969 tunc
889 2907 1006 2987 quando
1028 2908 1147 2967 nomina
1170 2915 1239 2966 sunt
1261 2909 1460 2967 enuntiatione

177 3007 346 3087 singrdaria,
370 3006 680 3087 intellectu'pluralia,
705 3018 738 3071 ut
759 3018 803 3070 est
826 3016 861 3069 ‘o
878 3010 1036 3070 Danaum
1060 3009 1273 3069 fortissime
1296 3009 1443 3085 geritis'.
1472 3030 1499 3067 as

255 3109 342 3183 Quod
364 3109 435 3171 dicit
457 3113 657 3172 enuntiatione
672 3111 882 3181 masculinum,
905 3110 1055 3171 intellectu
1079 3129 1142 3170 esse
1165 3118 1300 3170 neutrum
1329 3108 1459 3187 pelagum,

178 3229 276 3273 verum
299 3218 358 3281 est;
387 3210 490 3290 vulgus
510 3211 614 3274 salsum
638 3222 694 3274 est:
717 3222 747 3274 et
768 3214 908 3273 feminino
931 3221 961 3273 et
981 3219 1085 3273 neutro
1107 3230 1216 3289 genere
1236 3209 1361 3289 legimus
1383 3209 1460 3289 apud

181 3311 338 3393 Virgilium,
350 3315 493 3376 leminino
506 3317 559 3374 ‘in
575 3313 720 3393 vulgum
736 3315 967 3393 ambiguam',
981 3323 1085 3373 neutro
1102 3312 1285 3390 ‘ignobile
1303 3311 1460 3387 vulgus'.

179 3412 313 3477 balneum
330 3418 448 3494 generis
464 3419 561 3477 neutri
578 3426 622 3477 est
637 3419 666 3477 in
681 3435 805 3477 numero
820 3415 976 3493 singulari:
998 3419 1028 3476 io
1043 3433 1165 3475 narrraro
1179 3423 1277 3474 autem
1289 3417 1407 3490 plurali
1420 3414 1461 3473 le·

179 3519 277 3578 minini
292 3516 410 3597 quidem
427 3517 588 3580 secundum
604 3536 704 3589 usum,
721 3526 753 3578 ut
774 3520 938 3578 ‘occisus
953 3525 1008 3576 est
1023 3516 1064 3576 ad
1081 3515 1235 3577 balneas
1252 3515 1499 3583 Pallicias';ao

181 3627 273 3683 umen
296 3631 326 3680 et
347 3620 521 3681 neutraliter
543 3620 681 3699 legimus,
710 3629 742 3680 ut
764 3619 913 3680 ‘balnea
938 3620 1045 3678 vitat'
1070 3619 1097 3678 iu
1120 3617 1250 3678 lloratio.
1295 3617 1407 3677 caelum
1431 3619 1461 3676 in

184 3737 305 3783 numero
332 3721 474 3800 singulari
502 3724 621 3799 generis
652 3722 749 3781 neutri
777 3729 834 3792 est,
863 3723 892 3781 in
919 3738 1043 3782 numero
1076 3729 1172 3780 autern
1207 3719 1311 3799 plurali
1344 3720 1462 3794 gerreris

182 3821 349 3885 masculini:
381 3822 523 3883 hahemus
552 3825 629 3884 enim
658 3825 688 3882 iu
712 3823 849 3883 Lucretio
873 3824 972 3903 ‘quis
993 3821 1148 3882 totidem
1172 3823 1286 3882 vertit
1308 3819 1461 3880 caelos’.

180 3942 265 4004 saepe
288 3927 318 3987 in
340 3943 464 3986 numero
487 3924 629 4004 singulari
652 3927 770 4004 generis
785 3925 882 3985 neutri
898 3931 955 3994 est,
979 3932 1012 3984 ut
1033 3926 1259 3984 ‘tunicatum
1283 3941 1361 3982 oum
1385 3919 1463 3982 sale

180 4028 352 4090 mordens
380 4027 515 4107 caepe'.
561 4034 590 4088 et
617 4027 674 4088 hoc
702 4044 811 4087 nomen
839 4035 899 4088 tres
920 4024 1004 4087 solos
1032 4024 1121 4086 habet
1148 4043 1246 4095 casus,
1282 4025 1339 4084 ltoc
1372 4041 1501 4105 caepere

248 4245 345 4315 Inoa]
369 4262 426 4297 nam
445 4250 471 4297 P
539 4248 652 4298 dstudit
669 4247 836 4303 Pstnduitg
905 4247 1036 4312 5gradus
1053 4263 1099 4298 om.
1115 4249 1156 4303 Ρς
1225 4247 1377 4297 'liacanam
1394 4261 1466 4312 qaam

177 4319 283 4371 iudicavi
296 4320 335 4369 ita
348 4319 406 4381 fere
423 4319 542 4382 supplere
553 4319 655 4381 possis,
673 4333 730 4366 cum
752 4326 850 4367 constet
874 4317 1065 4382 conparativum
1085 4318 1193 4383 gradum
1214 4318 1297 4366 miuus
1318 4318 1465 4383 significare

179 4402 252 4455 quem
269 4388 470 4455 superlativum,
492 4396 532 4439 est
553 4398 636 4437 tamen
654 4387 698 4436 ubi
714 4386 772 4454 plus
791 4388 935 4453 siguificare
957 4387 1073 4436 videatur
1156 4386 1187 4437 10
1207 4385 1318 4453 Charon]
1338 4395 1413 4452 capnt
1432 4387 1464 4448 P,

177 4472 222 4515 en.
239 4472 273 4517 §.⁰
291 4458 327 4522 es.
344 4457 441 4510 Donat.
458 4471 488 4521 p.
509 4457 577 4510 17411
593 4458 703 4520 Pompei.
722 4473 749 4520 p.
770 4456 819 4508 134
838 4456 909 4510 Seru.
928 4459 952 4506 in
967 4458 1044 4522 Verp.
1060 4457 1125 4506 Aen.
1139 4457 1173 4505 Vl
1193 4455 1244 4507 304
1316 4457 1345 4507 11
1366 4456 1465 4505 dulcius

177 4536 216 4583 est
231 4540 340 4595 qums
360 4574 370 4589 ,.
392 4526 426 4581 14
437 4526 549 4593 quinque
562 4535 659 4576 tautum
673 4527 794 4577 aduerbia
807 4528 918 4592 positiuo
929 4543 986 4576 esse
996 4528 1020 4576 P
1072 4527 1102 4577 17
1120 4525 1254 4591 gradibus]
1272 4527 1373 4576 casibus
1392 4526 1417 4573 P

177 4592 676 4664 longmtthmdded.
703 4597 779 4648 Vina.
850 4595 1056 4662 250Dnnaum]
1079 4596 1319 4661 Ver-paleariae
1389 4595 1464 4644 vain

501 4664 511 4672 ⁴
526 4662 568 4712 ω’
655 4663 731 4735 obde]
752 4667 833 4733 Verp.
845 4667 911 4717 Aen.
932 4668 1005 4717 1149
1058 4667 1092 4716 ’29
1111 4669 1136 4716 in
1155 4682 1258 4716 numero
1277 4676 1360 4715 autem
1373 4663 1465 4729 plurali

687 4736 809 4800 .Am.7,
830 4737 861 4786 18
914 4747 1051 4792 estuans
1104 4739 1252 4801 pelliciaag
1322 4736 1352 4785 :tt
1374 4736 1466 4784 uitatur

665 4814 710 4861 tri·
723 4814 790 4871 poa.
811 4807 863 4857 298
933 4807 966 4858 33
987 4809 1010 4854 iu
1026 4805 1153 4870 lmcretio]
1176 4808 1193 4854 ll
1212 4805 1276 4855 1097
1295 4805 1352 4867 quis
1371 4807 1466 4869 puriter

705 4893 709 4927 r
723 4876 751 4927 P
760 4879 863 4944 mpure
875 4877 945 4941 infru
1013 4874 1161 4942 trinieatum]
1184 4877 1259 4927 Perat
1271 4881 1320 4927 sat,
1336 4880 1362 4931 4,
1376 4874 1411 4926 ³0
