3314 5506
224 380 287 442 564
791 370 944 452 [sanun]

276 482 292 521 t.
306 480 345 523 7²⁸
358 479 406 523 rod.
420 479 472 522 Lar.

375 559 589 640 spoliantur
611 575 673 619 eos
694 567 731 619 et
751 575 911 639 corpora
934 557 1027 619 nuda
1049 556 1285 637 relinquunt,

222 681 278 744 pro
309 660 450 742 spoliant:
483 661 630 741 passivum
663 678 718 739 pro
746 661 840 722 activo
866 661 972 740 posuit.
1014 677 1070 740 per
1096 659 1200 722 modos
1228 681 1248 716 s
1270 659 1319 721 bic
1344 662 1416 723 etan
1431 679 1470 742 pro

221 765 395 844 imperativo
417 762 605 824 indicativum
628 764 735 842 posuit.
778 779 834 841 per
856 769 1004 842 tempora,
1026 762 1105 823 sicut

927 863 1139 943 ceciditque
1160 863 1356 944 superbum

196 986 210 1025 a
374 965 481 1029 llium
505 975 540 1027 et
561 966 681 1027 omnis
702 963 810 1026 humo
832 965 947 1026 iumat
967 963 1155 1045 Neptunia
1177 965 1299 1036 Troia,

222 1088 277 1150 pro
299 1069 423 1129 ‘cecidit
450 1077 479 1129 et
505 1068 642 1129 inmarit'
667 1065 819 1147 [produxit
846 1075 907 1128 mat
933 1075 963 1127 et
989 1085 1044 1147 pro
1066 1066 1188 1128 fumavit
1208 1067 1401 1147 accipiendum
1417 1064 1471 1146 est].

222 1189 364 1250 praesens
385 1171 484 1250 posuit
505 1187 560 1249 pro
583 1170 752 1249 praeterito.
796 1188 850 1248 per
871 1186 1027 1249 personas,
1049 1169 1126 1230 sicut

370 1271 496 1343 lianai,
520 1272 580 1349 qui
601 1278 734 1350 parcnt
754 1270 913 1341 Atridis,
929 1288 1034 1350 quam
1056 1272 1216 1350 primurn
1239 1289 1335 1332 arma
1355 1271 1473 1338 sumite,

221 1392 277 1453 pro
301 1374 369 1454 ‘qui
391 1373 501 1453 paretis
523 1373 661 1433 sumite’:
684 1382 792 1452 parent
812 1374 898 1434 tertia
920 1390 1046 1452 persona
1069 1382 1129 1442 est,
1152 1375 1264 1453 paretis
1284 1372 1410 1434 secunda.
1434 1388 1474 1450 per

184 1501 210 1543 ιο
223 1474 410 1546 adverbium,
433 1475 509 1535 sicut
532 1474 627 1535 ‘intus
648 1479 701 1535 eo’
724 1492 780 1554 pro
800 1475 893 1544 intro,
917 1483 947 1535 et
968 1475 1066 1536 ‘loras
1086 1479 1149 1535 sto’
1172 1492 1229 1554 pro
1250 1473 1335 1545 loris,
1356 1482 1384 1535 et
1401 1471 1476 1534 ‘tuta

221 1578 325 1638 renio’
348 1585 379 1637 et
401 1574 456 1637 ‘ad
477 1576 601 1638 Romam
623 1578 743 1656 pergo’,
771 1594 838 1637 cum
861 1576 1038 1656 praepositio
1060 1577 1174 1637 nomini
1196 1577 1353 1655 separatim
1371 1571 1476 1636 addendi

220 1681 272 1750 sit,
296 1658 534 1740 non'adverbio:
562 1678 643 1739 iuras
665 1677 737 1738 ioris
759 1676 897 1739 adverbia
919 1686 1000 1739 sunt:
1030 1669 1185 1757 Vergilius*
1202 1677 1309 1738 adiecit
1331 1677 1425 1738 nomini
1441 1693 1476 1734 se-

220 1781 345 1861 paratim
360 1781 624 1861 praepositionem,
649 1778 794 1841 ‘Siculo
817 1780 1019 1858 prospexit
1039 1777 1081 1839 ab
1104 1797 1220 1860 usque
1242 1778 1417 1858 Pachyno’
1435 1794 1477 1857 pro

221 1888 255 1943 ‘a
277 1882 415 1962 Pachyno
438 1881 565 1944 Siculo’.
588 1899 642 1962 per
670 1883 903 1961 praepositiones
924 1883 967 1942 sic
989 1881 1062 1941 liunt
1083 1878 1263 1952 soloecismi,
1287 1900 1351 1942 cum
1371 1879 1419 1941 alia
1436 1896 1477 1958 pro

182 1984 277 2050 realia
299 1993 349 2045 aut
370 2003 549 2064 supervacua
572 1985 692 2065 ponitur
714 1991 763 2044 aut
784 1984 949 2045 necessaria
972 1981 1166 2051 subtrahitur,
1191 1992 1223 2044 ut
1245 1983 1322 2062 apud
1342 1980 1461 2044 Lucilium

372 2087 514 2165 hymnis
537 2084 723 2146 cantando
744 2103 851 2165 quem
875 2084 1085 2146 adservisse
1107 2085 1159 2145 ait
1180 2084 1221 2145 ad
1245 2103 1296 2155 se,

221 2205 275 2266 pro
298 2187 375 2267 apud
398 2207 444 2248 se:
474 2205 653 2268 supervacua
676 2187 809 2268 ponitur,
833 2195 866 2246 ut
887 2187 963 2266 apud
987 2187 1149 2247 Varronem
1173 2188 1277 2248 ‘huic
1304 2184 1480 2247 similises
1508 2201 1512 2207 ’

221 2291 324 2350 caris
345 2288 518 2367 expedita
539 2287 801 2357 lamentatur';
824 2307 859 2349 ex
883 2290 961 2349 enim
983 2307 1162 2369 supervacua
1186 2296 1230 2349 est
1254 2288 1301 2369 [ut
1321 2289 1404 2368 siquis
1420 2284 1480 2363 dieat

221 2391 359 2452 desusum
389 2389 558 2470 deorsum]:
595 2409 663 2451 cum
691 2392 774 2451 deest
800 2392 992 2470 praepositio,
1021 2392 1064 2451 sic
1090 2392 1122 2450 fit
1148 2389 1353 2462 soloecismus,
1375 2396 1402 2450 ut
1420 2384 1479 2466 apud

182 2491 381 2572 invergilium
405 2491 530 2553 ‘silvis
553 2499 587 2553 te
609 2491 775 2571 'l'yrrene
803 2492 824 2551 l.
844 2484 874 2553 a.
897 2498 944 2571 p.’
968 2510 1022 2572 pro
1045 2493 1093 2553 ‘in
1112 2491 1219 2561 silvis',
1250 2493 1333 2554 deest
1351 2493 1381 2552 iu
1400 2486 1481 2571 [rsit

220 2594 306 2662 luce
333 2592 511 2673 maligna'
534 2595 566 2653 in
590 2593 624 2655 Vl
646 2591 792 2672 Vergilius
819 2613 874 2674 pro
904 2598 990 2654 ‘ante
1013 2593 1141 2654 lucem’:
1176 2592 1231 2656 sub
1260 2593 1427 2674 praepositio
1449 2596 1482 2649 esi

221 2706 251 2758 et
273 2704 342 2758 ante
364 2697 544 2776 praepositio
567 2693 636 2777 est].
680 2695 713 2755 lit
740 2704 769 2756 et
797 2713 850 2773 per
878 2694 1011 2756 ordinem
1040 2694 1245 2766 soloecismus,
1268 2695 1298 2756 id
1320 2702 1364 2757 est
1381 2712 1429 2775 per
1446 2708 1482 2751 or·

223 2799 323 2859 dinem
346 2799 597 2859 coniunctionum.
620 2797 650 2857 in
673 2814 771 2873 prosa,
795 2797 852 2857 hoc
875 2798 971 2857 estin
994 2799 1127 2857 oratione
1149 2795 1253 2867 soluta,
1278 2798 1374 2858 vitium
1395 2796 1482 2855 lacum

220 2899 426 2961 soloecismum
450 2898 590 2969 dicimus,
613 2900 643 2958 in
659 2904 794 2977 poemate
809 2906 922 2975 autem,
946 2899 1003 2959 hoc
1026 2901 1122 2960 estin
1145 2901 1292 2971 carmine,
1315 2900 1425 2960 schema
1443 2912 1482 2974 ap-

180 3001 372 3080 repellamus.

291 3190 303 3240 l
324 3185 477 3254 spoliantur]
498 3187 566 3240 Ena.
586 3189 673 3241 onerat.
692 3204 715 3240 a.
735 3187 786 3239 600
802 3190 842 3238 ed.
861 3188 937 3238 Vati.
1010 3190 1025 3237 2
1044 3204 1091 3255 per
1109 3190 1199 3239 modos
1217 3188 1286 3240 modi
1305 3189 1347 3251 qui
1365 3198 1418 3239 sunt
1433 3186 1485 3237 indi·

220 3261 319 3309 catiuus
336 3259 502 3323 imperatione
524 3257 564 3306 uel
583 3259 658 3306 ceteri
676 3255 718 3306 hic
732 3257 827 3308 dhnidii
844 3274 933 3309 omaus
949 3260 1033 3320 spatio
1054 3266 1114 3309 urite
1135 3259 1177 3308 hic
1194 3261 1283 3309 relicto
1301 3260 1343 3310 L:
1361 3260 1394 3321 es.
1410 3257 1485 3306 bonu.

219 3331 314 3393 stet
384 3324 570 3393 desciditque]
595 3326 837 3391 Verp.Aen.1112
889 3327 970 3393 dpro
989 3329 1094 3378 ceditL
1147 3329 1310 3391 Bdanaique
1328 3328 1446 3394 pareutb

221 3398 399 3450 rocculane
466 3396 498 3449 13
517 3394 612 3462 Siculo]
635 3398 793 3462 Verentur.
809 3399 854 3447 Vll
871 3397 923 3449 289
993 3400 1083 3465 pacino
1101 3413 1146 3464 pro
1165 3413 1180 3447 a
1197 3400 1335 3464 pacinoL
1405 3396 1486 3457 lifar-

218 3479 287 3519 tasae
310 3484 384 3532 quam
403 3467 585 3526 adservivisse‚
604 3474 631 3515 ut
648 3467 754 3530 ilpmnis
771 3484 856 3518 nomen
871 3470 972 3531 puellae
986 3471 1020 3519 sit
1098 3470 1127 3517 li
1147 3469 1238 3518 similis
1251 3471 1320 3518 cirris
1336 3468 1433 3532 expedit
1446 3464 1488 3514 alr·

219 3548 343 3588 mentatur
361 3539 385 3588 b
460 3535 492 3586 19
510 3533 591 3600 deest]
609 3546 646 3584 eat
663 3540 685 3585 L
774 3537 809 3588 20
827 3538 900 3587 siluis
918 3548 942 3588 te
956 3540 1060 3587 timeres
1075 3553 1098 3586 a.
1117 3552 1144 3601 p.
1162 3538 1204 3588 b.-
1227 3540 1306 3603 Verp.
1328 3539 1390 3590 Aea.
1403 3535 1434 3585 ,ir
1448 3532 1489 3585 686

287 3609 334 3658 sub
352 3604 418 3674 luce]
444 3610 523 3672 Verp.
540 3607 650 3656 Aen.V1
665 3606 717 3657 270
786 3609 819 3657 24
837 3605 1008 3673 appellemus]
1026 3616 1162 3674 sequentur
1179 3610 1227 3658 iura
1244 3610 1335 3674 reliqui
1345 3605 1491 3659 coirarreutou'r¹

214 3695 295 3745 supra
309 3679 370 3740 562,
389 3680 540 3729 inindicari
555 3680 600 3740 ita,

725 3763 768 3812 De
785 3765 906 3812 ceteris
925 3765 1009 3813 ritis

218 3869 373 3933 Acyroiogia
387 3877 425 3917 est
440 3868 516 3917 dictio
527 3867 650 3930 quaedam
670 3866 760 3916 uitiosa
776 3868 902 3916 enuntiata
913 3868 993 3917 amisa
1003 3866 1174 3916 dominatione
1185 3866 1295 3931 intigrar
1306 3867 1415 3934 regulae,
1429 3878 1491 3928 asyro

219 3938 273 3986 sine
298 3938 408 3998 donnino,
437 3947 464 3986 nt
486 3937 570 3987 ‘bunc
596 3951 643 4002 ego
663 3938 684 3987 si
710 3945 805 3986 tantam
822 3938 892 4001 potui
912 3952 1016 4003 sperare
1034 3936 1162 3987 dolorem'
1183 3936 1279 4000 (Verp,
1298 3938 1361 3990 Aen.
1382 3937 1421 3986 illl
1440 3931 1490 3996 tlt)

218 4005 250 4068 (s.
264 4005 311 4069 73)
323 4034 352 4042 —
367 4008 421 4055 ‘sic
436 4021 479 4057 ore
500 4007 581 4056 locuta
599 4010 654 4056 est'
674 4007 769 4072 (Verp.
781 4007 846 4057 Aen.
863 4007 945 4072 tuti)
962 4016 1089 4069 tamquam
1107 4014 1207 4072 poterat
1222 4005 1297 4055 aliter
1313 4008 1360 4056 nisi
1375 4021 1416 4057 ore
1426 4004 1493 4068 loqui.

219 4084 317 4139 poteret
331 4077 415 4124 dicere
434 4086 457 4125 et
476 4078 529 4126 ‘sie
547 4078 635 4142 lingna
654 4077 756 4140 loquuta
776 4081 840 4138 est’,
856 4091 920 4139 quae
936 4087 964 4139 et
983 4075 1058 4125 hahet
1076 4076 1154 4125 totius
1166 4076 1237 4125 noeis
1253 4075 1372 4127 officium.
1391 4078 1414 4125 in
1426 4075 1493 4125 histo

218 4145 253 4194 ris
272 4145 318 4207 tes.
335 4147 428 4194 Donot.
449 4144 509 4207 305,
530 4146 546 4195 o
565 4146 663 4198 Charis.
683 4147 810 4209 271,13)
831 4147 919 4196 ‘ibant
937 4162 987 4210 qua
1006 4151 1147 4211 poterant’.
1185 4146 1309 4208 numquid
1327 4162 1377 4211 qua
1395 4161 1440 4195 non
1456 4159 1496 4210 po·

218 4223 300 4262 terant
319 4216 355 4263 ire
373 4215 507 4264 calebant?
528 4215 652 4265 Salustius
673 4217 756 4266 ‘unde
780 4223 903 4265 uenerant
930 4217 1026 4266 reuersi
1053 4220 1137 4269 sunt'.
1175 4231 1225 4278 quo
1252 4219 1350 4266 reuersi
1368 4226 1438 4278 sunt,
1454 4212 1494 4264 nisi

217 4284 286 4333 unde
299 4286 438 4332 uenerant?
451 4312 483 4320 -
495 4285 574 4336 habes
591 4288 614 4335 in
630 4287 770 4351 primordio
785 4286 841 4336 libri
854 4286 959 4335 secrrndi
969 4285 1076 4349 (potr,
1084 4287 1130 4348 27)
1142 4284 1289 4335 humanima
1304 4287 1344 4336 uel
1359 4287 1496 4353 polionimt:

219 4352 348 4402 oculorum
369 4353 450 4415 acies,
471 4364 496 4403 ut
516 4364 554 4404 est
573 4354 638 4406 ‘huc
658 4358 774 4423 geminas
800 4371 866 4406 nnnc
886 4356 957 4405 flecte
977 4357 1060 4415 acies,
1085 4356 1148 4405 hanc
1167 4356 1255 4420 aspice
1276 4361 1394 4422 gentem’
1411 4356 1496 4421 (i'erp.

218 4423 283 4476 Aen.
306 4424 340 4472 Vl
360 4422 437 4486 788);
458 4426 592 4485 exercitus,
613 4425 689 4475 ‘hinc
713 4429 781 4477 acies
800 4436 875 4489 atque
895 4425 953 4474 hinc
972 4427 1041 4475 acies
1060 4426 1160 4476 adstare
1184 4426 1305 4475 Latinas’
1328 4428 1423 4492 (Verp.
1442 4427 1498 4476 Aea.

216 4493 284 4543 Vllti
305 4492 385 4558 550);
414 4492 488 4553 lerri,
510 4498 575 4544 ‘stat
597 4495 656 4545 lerri
678 4498 746 4546 acies
764 4511 884 4546 mucrone
904 4500 1041 4546 rurrusco’
1065 4494 1245 4562 (Venefica.
1265 4496 1372 4562 11333)
1395 4498 1499 4557 cadatur,

218 4578 308 4613 causas
326 4564 422 4629 agitet
441 4577 491 4613 non
510 4564 572 4613 dicit
591 4566 672 4616 cuius.

708 4703 750 4753 De
770 4701 1015 4769 metaplasmie.

287 4803 468 4871 Metaplasmus
483 4814 521 4855 est
540 4820 586 4872 per
606 4807 819 4871 conpassitionem
833 4809 942 4872 partium
955 4808 1128 4857 diversarum:
1147 4815 1215 4855 rueta
1227 4822 1306 4873 grece
1325 4824 1373 4873 per
1387 4822 1433 4872 est,
1445 4808 1505 4874 plas-

218 4881 283 4922 mate
305 4873 416 4941 tingere,
437 4875 505 4938 quod
524 4884 563 4926 est
579 4884 754 4941 transponere.
783 4878 964 4928 transformare
987 4876 1015 4927 lit
1040 4876 1178 4927 decorandi
1202 4880 1279 4929 metri
1308 4882 1406 4945 gratia.
1439 4879 1506 4930 huius
