3346 5506
497 389 546 451 DE
567 388 729 451 murana
752 387 805 469 [iri
827 387 1023 471 DONATVM]
1352 396 1413 457 477

181 508 203 549 ρ.
216 496 274 539 raas.
291 496 356 541 aar.
1196 508 1218 548 p.
1233 497 1279 538 rra.
1295 497 1321 538 rc
1336 496 1362 537 u.

54 590 57 595 ’
137 584 166 639 nt
184 577 215 640 el
233 577 262 639 el
283 596 332 638 em
354 596 391 638 en
414 595 447 638 er
470 595 501 637 es
522 578 562 637 ix.
608 577 653 637 luis
675 577 701 636 si
722 575 910 637 detrahamus
931 573 1061 645 vocales,
1084 574 1194 637 babent
1215 585 1314 637 tamen
1335 574 1414 637 velut

136 678 276 761 quendam
305 680 351 740 sui
378 675 471 738 levem
499 697 614 739 sonum.
660 686 727 739 ante
755 676 880 758 liquidas
908 677 944 738 de
967 677 1190 740 semivocalibus
1213 678 1306 739 isola
1329 696 1413 757 prae·

135 783 249 862 punitur
271 780 359 842 etde
381 781 470 841 mutis
492 778 510 839 b
533 799 549 840 c
572 780 589 840 d
614 797 632 858 g
653 798 672 859 p
695 788 722 848 t;
746 788 775 840 et
794 781 961 841 necessario
976 778 1098 841 sublatis
1112 783 1242 861 quinque
1257 778 1413 847 vocalibus,
1436 802 1439 807 >

134 902 204 964 quae
226 889 294 944 ante
315 880 440 963 liquidas
460 883 500 942 ita
523 888 754 963 praeponuntur,
779 890 811 942 ut
825 881 952 962 liquidae
967 884 1145 962 postpositae
1161 901 1220 943 non
1236 881 1413 962 liquescaut;

134 984 252 1047 sublatis
271 986 360 1046 etiam
383 985 453 1062 ipsis
474 983 606 1064 liquidis,
630 983 781 1063 quaesibi
804 992 854 1044 aut
876 1001 1035 1063 numquam
1057 993 1280 1065 praeponuntur
1303 992 1366 1055 aut,
1390 984 1439 1044 sis

133 1088 314 1168 praepositae
329 1087 456 1156 luerint,
478 1085 654 1167 liquidarum
670 1087 733 1146 iura
750 1086 929 1165 deperdunt,
946 1096 978 1146 ut
992 1087 1176 1158 Mnestheum
1199 1085 1312 1148 sublato
1328 1086 1414 1146 etiarn

133 1208 159 1260 a,
185 1189 265 1270 quod
295 1188 413 1269 liquidis
441 1206 601 1268 numquam
624 1189 830 1267 praeponitur;
860 1190 982 1249 remotis
1004 1190 1092 1250 etiam
1114 1210 1132 1250 x
1155 1189 1173 1250 lr
1196 1209 1215 1269 q
1237 1189 1256 1248 b
1277 1208 1294 1269 y
1316 1208 1345 1259 z,
1368 1206 1415 1248 re·

133 1299 251 1353 manent
277 1309 351 1372 quac
382 1292 547 1352 necessario
581 1289 698 1370 liquidis
725 1299 947 1368 praeponuntur
980 1299 1111 1371 septem,
1140 1292 1154 1351 1
1178 1290 1360 1353 semivocalis
1388 1298 1417 1351 et

133 1402 228 1455 mutae
251 1393 287 1454 Vl
309 1393 328 1453 b
351 1392 403 1452 cd
427 1376 487 1473 pq
511 1403 535 1463 t,
559 1400 591 1453 nt
613 1391 667 1452 lios
689 1391 793 1452 bruma
816 1393 929 1453 crimen
945 1393 1057 1454 llrusus
1078 1392 1189 1455 Plinius
1212 1393 1304 1472 gloria
1327 1393 1417 1454 tralrit

135 1495 224 1575 lrigus
246 1493 373 1556 blandus
395 1493 491 1555 clarus
513 1496 627 1574 primus
648 1493 756 1573 gradus
779 1496 873 1555 tritus.
911 1513 978 1567 nam
1002 1502 1069 1556 ante
1091 1494 1101 1555 l
1124 1514 1282 1576 numquam
1304 1497 1415 1556 inveni·
1431 1518 1454 1560 ru

135 1615 197 1660 mus
218 1597 252 1669 d,
272 1595 278 1681 Ι
296 1617 398 1659 verum
420 1598 449 1656 in
472 1598 571 1676 paucis
594 1606 619 1667 t,
643 1605 675 1658 ut
696 1595 866 1667 exantlavit,
889 1597 968 1679 quod
988 1599 1020 1657 in
1035 1596 1137 1658 Plauto
1152 1596 1260 1659 lectum
1283 1605 1335 1668 cst,
1359 1597 1416 1658 hoc

136 1706 177 1760 est
197 1699 375 1770 exhaurivit,
404 1708 434 1759 et
460 1697 648 1778 Tlepolemus
678 1700 770 1780 siquis
798 1708 927 1760 vocetur.
972 1708 1070 1759 mutae
1092 1708 1160 1760 sunt
1183 1717 1257 1779 qnae
1279 1718 1296 1759 a
1318 1717 1349 1759 se
1371 1701 1415 1759 in·

137 1803 244 1883 cipiunt
271 1809 300 1863 et
327 1801 464 1862 desinunt
491 1801 521 1860 in
550 1801 673 1861 vocales.
720 1808 816 1862 mutae
845 1808 942 1862 autem
972 1802 1066 1862 dictae
1088 1810 1172 1873 sunt,
1194 1801 1273 1882 quod
1295 1800 1416 1862 sublatis

138 1901 281 1965 vocalibus
302 1902 415 1964 nullum
439 1901 568 1965 habeant
588 1921 703 1964 sonum.
735 1902 755 1962 k
778 1921 847 1964 vero
870 1912 899 1963 et
920 1922 953 1982 q,
976 1922 1051 1984 quae
1074 1922 1133 1964 non
1149 1901 1236 1963 nullis
1251 1902 1416 1981 superlluae

137 2004 281 2077 videntur,
305 2006 382 2067 hanc
405 2004 514 2066 babent
536 2007 695 2074 rationem,
718 2013 750 2065 ut
771 2004 791 2063 i
813 2012 883 2065 tunc
904 2013 1118 2085 praeponatur,
1141 2004 1258 2086 quando
1281 2024 1296 2066 a
1318 2004 1415 2085 sequi·
1430 2029 1454 2070 ra

138 2116 189 2169 tur.
232 2106 285 2169 sed
314 2107 370 2168 lroc
398 2110 427 2167 in
456 2109 556 2187 paucis
580 2106 746 2169 nominibus
769 2104 955 2178 observatur,
978 2114 1010 2167 ut
1025 2106 1173 2168 Kalendae
1195 2108 1353 2185 Karthago.
1397 2127 1416 2187 q

137 2229 215 2282 vero,
238 2229 326 2291 quam
350 2210 475 2288 antiqui,
499 2211 634 2289 quotiens
649 2205 695 2292 lla
719 2207 910 2288 sequebatur,
932 2209 1169 2290 praeponebant,
1192 2211 1340 2289 praesenti
1362 2228 1415 2270 usu

138 2321 218 2385 tunc,
248 2331 317 2373 cum
344 2319 411 2392 post
439 2330 458 2372 u
487 2309 581 2392 aliqua
610 2331 645 2371 ex
672 2308 821 2371 vocalibus
848 2310 937 2372 luerit
958 2320 1071 2382 secuta,
1095 2314 1238 2392 praeponi
1260 2310 1362 2383 debet,
1385 2319 1418 2371 ut

140 2413 253 2496 quando
281 2414 430 2495 quendam
460 2415 526 2493 quia
550 2413 704 2492 quoniam,
735 2423 764 2473 ct
785 2414 863 2473 iuxta
887 2415 1021 2493 antiquus
1050 2433 1136 2493 eqns;
1170 2414 1240 2476 alias
1263 2415 1341 2475 enim
1363 2432 1417 2493 per

138 2533 257 2595 equam
288 2534 342 2595 per
372 2534 391 2595 q
420 2514 609 2576 scribendum
637 2523 695 2586 est,
724 2523 755 2575 ut
783 2533 836 2574 cur
866 2532 943 2575 cum.
988 2514 1007 2574 lr
1036 2525 1159 2596 propter
1184 2516 1241 2578 boc
1263 2535 1322 2578 non
1345 2514 1455 2580 nulliro

137 2617 344 2681 excludendam
366 2625 484 2698 putant,
507 2617 584 2697 quod
607 2619 700 2696 magis
722 2636 777 2697 pro
799 2618 883 2695 signo
906 2616 1111 2696 adspirationis
1132 2638 1219 2699 quam
1243 2636 1297 2698 pro
1319 2617 1415 2679 littera

135 2729 302 2800 poneretur.
333 2738 400 2783 nam
424 2719 569 2800 quemad
593 2719 712 2780 modum
736 2720 841 2781 Gracci
862 2720 1067 2798 adspirationis
1089 2728 1187 2781 notam
1211 2721 1286 2781 lianc
1308 2718 1418 2781 habeut

137 2820 169 2895 l·‚
185 2842 272 2903 quarn
287 2818 427 2883 δασεῖαν
448 2829 565 2892 vocant,
589 2821 624 2882 ad
648 2821 734 2883 buius
756 2820 975 2882 similitudinem
999 2832 1028 2881 et
1052 2817 1153 2902 ψιλήν
1174 2821 1208 2894 i,
1225 2841 1279 2883 nos
1301 2823 1348 2884 bis
1370 2842 1416 2884 so·

136 2925 215 2986 ciatis
243 2924 450 3003 adspirationis
477 2924 601 2985 iacimus
630 2930 728 2985 notam
752 2922 792 2996 ll,
821 2925 903 2984 cuius
930 2926 956 2984 si
977 2923 1106 2985 medium
1128 2942 1263 3002 separes,
1286 2926 1417 2985 invenies

136 3035 216 3089 notas
237 3045 303 3090 esse
319 3028 509 3096 Graecorum,
533 3043 608 3103 quae
631 3032 733 3086 contra
755 3043 787 3085 se
810 3027 923 3104 positae
939 3024 992 3088 l··l
1010 3033 1108 3086 notam
1136 3025 1220 3087 nobis
1243 3026 1415 3105 adspiratio·
1429 3050 1454 3091 aa

137 3130 194 3201 nis,
216 3136 250 3192 ut
273 3128 414 3199 diximus,
438 3128 578 3189 efficiunt.
609 3147 626 3188 x
650 3145 767 3207 quoque
790 3126 857 3187 ideo
880 3125 1048 3188 exclusione
1071 3127 1159 3206 digna
1181 3130 1239 3189 risa
1263 3137 1315 3199 est,
1339 3128 1416 3208 quod

134 3232 215 3311 quasi
243 3249 301 3292 una
329 3248 495 3292 consonans
523 3236 624 3290 contra
653 3227 817 3290 litterarum
846 3228 940 3307 legem
964 3228 1088 3290 duarum
1112 3232 1335 3292 consonantium
1359 3232 1415 3291 vim

135 3340 234 3395 tenere
256 3332 413 3395 desiderat.
458 3352 475 3412 y
504 3340 600 3392 antem
630 3338 659 3391 ct
687 3350 702 3390 a
729 3330 795 3391 ideo
822 3349 882 3392 non
904 3341 1096 3392 numerantur
1118 3334 1148 3392 in
1171 3332 1340 3395 Latinarum
1363 3351 1417 3392 uu·

134 3452 215 3497 mero
237 3433 417 3505 litterarum,
441 3433 518 3514 quod
546 3452 633 3493 causa
656 3434 835 3494 Graecorum
859 3434 1010 3494 nominum
1032 3442 1168 3513 repertae
1191 3436 1263 3505 sint,
1292 3453 1416 3515 quarum

202 3693 268 3743 lex
283 3691 367 3743 codem
379 3688 561 3755 sangallensis,
580 3705 647 3739 corr.
667 3689 694 3737 ix
714 3688 739 3738 B
810 3689 832 3739 si
849 3689 977 3738 trahamus
994 3690 1020 3738 F
1087 3688 1127 3737 uel
1146 3690 1270 3753 quendam
1288 3691 1326 3740 B:
1349 3691 1417 3740 uelut

135 3762 257 3825 quendam
276 3760 317 3810 nel
335 3760 416 3810 leuem
436 3761 474 3809 sni
495 3776 583 3809 sotrum
600 3760 683 3809 coclea
701 3759 874 3823 Sanqallcaais
978 3758 994 3809 6
1020 3760 1073 3807 iura
1099 3759 1241 3825 deperdunt
1258 3762 1416 3826 (dependunt

134 3846 200 3887 carr.
220 3830 364 3897 deperdunt
380 3830 418 3893 B)
442 3831 467 3881 B
491 3831 573 3880 codex
594 3830 767 3895 Sarrqallenaa'a
788 3842 805 3886 ς
825 3829 879 3878 iura
898 3829 1031 3895 deperiunt
1048 3829 1130 3879 codex
1150 3831 1284 3880 Leideaaa’a
1301 3832 1354 3881 iure
1373 3832 1417 3882 de·

133 3904 233 3968 pariunt
250 3901 276 3953 F
291 3902 344 3951 iure
362 3901 501 3965 depereunt
517 3900 650 3950 Patrobios
737 3908 864 3949 mnesteus
884 3900 910 3948 B
927 3898 1055 3955 mnestbes
1074 3900 1098 3948 F
1183 3902 1351 3952 iremauunt
1369 3901 1417 3951 hae

132 3979 230 4039 septem
249 3986 316 4037 quae
332 3971 477 4021 necessario
493 3969 598 4034 liquidis
615 3970 739 4032 (liquidae
757 3970 786 4026 ς)
804 3980 993 4036 praeponuntur
1007 3969 1048 4025 n,-
1134 3969 1151 4020 9
1169 3972 1216 4021 llos
1233 3987 1280 4021 om.
1300 3972 1326 4020 F

130 4041 223 4108 plenos
240 4041 325 4108 gloria
347 4040 430 4090 clarus
454 4040 536 4106 trigue
553 4041 662 4090 blandus
679 4042 777 4106 primus
795 4040 891 4105 gradus
907 4041 979 4088 tritus
998 4041 1024 4089 F
1091 4040 1123 4091 10
1141 4055 1266 4104 nusquam
1284 4042 1309 4092 B
1379 4044 1417 4092 in-

131 4114 249 4164 nenimus
273 4119 283 4161 t
301 4126 390 4161 uerum
413 4110 495 4174 (corr.
516 4111 660 4160 iunenimns
685 4111 729 4160 dt
748 4110 822 4173 nero)
840 4110 864 4159 in
890 4111 976 4176 paucis
994 4119 1021 4160 ut
1040 4110 1065 4160 B
1083 4111 1227 4162 inuenimus
1244 4113 1260 4162 d
1279 4122 1288 4161 ι
1312 4128 1373 4163 uero
1392 4113 1417 4162 in

128 4184 221 4247 paucis
234 4188 262 4230 ut
279 4182 362 4231 eadee:
377 4180 510 4232 Leideasia
529 4194 546 4236 ς
564 4180 706 4230 i'nuenimns
725 4180 741 4229 d
761 4190 770 4227 t
788 4181 834 4228 nisi
853 4180 877 4228 in
896 4181 983 4246 paucis
1002 4180 1135 4231 Putardias
1223 4182 1251 4233 ll
1272 4184 1297 4233 in
1317 4183 1417 4247 platone

128 4252 172 4305 F:
190 4252 275 4302 Plaat.
294 4254 370 4303 Stich.
392 4252 401 4299 l
420 4251 444 4314 3,
466 4250 516 4301 116
536 4249 598 4314 (273
617 4250 654 4315 ll)
742 4251 773 4301 12
793 4248 936 4299 exhrruriuit
952 4250 976 4299 B
994 4252 1077 4300 codex
1093 4252 1226 4302 Leidcaais
1244 4266 1261 4309 ς
1277 4254 1377 4304 exaruit
1396 4254 1422 4302 F

128 4320 267 4373 stockim
279 4323 380 4370 exausit
396 4321 479 4372 codem
496 4319 687 4386 Sanqnlleasis:
704 4320 739 4383 cf,
760 4321 827 4372 Nea.
851 4335 878 4382 p.
899 4320 949 4370 292
963 4321 1063 4373 Placid.
1082 4323 1159 4386 ploce.
1179 4322 1268 4385 (class.
1287 4332 1354 4373 aact.
1375 4324 1415 4376 ed.

129 4391 191 4443 Mat
207 4399 226 4446 t.
248 4392 293 4452 lli)
313 4407 340 4454 p,
361 4391 414 4441 458
431 4392 506 4443 Paul.
526 4407 584 4443 erc.
602 4391 670 4441 Fert.
689 4405 716 4452 p.
737 4390 771 4440 80
792 4391 822 4438 ,tr
891 4391 1041 4455 tlepolemus
1059 4393 1142 4442 codex
1164 4389 1338 4458 Saaqaileasa'a
1356 4393 1418 4455 Rat-

126 4461 214 4514 eela'aa
234 4461 395 4526 tleptolemus
408 4463 432 4511 F
446 4460 624 4527 thlaptolcmus
641 4461 837 4525 Briepotomie
897 4470 1000 4510 uocetur
1018 4463 1054 4511 sic
1072 4463 1098 4511 B
1151 4461 1183 4513 lo
1200 4463 1248 4512 boc
1266 4465 1355 4531 paucis
1373 4464 1415 4512 ob·

129 4531 284 4584 aematurF
334 4533 504 4597 inpraesenti
522 4528 579 4594 usu]
600 4532 770 4596 praestantius
789 4538 826 4580 est
842 4538 868 4578 nt
885 4531 924 4586 Fe
977 4531 1009 4582 18
1028 4532 1119 4580 debeat
1132 4532 1171 4588 Ἐς
1226 4535 1258 4584 itt
1276 4549 1357 4596 equus
1371 4533 1422 4583 BF

122 4617 229 4669 ,aequus
244 4602 380 4653 Palaebisca
437 4600 471 4652 20
489 4616 538 4650 non
557 4617 602 4666 per
619 4616 634 4662 q
653 4601 813 4650 scribendum
832 4608 870 4649 est
888 4617 904 4657 ς
924 4617 999 4664 quam
1019 4617 1064 4667 prr
1080 4620 1095 4664 q
1113 4603 1268 4667 scripserunt
1287 4604 1419 4653 Patarbaa

200 4671 360 4724 bantemF
426 4673 456 4722 21
478 4678 630 4735 putauerunt
642 4670 723 4720 codex
744 4671 917 4736 Scapnllensis
996 4687 1046 4738 quq
1066 4673 1148 4738 magis
1167 4672 1192 4720 F
1277 4674 1310 4724 23
1328 4673 1417 4722 dasian

129 4741 294 4795 BdnseuF
360 4741 444 4809 psilen
462 4741 567 4792 Bellen
587 4743 612 4791 F
662 4756 708 4790 uos
725 4758 773 4791 orn.
793 4741 818 4791 B
870 4741 904 4790 21
923 4741 1128 4792 lecimuscadear
1142 4743 1350 4808 Sanqattenataa

129 4812 260 4865 librabis
278 4820 362 4863 notam
381 4812 560 4880 adspirationis
580 4811 693 4861 alliciunt
710 4812 735 4861 F
801 4810 852 4871 ,29
869 4810 947 4879 quod]
969 4828 1014 4879 pro
1028 4813 1066 4862 F:
1085 4828 1150 4877 qnae
1169 4829 1318 4880 graecarum
1337 4815 1419 4866 nomi·

130 4897 192 4936 unm
203 4897 284 4936 canas
301 4897 318 4940 ς
388 4891 502 4950 repertae
521 4892 579 4934 aunt
595 4883 621 4933 F
