3314 5506
673 387 883 449 PRAEFATIO
1375 398 1424 446 xv

48 606 52 623 =
129 598 191 659 pro
217 580 320 654 plebi,
345 580 430 638 oetan
450 594 507 658 pro
530 577 633 650 belua,
663 593 754 636 verva
776 593 834 655 pro
856 573 962 647 1111111,
991 590 1044 633 vos
1070 591 1128 653 pro
1155 574 1224 640 bos:
1253 578 1285 632 et
1311 579 1424 634 contra

128 681 306 753 amictibus,
342 681 571 756 conparatione,
603 679 715 750 brebis,
750 678 841 736 herba
868 694 926 756 pro
949 676 1055 751 111111,
1088 678 1221 748 boeotia,
1255 675 1422 743 melilotos,

128 783 243 841 tabant
264 798 325 863 pro
347 784 464 854 tonant,
488 783 568 842 bobis
590 797 647 861 pro
669 781 758 840 11111.
805 774 862 838 1111
883 773 962 838 talia
983 773 1112 859 quidem
1134 795 1197 837 usu
1218 771 1423 838 librariorum

130 883 212 944 trita
235 901 310 943 esse
325 889 460 944 constat.
496 901 554 943 nec
575 879 679 962 magis
701 900 720 941 a
741 877 902 941 communi
924 898 986 939 usu
1008 875 1131 939 recedit
1151 875 1370 940 inconstantia
1388 876 1423 940 in

130 981 253 1046 litteris
277 987 296 1044 b
318 981 412 1061 velp
433 992 466 1046 et
486 988 509 1045 11
529 982 581 1045 vel
603 991 614 1043 t
636 979 842 1059 adhibendis,
866 978 916 1043 vel
933 977 1089 1064 siquando
1111 998 1129 1040 c
1149 985 1183 1040 et
1201 999 1223 1055 p
1243 976 1296 1040 vel
1317 998 1336 1041 1
1357 986 1424 1056 etp

130 1084 265 1148 litterae
288 1083 394 1146 minus
416 1093 600 1148 constanter
621 1083 747 1167 positae
770 1089 861 1161 sunt,
884 1088 921 1142 ut
942 1100 1042 1158 opapo
1064 1100 1122 1165 pro
1137 1099 1233 1158 opaco
1253 1079 1282 1142 B
1306 1085 1376 1159 128,
1393 1087 1423 1160 6,

130 1193 269 1249 intecros
291 1207 351 1270 pro
373 1191 503 1262 inteproa
522 1185 550 1249 B
568 1192 637 1264 163,
654 1191 705 1265 35,
727 1189 856 1247 condam
871 1203 929 1268 pro
952 1187 1102 1261 quondam
1122 1180 1151 1243 B
1167 1188 1237 1261 152,
1253 1189 1303 1260 33,
1318 1201 1422 1262 super·

131 1310 232 1366 caque
247 1293 430 1367 premiaque
451 1287 488 1350 R.
526 1287 629 1371 magis
651 1284 861 1349 memorabile
883 1284 1013 1349 videtur
1035 1282 1131 1364 illud,
1154 1281 1240 1369 quod
1261 1283 1423 1348 interdum

133 1398 367 1469 consonantes,
389 1410 462 1452 cum
483 1398 613 1475 propter
635 1387 824 1453 tenuitatem
846 1387 916 1450 soni
931 1385 1030 1470 vulgo
1045 1385 1110 1449 iam
1131 1385 1165 1449 in
1187 1384 1423 1470 pronuntiando

131 1493 189 1555 vix
214 1491 424 1570 audirentur,
453 1494 485 1554 in
512 1490 681 1555 scribendo
710 1491 848 1555 omissae
871 1497 956 1553 sunt.
1000 1488 1141 1551 maxime
1163 1486 1244 1551 illud
1266 1485 1370 1552 valuit
1389 1489 1425 1550 in
1499 1529 1507 1564 ¹.

96 1622 98 1626 ·
131 1614 159 1654 nr
181 1592 298 1656 littera
319 1593 354 1654 in
375 1591 437 1656 fine
459 1591 689 1657 vocabulorum
714 1602 782 1657 tam
809 1613 907 1677 saepe
935 1592 969 1654 in
997 1590 1025 1653 B
1047 1591 1180 1669 omissa,
1208 1597 1245 1653 ut
1274 1590 1424 1653 vitiosam

130 1695 242 1779 potins
271 1695 566 1778 pronuntiationem
594 1716 798 1781 expressam,
828 1714 925 1780 quam
953 1713 1094 1757 errorem
1119 1691 1326 1756 commissum
1353 1713 1424 1755 esse

131 1795 310 1882 adpareat,
340 1795 426 1881 quod
454 1796 639 1881 saepissime
666 1797 785 1861 accidit
811 1797 845 1860 in
867 1795 1062 1859 accusativis
1084 1794 1265 1874 nominum,
1287 1814 1424 1879 quorum

132 1919 242 1984 pauca
256 1918 379 1983 ponam
394 1898 551 1983 exempla,
568 1903 611 1961 ad
619 1901 724 1974 forma
741 1909 797 1978 75,
814 1905 853 1967 38
876 1907 908 1961 et
924 1903 974 1974 78,
991 1904 1041 1975 31,
1058 1907 1189 1976 propter
1210 1903 1330 1960 ratione
1352 1903 1423 1975 104,

130 2009 201 2068 net
218 2008 293 2079 181,
311 2007 342 2079 9,
366 2004 429 2061 alia
450 2007 549 2078 specie
571 2005 820 2079 111111111120,
844 2009 873 2078 5,
897 2009 969 2061 ante
990 2021 1011 2062 11
1032 2005 1293 2078 111111110132,
1310 2008 1383 2076 post
1404 2019 1424 2061 11

128 2108 236 2164 littera
262 2109 343 2180 107,
366 2107 421 2180 38,
447 2123 504 2180 per
524 2108 670 2165 11111111
694 2109 769 2182 126,
793 2110 850 2182 36,
872 2107 1015 2178 sipneque
1035 2123 1094 2187 pro
1115 2121 1292 2180 sepnemquc
1314 2106 1369 2180 81,
1392 2110 1423 2169 5·
1540 2179 1544 2188 Ι

128 2224 233 2288 quare
257 2202 381 2265 mirum
401 2223 464 2266 non
487 2211 535 2266 est
549 2203 683 2268 candem
697 2225 726 2267 m
747 2202 889 2267 litteram
903 2202 1067 2266 interdum
1082 2202 1166 2266 falso
1182 2202 1326 2267 additam
1343 2223 1424 2282 esse,

128 2314 165 2367 ut
185 2311 327 2368 litterum
349 2324 409 2388 pro
429 2310 546 2383 littera,
577 2312 709 2369 ultimam
738 2327 796 2391 pro
824 2312 928 2369 ultima
950 2313 983 2369 et
1004 2303 1124 2368 similia
1145 2326 1243 2390 saepe
1264 2303 1364 2368 habet
1385 2303 1424 2384 B,

128 2411 166 2468 de
187 2416 354 2469 accentum
376 2404 434 2467 RB
459 2413 527 2484 138,
550 2415 601 2475 23.
624 2429 728 2493 neque
751 2406 891 2470 alienum
913 2407 954 2470 ab
977 2406 1037 2471 hoc
1065 2428 1182 2490 genere
1204 2427 1275 2470 csse
1295 2405 1425 2470 videtur

128 2513 233 2570 umbos
256 2528 319 2592 pro
342 2526 415 2569 noos
437 2506 465 2569 R
489 2515 557 2588 127,
581 2517 630 2577 31.
653 2507 816 2572 interdum
839 2509 935 2571 etiam
957 2509 991 2572 in
1018 2531 1033 2573 s
1060 2507 1168 2573 littera
1189 2509 1222 2571 in
1244 2507 1308 2571 fine
1330 2528 1424 2571 voca-

127 2609 287 2672 bulorum
318 2609 437 2671 omissa
465 2609 577 2674 eadem
605 2611 674 2675 soni
702 2610 842 2674 tenuitas
869 2609 903 2672 in
924 2605 1241 2696 B'deprehenditur,
1270 2619 1307 2674 ut
1326 2616 1426 2688 specie

127 2733 186 2794 pro
215 2715 354 2790 species,
384 2717 516 2774 orationi
541 2733 599 2796 pro
628 2718 775 2776 orationis
798 2720 858 2779 145
865 2758 875 2791 ,
899 2720 938 2778 10
944 2759 953 2791 ,
981 2717 1143 2790 deponenti
1162 2733 1221 2797 pro
1250 2718 1425 2792 deponentis

129 2821 199 2893 157,
223 2822 257 2892 4,
280 2817 415 2890 tempori
436 2833 492 2895 pro
513 2820 655 2893 temporis
677 2820 748 2894 187,
772 2821 800 2894 2,
823 2818 917 2876 litteri
936 2835 994 2897 pro
1016 2818 1124 2876 littera
1146 2820 1222 2894 183,
1245 2821 1297 2882 22.
1337 2815 1424 2879 deni·

125 2936 190 2999 que
213 2936 261 2977 ex
285 2911 384 2975 simili
406 2914 475 2977 soni
497 2917 653 2979 tenuitate
679 2916 809 2980 videtur
835 2914 1016 3000 profectum
1044 2936 1130 2996 esse,
1158 2915 1246 3001 quod
1274 2939 1293 2979 n
1316 2915 1426 2980 littera

125 3014 285 3078 licentius
310 3013 364 3076 vel
386 3013 497 3078 addita
518 3017 570 3080 vel
592 3019 711 3081 omissa
732 3029 795 3099 est,
819 3029 855 3083 ut
876 3024 1022 3096 inpuntur
1043 3038 1101 3104 pro
1123 3024 1289 3096 innpuntur
1308 3018 1338 3082 R
1354 3027 1424 3099 118,

126 3124 175 3194 32,
199 3121 283 3179 istiti
304 3135 366 3199 pro
389 3121 484 3178 institi
503 3116 531 3178 B
554 3125 630 3198 163',
653 3127 708 3199 46,
737 3133 910 3185 extresecns
931 3142 989 3205 pro
1012 3126 1198 3184 extrinsecsn
1219 3119 1248 3183 B
1271 3130 1349 3202 137,
1374 3127 1423 3200 13,

125 3222 208 3281 narro
231 3238 297 3301 pro
320 3220 382 3279 Ituc
404 3217 431 3279 B
456 3226 530 3298 154,
554 3226 609 3300 37,
630 3227 864 3300 coninnpatione
885 3232 920 3286 11
939 3229 1187 3300 coniunpotiones
1214 3221 1244 3285 R
1267 3232 1342 3301 158,
1372 3228 1423 3289 18.

124 3323 141 3379 1
162 3319 282 3382 littera
311 3317 346 3380 in
369 3318 468 3382 verbo
495 3325 591 3398 probo
618 3324 747 3409 saepius
772 3324 893 3387 omissa
921 3335 971 3388 est
996 3325 1030 3386 in
1051 3323 1096 3404 B,
1125 3334 1161 3388 ut
1183 3335 1340 3403 proantur
1365 3344 1424 3408 pro

120 3426 309 3499 probantur
333 3425 404 3499 124,
428 3428 482 3503 20,
504 3422 582 3486 item
603 3431 615 3487 t
636 3424 753 3504 littera,
775 3446 850 3489 sava
872 3446 931 3510 pro
952 3430 1038 3489 salvo
1060 3426 1088 3489 B
1111 3433 1181 3505 164,
1207 3437 1236 3494 1.

210 3519 442 3606 Appendix
463 3521 585 3587 Probi
608 3535 646 3588 11
676 3536 869 3612 excerpta
895 3525 941 3590 de
968 3528 1125 3591 nomine
1150 3548 1192 3590 ex
1213 3526 1325 3591 codice
1347 3527 1424 3591 olim

123 3623 308 3700 Bobiensi,
333 3643 420 3684 nunc
443 3620 684 3691 Vindobonensi
707 3637 761 3707 17,
784 3629 909 3714 dequo
933 3651 1032 3714 supra
1054 3628 1175 3693 dictum
1197 3637 1261 3709 est,
1283 3630 1424 3714 primum

123 3725 214 3788 edita
238 3722 380 3786 suntin
402 3723 555 3789 analectis
577 3730 795 3811 grammaticis
811 3730 1023 3794 Vindobonae
1043 3753 1072 3795 a.
1090 3738 1180 3801 1837.
1210 3731 1424 3818 appendicem

121 3837 237 3889 antem
268 3823 431 3888 dixerunt
456 3825 593 3892 editores
620 3842 805 3917 propterea,
838 3831 926 3917 quod
956 3854 995 3896 ea
1022 3856 1105 3919 quae
1134 3833 1195 3899 hoc
1221 3835 1350 3899 nomine
1377 3835 1424 3898 in·
1442 3877 1459 3896 1

122 3928 341 4012 seripserunt
374 3933 474 3988 artem
509 3928 605 3993 Probi
639 3933 672 3995 in
705 3931 788 3996 libro
826 3956 926 3997 manu
959 3935 1079 4018 scripto
1113 3936 1295 4021 excipiunt,
1329 3933 1353 3998 f.
1383 3943 1423 4004 49

120 4034 261 4093 Nomina
287 4030 482 4105 appellativa
504 4028 551 4114 (p.
568 4032 641 4113 193)
658 4070 700 4080 —-
714 4033 739 4096 1.
762 4041 801 4103 52
821 4039 999 4115 sunpuntur
1018 4040 1243 4101 FELICITER
1266 4039 1312 4123 (p.
1333 4036 1422 4122 204).

119 4153 161 4195 cx
190 4131 249 4194 his
281 4126 401 4212 aliqua
427 4149 501 4211 pars
529 4151 638 4194 eorum
666 4156 748 4218 quae
779 4136 819 4200 de
842 4136 1032 4201 differentiis
1061 4140 1181 4224 scripta
1202 4150 1277 4203 sunt
1304 4139 1424 4222 legitur

117 4234 222 4297 etiam
246 4229 288 4294 in
312 4227 427 4292 codice
441 4228 720 4317 Montcpessulano
735 4243 797 4306 306
820 4238 949 4303 saeculo
972 4261 1056 4304 nono
1079 4242 1197 4326 scripto
1217 4240 1241 4304 1.
1257 4247 1297 4309 68
1320 4245 1423 4304 INCI-
1475 4303 1478 4310 .

117 4335 259 4398 PIUNT
281 4333 606 4397 DlFFERENTIAE
624 4341 754 4401 PROBI
775 4344 956 4405 UALERII.
1002 4346 1087 4405 Inter
1107 4356 1241 4408 austrino
1262 4355 1291 4407 et
1312 4354 1423 4407 ostrrnn

116 4435 215 4519 (199,
242 4429 308 4516 18)
334 4465 379 4478 -
401 4428 424 4492 1.
446 4439 486 4500 68
512 4439 640 4503 delectat
665 4445 850 4506 demonstrat
872 4446 1073 4507 EXPLICIT
1091 4447 1173 4508 ARS
1191 4447 1320 4508 PROBI
1340 4448 1424 4509 ΒΕΘ

114 4536 317 4601 GRATIAS
341 4534 465 4594 AMEN
489 4533 580 4618 (201,
609 4542 674 4625 10).
724 4542 810 4608 hunc
837 4546 937 4630 igitur
964 4541 1083 4608 librum
1110 4556 1239 4631 praeter
1260 4546 1422 4611 Vindobo-

112 4659 260 4703 nensem
288 4632 484 4714 editionem,
506 4657 547 4700 ex
568 4662 632 4723 qua
653 4646 846 4728 scripturam
873 4646 994 4711 codicis
1020 4647 1191 4711 Bobiensis
1220 4649 1337 4733 petivi,
1366 4650 1423 4713 ad·

110 4740 223 4806 bibui.
277 4741 442 4817 excerpta
469 4746 574 4801 autem
603 4743 642 4806 de
668 4747 797 4810 nomine
825 4748 859 4810 in
886 4747 999 4812 eodem
1027 4748 1138 4814 codice
1161 4751 1249 4834 (nam
1278 4748 1362 4813 falso
1388 4753 1423 4814 in

107 4843 226 4911 indice
244 4834 1024 4937 111111111111111111111111611111111
1044 4851 1153 4934 video)
1176 4851 1328 4936 leguntur
1347 4864 1424 4919 ante
