3314 5506
484 397 842 476 trtsrtrvrttnttvtt
864 397 1033 458 755-766
1346 397 1405 457 159

142 526 185 567 μ.
200 514 285 556 ae-ae
299 514 325 555 ιι.
1189 525 1210 565 p.
1224 512 1313 553 aar-ae
1325 513 1353 554 v.

59 579 230 646 ducum
251 582 342 646 verba
364 583 477 645 babent
497 584 673 663 oppositam,
699 592 732 644 ut
749 589 818 661 puta
843 583 950 644 rideris
972 584 1123 644 conliteris
1145 585 1237 644 tueris
1259 592 1289 644 et
1307 590 1405 644 cetera

199 788 238 849 lle
260 789 347 849 tertia
370 789 580 863 coniugatione
609 794 757 864 correpta.
802 788 831 845 in
854 784 1037 847 neutralibus
1060 789 1160 847 activis
1181 787 1354 847 inchoativis
1376 793 1407 846 et

52 883 336 968 trequeuuuvis
359 887 466 957 verbis,
489 905 565 965 quac
584 887 696 948 scilicet
715 887 873 947 indicativo
895 890 954 947 sive
977 890 1194 965 pronuntiative
1217 888 1305 948 morlo
1331 896 1404 948 tem·

55 990 198 1059 por-is
211 991 377 1070 praesentis
395 987 400 1072 Ι
419 992 479 1050 sive
496 990 630 1049 instantis
652 1009 686 1049 ex
707 991 801 1068 prima
822 1007 949 1067 persona
965 992 1080 1050 numeri
1097 988 1253 1067 singularis
1272 1009 1289 1048 o
1307 988 1404 1050 littero
1431 1014 1444 1053 a

54 1081 301 1163 definiuntur,
323 1101 395 1153 tunc
410 1093 495 1153 tertia
514 1092 683 1167 coniugatio
698 1098 835 1168 correpta
853 1109 917 1151 esse
939 1093 1097 1168 reperitur,
1121 1090 1238 1170 quando
1254 1092 1285 1151 in
1300 1091 1404 1152 eodem

57 1200 205 1266 Supra
225 1193 304 1255 (licto
327 1194 417 1254 modo
438 1211 529 1272 supra
551 1194 630 1253 dicto
654 1201 787 1271 ternpore
817 1194 846 1251 in
867 1192 996 1253 secunda
1019 1211 1147 1271 persona
1169 1194 1286 1253 numeri
1304 1193 1404 1268 singu·

59 1280 181 1354 laris
211 1305 279 1356 ante
310 1295 444 1357 ultimam
475 1303 687 1355 consonantem
715 1296 725 1353 i
752 1293 878 1354 litteram
909 1293 995 1355 verba
1024 1294 1135 1355 habent
1161 1296 1348 1354 constitutam
1377 1301 1407 1355 et

63 1381 287 1468 imperativo
309 1397 400 1459 modo
422 1398 565 1476 temporis
584 1397 750 1473 praesentis
768 1398 799 1456 in
815 1395 945 1457 secunda
967 1414 1094 1475 persona
1115 1398 1232 1456 numeri
1247 1394 1406 1471 singularis

70 1501 93 1541 θ
120 1489 248 1560 littera
270 1500 478 1568 terminantur,
503 1505 627 1576 utputa
650 1499 747 1558 curris
769 1515 866 1565 curre,
889 1497 995 1558 scribis
1017 1497 1124 1566 scribe,
1151 1497 1272 1559 calescis
1292 1496 1406 1557 calesco
1421 1521 1445 1560 m

79 1595 117 1646 Εἴ
152 1608 265 1662 cetera
295 1599 374 1663 talia.
418 1607 544 1662 atvero
573 1601 602 1659 in
632 1600 755 1678 passivis
780 1599 998 1678 deponentibus
1027 1608 1056 1660 ct
1078 1599 1285 1660 communibus
1309 1596 1407 1659 verbis

81 1690 187 1758 lunc
206 1704 289 1764 tevu'a
310 1704 481 1781 coniugatio
502 1708 640 1779 correpta
663 1720 728 1762 esse
749 1705 972 1779 pronuntiatur,
994 1701 1112 1780 quanrm
1134 1702 1163 1761 in
1187 1701 1293 1762 eodem
1315 1717 1405 1778 supra

89 1785 198 1862 dieto
220 1803 307 1867 modo
330 1821 421 1882 supra
444 1803 522 1864 vlicto
547 1812 682 1880 tempore
707 1803 736 1861 in
758 1820 848 1881 supra
871 1803 947 1863 dicta
971 1822 1097 1883 persona
1126 1821 1215 1881 supra
1239 1803 1307 1862 dicti
1323 1797 1337 1885 ΙΙ
1352 1819 1407 1860 nu·

93 1904 194 1965 uteri
209 1914 276 1967 aute
298 1904 430 1968 ultimam
452 1905 593 1985 syllabam
616 1925 632 1966 e
653 1903 780 1965 litteram
803 1912 969 1983 correptam
989 1904 1077 1964 verba
1101 1903 1211 1965 babent
1229 1904 1405 1981 oppositam,

96 1999 123 2051 ⁰¹
155 2014 237 2080 pau
257 2007 400 2069 scriberis
420 2008 612 2084 congrederis
635 2005 787 2067 ulcisceris
809 2015 837 2068 et
858 2014 955 2066 cetera
975 2006 1051 2067 talia.
1420 2029 1444 2068 vs

201 2109 242 2171 tte
262 2111 348 2171 tortia
371 2110 578 2185 coniugatione
599 2109 752 2187 producta.
797 2110 827 2168 in
850 2106 1034 2169 neutralibus
1062 2109 1162 2168 activis
1181 2106 1355 2167 inchoativis
1377 2112 1407 2166 ct

99 2193 336 2285 frequentativo
356 2210 469 2278 verbis,
492 2229 568 2288 quae
591 2209 701 2270 scilicet
721 2210 876 2270 indicativo
898 2211 958 2270 sive
977 2211 1196 2289 pronuntiativo
1218 2209 1306 2269 modo
1333 2215 1407 2268 tem·

97 2310 201 2374 l⁰¹·is
219 2313 383 2391 praesentis
403 2313 463 2372 sive
484 2313 619 2372 instantis
642 2331 678 2372 ex
700 2314 794 2390 prima
812 2329 939 2390 persona
964 2312 1081 2372 numeri
1094 2309 1252 2389 singularis
1273 2329 1291 2371 o
1310 2309 1406 2370 littera

96 2395 311 2484 definiuntur,
336 2422 408 2475 tunc
430 2413 516 2475 tertia
538 2415 705 2491 coniugatio
728 2413 869 2490 producta
892 2432 956 2474 esse
977 2415 1141 2495 reperitur,
1164 2413 1282 2492 quaudo
1305 2415 1334 2472 in
1357 2429 1408 2472 eo·

95 2498 188 2575 dem
207 2534 294 2594 supra
318 2514 398 2576 dicto
423 2515 513 2576 modo
543 2515 731 2596 supradicto
760 2523 896 2594 tempore
924 2517 954 2575 in
982 2516 1112 2576 secunda
1137 2532 1264 2592 persona
1292 2513 1447 2575 numerian

94 2604 274 2691 ungutam
299 2625 368 2678 ante
395 2615 526 2677 ultimam
553 2624 762 2677 consonantem
786 2616 941 2678 ilitteram
969 2617 1058 2678 verba
1080 2616 1192 2677 babent
1220 2617 1408 2677 constitutam

94 2713 119 2763 ⁰¹
156 2715 341 2797 imperativo
361 2717 453 2780 modo
472 2721 616 2797 temporis
636 2720 801 2797 praesentis
822 2720 852 2779 in
874 2719 1003 2780 secunda
1023 2736 1151 2798 persona
1172 2720 1289 2780 numeri
1307 2718 1409 2794 singu·

93 2802 221 2880 131·ὴί
240 2820 568 2889 litteratermimntur,
591 2828 714 2899 utputa
737 2822 818 2881 venis
838 2823 917 2891 veni,
945 2822 1040 2882 nutris
1060 2821 1141 2880 nutri
1163 2828 1193 2881 et
1212 2829 1309 2882 cetera
1330 2817 1407 2878 talia.

94 2914 122 2966 ²1
157 2935 238 2984 vcro
257 2923 289 2983 in
309 2923 434 3000 passivis
455 2921 673 3001 vleponenu'bus
694 2929 724 2984 et
745 2922 951 2983 communibus
971 2921 1067 2983 verbis
1095 2928 1167 2982 tunc
1195 2925 1280 2983 tertia
1306 2922 1408 2980 cuniu-

93 3020 201 3083 ssffio
216 3024 357 3102 producta
372 3041 438 3085 esse
456 3026 674 3102 pronuntiatur,
698 3025 817 3104 quando
839 3027 870 3085 in
886 3025 991 3086 eodem
1010 3025 1191 3103 supradicto
1210 3024 1298 3084 modo
1315 3041 1405 3102 snpra
1419 3043 1446 3085 as

94 3107 204 3185 tice„
227 3134 361 3206 tempore
387 3126 418 3185 in
445 3142 535 3204 supra
567 3125 643 3187 dicta
670 3144 797 3205 persona
822 3145 911 3204 supra
940 3125 1010 3186 dicti
1036 3128 1152 3187 numeri
1180 3134 1247 3187 ante
1276 3124 1420 3186 ultimam

94 3212 258 3289 8ῑΙΙιδιιιι
275 3229 287 3288 i
303 3225 434 3289 litteram
453 3225 543 3288 verba
558 3227 670 3289 habent
689 3230 863 3307 oppositam,
886 3237 919 3289 ut
935 3236 1005 3308 puta
1029 3230 1151 3289 nutriris
1169 3229 1285 3289 sortiris
1305 3228 1410 3306 potiris

94 3317 127 3369 Εἴ
156 3335 263 3391 wera
279 3327 357 3391 talia.

207 3429 287 3494 llunc
308 3432 398 3492 cuam
420 3430 479 3492 boc
499 3448 664 3499 monemus,
687 3432 767 3511 quod
787 3432 900 3510 primae
923 3432 1138 3509 coniugationis
1156 3429 1244 3490 verba
1265 3429 1344 3489 modi
1366 3429 1411 3488 in·

96 3509 236 3592 dit-’stin
260 3534 406 3612 temporis
429 3535 594 3611 praesentis
627 3535 658 3592 in
686 3535 782 3611 prima
810 3552 938 3612 persona
969 3534 1085 3594 numeri
1113 3531 1270 3608 singularis
1298 3540 1364 3590 ante
1390 3549 1449 3591 oo»

96 3610 253 3696 ”mnam
274 3643 337 3696 trev
359 3633 413 3696 bas
432 3633 549 3696 vocales
569 3643 684 3696 tuntum
706 3634 818 3697 babere
844 3637 1030 3714 reperiantur
1058 3635 1222 3711 oppositas
1248 3653 1264 3693 e
1287 3635 1295 3692 i
1318 3651 1354 3701 u,
1378 3641 1411 3692 ut

98 3728 199 3792 ΡΨ
215 3753 277 3799 neo
297 3735 379 3799 lunio
400 3743 519 3804 aestum
553 3737 682 3798 secunda
714 3755 817 3805 unam,
850 3738 878 3797 id
901 3745 945 3798 est
967 3757 999 3806 e,
1034 3743 1157 3814 utputa
1182 3735 1291 3804 docem
1324 3736 1409 3795 tertia

100 3828 255 3914 “hepta
275 3837 360 3908 duas,
382 3838 394 3897 i
413 3855 444 3906 n,
466 3844 500 3897 ut
520 3845 589 3916 puta
612 3841 697 3918 rapio
717 3858 787 3909 suo;
815 3841 900 3901 tertia
922 3840 1066 3920 producta
1089 3838 1177 3907 duas,
1201 3839 1211 3897 i
1233 3856 1264 3906 e,
1288 3844 1411 3915 utputa

10 3972 14 4031 Ε
103 3928 222 3998 BQ
236 3957 319 4003 θωθ.

13 4052 23 4145 ᾗ
122 4112 136 4125 ·
210 4037 247 4103 lle
263 4040 371 4120 ligura
414 4040 510 4118 ligura
530 4039 628 4103 verbis
651 4043 758 4103 accidit
783 4046 826 4104 sic
848 4044 890 4103 nti
912 4049 941 4102 et
962 4044 1069 4103 ceteris
1097 4040 1231 4120 partibus
1258 4041 1409 4110 orationis,
1424 4058 1450 4100 as

20 4158 34 4233 ’ἰ
111 4128 246 4215 “milax
267 4150 297 4205 et
313 4142 487 4221 composita.
531 4142 656 4222 simplex
682 4144 776 4223 ligura
804 4143 963 4205 verborum
991 4151 1050 4213 est,
1080 4150 1204 4221 utputa
1227 4140 1412 4221 lego,com·

10 4228 42 4325 fl,
114 4228 220 4301 Μ
235 4243 329 4323 figura
349 4243 464 4323 relego.
508 4260 589 4306 nuuc
616 4249 778 4324 composita
803 4247 896 4323 ligura
926 4245 1034 4326 quibus
1056 4245 1101 4307 rel
1122 4253 1195 4325 quot
1212 4241 1218 4329 Ι
1237 4245 1331 4305 modis
1352 4244 1412 4315 ilat,

10 4323 50 4407 ’ἶ
121 4331 160 4383 ¹¹¹
182 4344 289 4408 nona
307 4347 368 4409 hm
389 4348 461 4408 satis
479 4348 678 4409 tractavimus.

10 4425 40 4477 ι
52 4460 58 4503 ἱ
211 4444 249 4510 lle
266 4450 375 4527 specie.
419 4449 536 4527 species
554 4447 713 4510 verborum
735 4456 805 4511 sunt
823 4457 892 4520 tres,
916 4450 1098 4528 imperfecta,
1121 4467 1197 4529 quae
1211 4444 1225 4533 ΙΙ
1242 4456 1285 4510 cst
1308 4455 1337 4509 et
1358 4448 1413 4507 mi·

10 4516 75 4653 *l
134 4534 191 4602 [ἴω
206 4562 288 4625 quam
314 4550 446 4628 perlecta
474 4551 536 4612 sive
556 4551 737 4620 inchoativa,
765 4552 910 4630 perlecta,
939 4570 1014 4630 quae
1036 4558 1081 4612 est
1101 4559 1132 4611 et
1152 4549 1300 4620 absoluta,
1330 4548 1453 4629 ptus-n

18 4636 64 4707 pr

10 4825 45 4863 μ
66 4806 70 4840 :
201 4789 228 4845 lb
244 4796 350 4847 alonem
368 4796 467 4846 calcsne
484 4797 509 4848 a
527 4796 628 4846 caliscis
646 4796 741 4847 celisce
758 4797 784 4846 B
874 4797 905 4849 lb
924 4796 1056 4846 ulcisceris
1073 4812 1119 4847 om.
1140 4796 1170 4853 a.
1189 4796 1295 4848 11de
1378 4797 1412 4848 at

18 4875 77 4921 «εἳ
151 4860 259 4915 linivisti
278 4866 371 4917 ordiris
389 4867 416 4918 B
485 4865 517 4918 31
538 4865 655 4916 ultimum
677 4866 703 4915 B
718 4867 874 4917 ultimemll
946 4866 980 4919 32
999 4881 1075 4917 unam
1091 4883 1107 4916 r
1125 4880 1176 4916 une
1194 4864 1244 4916 RB
