3314 5506
220 372 280 437 ms
585 318 1154 433 rnosrrusnrvruunnvnsss

285 489 344 531 sas
357 488 385 529 n.
1363 483 1460 527 ⁸usas.

219 503 323 621 eedem
351 559 438 619 modo
469 558 573 619 eodem
601 565 735 636 tempore
768 559 867 635 specie
894 556 1182 636 plusquamperfecto
1212 557 1331 618 numeri
1347 496 1505 635 l‘singularis

219 681 286 722 eum
310 659 352 721 vel
375 663 399 721 si
426 659 502 722 latus
524 677 635 729 essem,
670 677 737 720 cum
761 657 805 720 vel
830 659 853 718 si
884 657 959 718 latus
983 676 1077 728 esses,
1112 676 1180 719 curn
1202 656 1248 718 vel
1269 659 1294 718 si
1318 656 1398 719 lutus
1421 665 1505 727 ossen

218 763 334 823 numeri
355 761 477 839 pluralis
507 779 573 821 curn
596 759 641 821 vel
660 762 685 822 si
707 758 756 821 lati
780 747 928 830 esslmus,
956 778 1025 820 cnm
1047 759 1092 822 vel
1111 761 1135 820 si
1155 759 1206 821 lati
1228 762 1347 830 essetis,
1380 778 1449 822 cum
1468 759 1507 821 rel

154 903 161 917 .
218 865 243 924 si
263 864 313 947 lati
333 873 446 925 essent:
482 870 511 924 et
533 862 673 923 ulteriore
702 862 989 941 plusquamperfecto
1017 863 1133 923 numeri
1155 860 1313 939 singularis
1338 879 1408 922 cum
1426 860 1470 922 vel
1486 864 1508 922 si

193 964 295 1031 sistus
315 965 451 1033 luissem,
482 983 550 1025 curn
571 964 616 1024 sel
638 967 663 1024 si
684 963 760 1024 latus
782 964 903 1040 luisses,
932 982 998 1024 curn
1023 962 1066 1025 vel
1089 965 1115 1024 si
1138 963 1214 1025 latus
1241 964 1363 1034 luisset:
1398 965 1508 1025 numen

217 1065 340 1147 pluralis
362 1084 429 1127 cum
453 1064 496 1127 vel
518 1068 542 1126 si
563 1065 614 1126 lati
635 1066 804 1135 fuissemus,
827 1084 895 1126 curn
918 1064 962 1127 vel
985 1068 1010 1126 si
1032 1065 1083 1126 lati
1104 1065 1240 1134 fuissetis,
1263 1083 1332 1126 cum
1355 1065 1402 1127 rel
1420 1068 1445 1127 si
1465 1063 1510 1126 lsti

217 1169 358 1229 luissent:
398 1168 501 1229 eodem
526 1168 615 1227 modo
638 1175 771 1246 tempore
793 1168 892 1228 luturo
915 1169 1032 1228 numeri
1053 1165 1209 1245 singularis
1231 1185 1300 1229 cum
1322 1167 1369 1229 rel
1390 1168 1417 1229 si
1439 1166 1510 1228 lutus

218 1288 280 1338 ero,
302 1288 370 1330 cum
390 1269 436 1330 vel
458 1272 482 1330 si
503 1268 579 1330 latus
601 1271 669 1338 eris,
693 1288 760 1330 cum
784 1270 827 1330 vel
850 1271 874 1330 si
896 1268 973 1330 latus
995 1271 1064 1338 erit;
1091 1269 1209 1331 numcri
1230 1267 1355 1348 pluralis
1376 1287 1447 1330 cum
1468 1266 1510 1330 rel

218 1373 243 1431 si
265 1370 315 1431 lati
343 1373 471 1442 cunnus,
502 1389 569 1432 cum
592 1371 637 1432 vel
659 1372 682 1433 si
704 1372 754 1434 lsti
783 1372 879 1439 eritis,
909 1389 975 1432 eum
1001 1369 1046 1432 vel
1067 1373 1092 1431 si
1119 1369 1169 1431 lsti
1192 1371 1284 1440 crint;
1321 1378 1352 1432 et
1372 1369 1510 1432 ulteriore

181 1474 319 1538 soluturo
348 1474 465 1535 numeri
489 1473 646 1552 singularis
675 1491 742 1534 cum
764 1470 809 1533 vel
831 1473 855 1532 si
878 1472 954 1533 latus
974 1473 1077 1543 luero,
1107 1490 1175 1533 cum
1195 1471 1241 1534 vel
1263 1473 1289 1532 si
1309 1471 1387 1533 lutus
1411 1472 1511 1541 tueris,

219 1594 287 1636 cum
311 1574 356 1636 vel
377 1577 403 1636 si
425 1574 502 1636 latus
522 1575 625 1643 luerit;
647 1576 764 1635 numeri
786 1573 907 1652 pluralis
928 1593 996 1635 cum
1019 1573 1064 1635 vel
1086 1575 1111 1636 si
1132 1574 1182 1636 lati
1204 1574 1361 1645 fuerimus,
1383 1591 1452 1635 oum
1469 1572 1512 1634 vel

218 1678 242 1737 si
261 1676 312 1737 lati
334 1677 462 1745 fueritis,
493 1696 561 1738 cnm
582 1676 627 1738 vel
650 1679 675 1736 si
701 1676 751 1737 lati
778 1677 896 1736 luerint.
942 1686 1075 1754 tempora
1102 1678 1326 1756 participiorum
1342 1658 1510 1737 'uehuntur

218 1778 255 1839 ab
276 1779 334 1840 hoc
353 1778 444 1840 verbo
466 1780 535 1848 duo,
558 1781 751 1858 praeteritum
775 1777 857 1847 latus,
877 1779 1009 1840 futurum
1031 1778 1181 1840 ferendus.
1226 1796 1307 1840 nunc
1330 1778 1388 1839 hoc
1410 1794 1509 1838 mone·

218 1899 299 1951 mus,
328 1882 406 1961 quod
428 1881 486 1941 hoc
509 1881 632 1942 verhum
655 1888 772 1941 etcum
796 1882 1008 1958 compositione
1029 1899 1082 1942 sua
1110 1879 1146 1941 sd
1173 1898 1263 1960 supra
1286 1881 1429 1958 scriptam
1450 1879 1509 1939 lor·

83 2028 85 2033 -
181 2001 295 2046 rumam
323 1983 495 2045 declinatur.
539 2001 609 2043 sane
639 1984 804 2060 quaeritur,
834 2000 892 2060 qua
923 1983 959 2043 de
985 2000 1071 2043 eausa
1099 1982 1203 2043 alero
1230 1981 1390 2061 appellatio
1417 1981 1509 2043 lutura

218 2086 321 2155 faeiat,
350 2094 380 2147 et
401 2104 417 2145 s
440 2086 544 2146 diliero
571 2083 683 2144 dilutio.
729 2084 779 2144 sed
809 2085 948 2163 quoniam
977 2084 1051 2145 haec
1076 2101 1164 2144 causa
1192 2101 1336 2145 sonorum
1357 2091 1419 2155 est,
1446 2082 1510 2144 ideo

219 2187 276 2247 hoc
299 2189 329 2248 in
352 2189 432 2248 sonis
452 2191 644 2267 conpetenter
666 2185 865 2247 tractabimus.

304 2289 346 2350 De
369 2289 471 2357 verbo,
494 2295 638 2368 quantum
655 2289 731 2347 ratio
752 2288 901 2365 poscebat,
924 2289 1121 2349 tractavimus.

287 2460 305 2509 9
323 2461 388 2508 erint
407 2461 430 2510 tt
450 2466 522 2507 eruunt
540 2475 554 2508 o
608 2457 658 2508 13
676 2459 839 2523 praeteritum
859 2459 925 2509 latus
946 2457 970 2506 B
988 2473 1109 2523 praesens
1126 2456 1212 2508 lenens
1231 2457 1254 2507 tt
1308 2455 1340 2508 16
1358 2466 1397 2507 est
1414 2473 1460 2509 ost.
1479 2455 1554 2525 ll,s

219 2528 280 2579 odd.
300 2528 325 2577 B
414 2530 445 2580 17
467 2529 630 2577 tractabimus
647 2545 662 2576 r
679 2530 845 2578 tructuuimus
863 2528 913 2578 ΗΒ
1003 2528 1034 2578 18
1053 2528 1218 2577 trsetnuimus
1236 2526 1346 2578 feliciter
1365 2526 1471 2577 lelioiter
1485 2524 1554 2592 l.

218 2600 383 2649 tractauimus
402 2614 483 2650 ursas
503 2613 577 2649 rssrx
596 2612 701 2649 currunt
722 2613 834 2649 nereum
854 2611 975 2649 scalurco
995 2612 1045 2650 cura
1066 2611 1188 2649 rurnonts
1204 2611 1287 2649 canon
1304 2596 1329 2647 B
