3314 5506
527 399 733 460 EXPLANAT.
756 398 794 461 IN
817 397 994 461 bontilli
1018 397 1087 461 Llll.
1111 397 1137 460 ll
1409 401 1471 464 555

238 509 255 551 r.
269 509 308 550 cr·
321 507 369 548 eos.
384 506 436 548 osv.

188 607 238 649 ros
261 587 298 649 ad
320 587 400 657 illos;
430 585 533 648 eodem
563 584 651 648 modo
672 592 807 666 tempore
829 587 988 666 praeterito
1010 585 1143 666 perfecto
1165 593 1283 647 ventum
1305 594 1361 656 est,
1384 603 1470 666 prae·

188 691 276 751 terito
297 687 584 770 plusquamperfecto
607 694 724 749 rentum
741 696 813 757 erat,
830 693 859 748 et
874 686 1014 749 ulteriore
1031 697 1148 749 ventum
1164 687 1275 749 fuerat:
1298 689 1470 768 imperativo

187 791 276 853 modo
299 791 444 852 veniatur:
473 791 600 870 optativo
627 788 716 850 modo
745 797 878 869 tempore
905 791 1052 868 praesenti
1075 797 1105 850 et
1126 791 1285 869 praeterito
1307 791 1470 870 inperfecto

187 895 297 956 utinam
328 894 476 954 renuetur
505 918 523 950 ο
560 889 846 971 plusquamperfecto
873 892 984 953 utinam
1012 899 1130 952 ventum
1159 900 1249 961 esset,
1273 900 1302 952 et
1332 889 1471 954 ulteriore

185 995 303 1063 tuimet:
333 993 437 1056 eodem
467 992 554 1055 modo
583 999 715 1072 tempore
742 992 843 1055 futuro
864 994 976 1055 rufinam
999 994 1145 1054 veniatur:
1175 990 1359 1055 coniunctir‘o
1381 994 1496 1056 modos

186 1104 321 1176 tempore
347 1096 496 1176 praesenti
523 1112 589 1155 cum
616 1095 764 1166 veniatur:
793 1095 896 1156 eodem
926 1094 1012 1157 modo
1035 1102 1169 1174 tempore
1191 1096 1350 1174 praeterito
1371 1097 1471 1176 inper-

185 1200 265 1259 fecto
287 1215 354 1258 oum
378 1195 563 1265 veniebatur;
586 1195 689 1259 eodem
713 1197 800 1259 modo
823 1206 956 1275 tempore
978 1199 1137 1276 praeterito
1159 1199 1291 1278 perfeeto
1313 1217 1379 1259 cum
1403 1216 1471 1260 ven·

189 1308 250 1361 tum
274 1300 321 1369 sit,
345 1306 375 1359 et
395 1298 536 1359 ulteriore
559 1316 626 1360 cum
649 1307 766 1360 ventum
790 1300 891 1369 fuerit;
920 1299 1024 1361 eodem
1046 1298 1135 1360 modo
1157 1307 1290 1379 tempore
1312 1302 1471 1381 praeterito

182 1400 486 1481 plusquamperfecto
515 1418 581 1461 oum
611 1408 728 1463 ventum
758 1409 849 1471 esset,
884 1410 913 1461 et
944 1401 1084 1462 ulteriore
1111 1420 1178 1463 curn
1213 1410 1331 1464 ventum
1355 1403 1471 1471 fuisset;

187 1503 292 1565 eodem
315 1503 402 1564 modo
425 1510 559 1583 tempore
582 1502 680 1563 futuro
702 1520 769 1563 cum
793 1503 935 1573 venietur,
958 1521 1024 1564 cum
1047 1511 1165 1563 rentum
1188 1505 1258 1574 erit,
1280 1512 1310 1565 et
1332 1504 1471 1566 ulteriore
1486 1519 1510 1559 to

184 1623 251 1667 cum
274 1613 392 1679 ventum
415 1604 519 1665 fuerit:
542 1605 689 1666 infinitum
715 1626 733 1660 s
756 1605 862 1675 furiose,
886 1605 984 1667 futuro
1007 1613 1125 1665 ventum
1147 1606 1198 1666 iri:
1222 1606 1377 1668 Terentius

322 1693 324 1696 ’
386 1715 578 1786 postquam
601 1705 773 1768 audierat
798 1724 870 1768 non
898 1705 1019 1767 datum
1047 1708 1095 1767 iri
1118 1705 1200 1768 filio
1222 1726 1368 1770 uxorem
1392 1727 1470 1778 suo,

336 1825 453 1887 neque
476 1809 645 1888 cuiquam
669 1814 837 1870 nostrum
859 1807 1011 1869 verbum
1040 1809 1132 1870 fecit
1160 1828 1279 1890 neque
1301 1811 1338 1871 id
1359 1827 1470 1888 aegre

1189 1910 1287 1974 tulit.

267 2013 401 2075 Paenitet
422 2009 544 2074 verbum
565 2011 752 2093 inpersonaie
774 2012 854 2073 modi
876 2011 1025 2074 indicativi
1040 2013 1181 2091 temporis
1195 2015 1367 2094 praesentis,
1390 2014 1468 2094 quod
1483 2030 1508 2072 rs

183 2114 380 2177 declinabitur
407 2115 465 2175 slc:
499 2112 656 2175 indicativo
685 2122 818 2194 tempore
845 2116 995 2193 praesenti
1025 2116 1157 2195 paenitet
1188 2134 1236 2176 mc
1268 2124 1297 2177 te
1327 2114 1409 2177 illum
1441 2125 1471 2179 et

182 2215 337 2298 pluraliter
367 2233 421 2277 nos
447 2233 498 2277 vos
526 2213 607 2285 illos,
638 2214 742 2277 eodem
765 2215 854 2277 modo
877 2224 1010 2296 tempore
1031 2218 1193 2296 praeterito
1215 2216 1379 2298 inperfecto
1400 2236 1469 2299 pae-

182 2317 295 2380 nitebat
322 2335 370 2379 me
398 2325 427 2378 te
455 2316 537 2378 illum
565 2333 620 2376 nos
640 2335 692 2378 vos
720 2315 799 2388 illos,
827 2317 932 2379 eodem
955 2317 1043 2379 modo
1065 2325 1199 2399 tempore
1220 2320 1380 2402 praeterito
1402 2337 1469 2401 per·
1579 2356 1585 2366 ·

180 2421 259 2481 fecto
287 2419 430 2500 paenituit
457 2436 505 2479 me
533 2425 561 2479 te
589 2416 673 2479 illum
704 2437 759 2480 nos
779 2439 830 2481 vos
852 2418 932 2491 illos,
960 2418 1248 2502 plusquamperfecto
1269 2425 1468 2503 paenituerat:

181 2522 356 2603 imperativo
378 2521 467 2582 modo
488 2521 649 2600 paeniteat:
672 2523 800 2598 optativo
823 2521 911 2584 modo
933 2530 1066 2603 tempore
1086 2526 1235 2604 praesenti
1257 2531 1287 2585 et
1308 2526 1469 2604 praeterito
1482 2541 1508 2583 ao

180 2622 348 2703 inperfecto
375 2639 394 2675 s
439 2623 552 2684 utinam
579 2623 790 2701 paenituisset,
818 2625 917 2686 futuro
944 2626 1057 2687 utinam
1084 2625 1249 2705 paeniteat:
1283 2628 1468 2689 coniunctim

178 2724 269 2787 modo
297 2732 430 2802 tempore
453 2725 603 2803 praesenti
625 2742 692 2785 cum
714 2725 875 2805 paeniteat,
905 2729 1065 2807 praeterito
1092 2728 1256 2807 inperfecto
1279 2746 1346 2791 cum
1368 2731 1468 2810 paeni·

179 2833 271 2898 teret,
300 2826 462 2906 praeterito
491 2827 623 2905 perfecto
645 2845 712 2888 cum
736 2829 926 2909 paenituerit,
949 2830 1108 2909 praeterito
1129 2829 1416 2911 plusquamperfecto
1447 2854 1467 2890 s

179 2947 248 2991 cum
277 2926 452 3008 paenitebit,
481 2927 623 2989 ulteriore
650 2929 739 2990 modo
768 2948 835 2992 cum
862 2931 1053 3010 paenituerit:
1086 2932 1200 2993 infinito
1224 2931 1311 2994 modo
1333 2939 1468 3013 tempore

179 3031 330 3110 praesenti
353 3030 520 3110 paenitere,
543 3031 703 3110 praeterito
724 3032 911 3111 paenituisse.
1081 3040 1085 3051 ’
1480 3052 1506 3091 cs

266 3130 322 3193 Odi
344 3130 467 3193 verbum
489 3132 629 3192 deficiens
651 3141 785 3212 tempore
806 3137 955 3213 praesenti
979 3133 1138 3216 [personae
1151 3135 1291 3217 primae],
1315 3136 1393 3215 quod
1416 3135 1467 3198 de·

180 3231 339 3296 clinabitur
367 3235 429 3295 sic:
457 3231 616 3294 indicativo
651 3233 740 3296 modo
773 3243 906 3316 tempore
940 3237 1100 3317 praeterito
1134 3238 1267 3317 perfecto
1300 3237 1350 3299 odi
1382 3238 1469 3300 odisti

178 3336 243 3399 odit
264 3335 379 3397 odimus
401 3334 502 3396 odistis
524 3334 651 3396 oderunt
664 3333 709 3396 vel
724 3335 829 3407 odere,
852 3339 951 3418 specie
972 3346 1072 3399 exacta
1094 3338 1214 3400 oderam
1237 3339 1343 3403 oderas
1365 3340 1468 3402 oderat

179 3437 338 3508 oderam
359 3435 489 3499 oderatis
511 3436 648 3499 oderant:
671 3438 845 3517 imperativo
867 3439 955 3501 modo
977 3448 1111 3520 tempore
1132 3444 1281 3521 praesenti
1303 3444 1349 3506 foc
1369 3443 1467 3505 oderis

176 3539 267 3601 facito
290 3538 401 3610 oderit,
423 3547 557 3620 tempore
580 3540 677 3602 futuro
699 3540 779 3601 odito
807 3541 904 3602 oderit
925 3540 1035 3603 oditote
1057 3542 1187 3605 oderint:
1221 3544 1340 3625 quidam
1363 3552 1505 3625 putantoo

178 3640 330 3704 oderimus
352 3642 465 3720 primae
492 3658 637 3721 personae
665 3659 744 3704 esse:
778 3641 848 3724 [bos
870 3661 924 3704 uos
946 3643 1072 3722 gerundi
1093 3643 1305 3728 appellamus]:
1339 3648 1466 3724 optativo

179 3742 269 3805 modo
303 3750 438 3822 tempore
469 3744 628 3824 praeterito
660 3745 771 3805 utinam
806 3744 947 3807 odissem:
984 3746 1171 3807 coniunctivo
1208 3746 1295 3807 modo
1331 3754 1466 3827 ternpore

178 3845 339 3924 praeterito
366 3845 465 3925 specie
493 3844 625 3906 absoluta
651 3847 677 3906 si
705 3847 818 3909 oderim
842 3846 940 3908 oderis
961 3847 1071 3919 oderit,
1095 3849 1193 3928 specie
1216 3856 1317 3909 exacta
1339 3850 1365 3909 si
1386 3847 1464 3910 odis·

178 3962 241 4008 sum
264 3946 376 4007 odisses
397 3945 521 4016 odisset;
544 3954 678 4027 tempore
699 3948 799 4011 futuro
821 3950 845 4010 si
867 3949 959 4011 odero
974 3949 1073 4011 oderis
1088 3948 1198 4010 oderit:
1220 3950 1362 4012 infinitivo
1378 3950 1466 4012 modo

178 4046 277 4111 odisse
298 4064 382 4110 osum
405 4064 470 4109 esso
492 4066 576 4109 osum
598 4050 657 4111 ire:
680 4044 868 4132 participium
890 4051 928 4113 ab
949 4050 1006 4113 boc
1029 4051 1118 4113 verbo
1140 4052 1271 4114 inuenies
1293 4071 1407 4116 osurus.
1478 4071 1503 4113 os

264 4148 347 4210 Licet
369 4147 413 4210 rel
435 4147 508 4211 libet
528 4149 649 4212 verbum
672 4151 858 4232 inpersonale
873 4152 961 4216 modo
980 4154 1138 4217 indicativo
1160 4162 1296 4235 tempore
1317 4156 1466 4236 praesenti

178 4249 247 4313 licet
273 4251 347 4312 mibi
373 4250 427 4313 tibi
455 4250 497 4313 illi
528 4251 611 4312 nobis
640 4252 720 4314 vohis
741 4251 814 4324 illis,
843 4255 947 4317 eodem
970 4256 1058 4318 modo
1080 4265 1215 4336 tempore
1236 4259 1398 4338 praeterito
1420 4259 1465 4318 in·

177 4352 311 4434 perlecto
332 4350 454 4424 licebat,
477 4353 638 4434 praeterito
660 4355 791 4435 perfecto
813 4355 908 4427 licuit,
936 4356 1224 4439 plusquamperfecto
1246 4359 1383 4421 licuerat:
1406 4360 1463 4421 im·

262 4609 275 4661 l
299 4608 435 4674 prseterito
460 4605 708 4676 plusquamperfecto
730 4619 834 4662 uentum
856 4621 895 4664 est
912 4613 939 4680 pt
955 4612 985 4679 pf
1002 4621 1105 4665 uentum
1122 4621 1176 4664 erat
1190 4615 1214 4664 L
1302 4613 1319 4665 3
1337 4616 1464 4678 praesenti

175 4681 274 4731 utinm
291 4679 422 4729 ueniretur
438 4689 464 4729 et
481 4680 618 4743 praeterito
636 4679 777 4747 inperfecto
796 4689 821 4731 et
837 4681 1087 4749 plusquamperfecto
1105 4683 1129 4734 L
1182 4685 1199 4734 tt
1216 4683 1463 4750 plusquamperfecto

173 4766 220 4800 on.
239 4750 266 4800 L
353 4747 384 4798 il
404 4757 483 4797 uentu
502 4749 531 4797 iri
549 4749 682 4799 terrentius
705 4749 748 4800 L:
769 4749 869 4805 Terent.
890 4753 973 4807 Andr.
991 4755 1048 4817 12,
1068 4753 1083 4803 t
1172 4753 1205 4805 te
1228 4754 1289 4802 dutu
1307 4755 1338 4803 iri
1356 4753 1380 4801 L

176 4819 210 4872 18
226 4817 289 4870 tecit
303 4819 328 4868 L
346 4816 432 4867 facitt
502 4817 535 4869 18
552 4818 664 4885 perfecto
681 4822 858 4885 paenitenitL
927 4822 961 4876 35
980 4838 1040 4874 ossu
1059 4823 1090 4874 iri
1110 4823 1190 4890 (parti
1207 4822 1239 4872 ab
1258 4821 1306 4873 hoo
1323 4823 1401 4874 uerbo
1424 4824 1462 4874 in-

173 4889 286 4941 uenietis
302 4886 364 4943 add.
383 4887 431 4937 lin
448 4887 541 4954 moro.)
560 4903 651 4940 murus
664 4903 721 4939 sum
738 4890 763 4941 L
