3346 5506
581 393 696 456 cultu.
719 394 756 455 lN
781 393 957 456 llllNh'lVll
1354 397 1414 458 443

998 501 1122 554 pretuli
1149 500 1234 541 nisu·
1253 499 1364 540 codl‘er.

128 590 195 646 erat
220 584 368 663 integrum
397 582 475 643 lero:
504 588 555 642 aut
581 589 755 663 utrumque,
783 589 812 642 et
839 588 1034 661 corrumpunt
1061 589 1090 642 et
1117 587 1361 660 corrumpuntur,
1384 588 1416 640 ut

123 685 235 747 afficio.
279 703 347 747 uam
378 685 482 754 aliero,
511 684 588 764 quod
617 683 802 746 scribebatur
831 702 885 764 per
907 703 923 745 a
945 693 975 745 et
997 683 1104 763 perd,
1128 684 1231 763 incipit
1252 683 1340 742 scribi
1361 698 1414 760 per

121 806 146 849 a
167 795 198 848 et
219 787 245 857 l;
268 788 390 848 etitem
412 786 490 866 quod
512 794 577 847 erat
597 786 687 856 lacio,
711 786 743 847 llt
764 787 839 846 licio.

212 890 395 969 Praepositio
423 896 453 949 et
479 888 596 969 quando
621 890 817 969 ⁴praeponitur
846 896 876 949 et
896 889 1013 968 quaudo
1040 889 1244 968 postponitur,
1267 889 1293 947 si
1315 905 1413 948 casum

115 1010 213 1054 suum
236 993 374 1062 retineat,
391 992 568 1072 praepositio
591 998 648 1060 est,
672 997 704 1051 ut
726 995 798 1070 ‘per
820 997 948 1053 transtra
958 997 976 1062 ’,
1000 997 1146 1052 ‘transtra
1167 994 1248 1070 per’;
1270 990 1296 1051 si
1317 996 1441 1050 autems

114 1111 229 1155 casum
261 1095 431 1165 mutaverit,
465 1094 497 1154 lit
530 1091 716 1163 adverbium,
752 1101 785 1153 ut
813 1092 942 1172 ‘longo
971 1100 1054 1174 post
1087 1100 1256 1172 tempore
1284 1093 1415 1152 venit’.

111 1194 286 1275 ambiguae
309 1196 540 1276 praepositiones
562 1201 700 1275 quattuor
722 1194 856 1266 luerunt,
879 1197 910 1256 iu
933 1194 987 1256 sub
1009 1213 1099 1274 super
1120 1202 1150 1256 et
1170 1193 1287 1266 subter,
1310 1194 1416 1276 quihus

110 1299 259 1360 :naiores
280 1297 484 1359 indifferenter
504 1296 677 1365 utebantur;
700 1296 750 1357 scd
774 1297 863 1359 hodie
883 1298 942 1359 iam
958 1296 1033 1358 dirae
1047 1304 1130 1367 sunt,
1152 1298 1182 1356 in
1205 1305 1233 1357 et
1254 1295 1323 1357 sub:
1347 1314 1415 1356 naui

107 1418 219 1481 siper
241 1408 272 1462 et
291 1400 395 1462 subter
415 1401 596 1461 accusativae
617 1398 772 1461 habentur.
816 1402 846 1460 in
868 1408 966 1461 autem
995 1406 1025 1460 et
1045 1397 1100 1459 suh
1128 1416 1184 1477 qua
1213 1400 1326 1459 ratione
1353 1416 1415 1459 ser·

108 1509 252 1573 ventur,
273 1503 306 1563 in
327 1502 480 1583 superiore
502 1509 565 1562 arte
587 1508 742 1563 tractatum
765 1508 817 1564 est.
849 1501 1022 1583 plerumque
1038 1500 1139 1561 eadem
1162 1506 1206 1560 est
1227 1501 1413 1581 praepositio,
1430 1512 1454 1553 ¹0

99 1602 206 1684 quod
230 1612 276 1666 est
297 1610 326 1665 et
347 1602 532 1673 adverbium,
556 1612 589 1664 nt
611 1612 678 1665 ante
700 1612 730 1665 et
751 1611 881 1684 propter.
912 1603 962 1664 sed
985 1603 1054 1682 quid
1077 1604 1170 1681 magis
1192 1600 1347 1663 dicendum
1369 1593 1415 1672 sit,

97 1706 184 1768 hac
212 1707 326 1769 ratione
355 1704 528 1784 colligimus.
573 1708 681 1768 etenim
710 1708 734 1767 si
763 1724 834 1786 pars
861 1707 1001 1767 orationis
1028 1712 1180 1785 sequatur,
1204 1722 1279 1784 quae
1301 1703 1416 1766 casibus

93 1810 235 1880 servit,
250 1810 482 1890 praepositiones
497 1816 599 1879 erunt,
615 1816 648 1868 ut
670 1813 756 1869 ‘ante
771 1805 933 1886 templum,
958 1813 1097 1887 ‘propter
1112 1812 1250 1887 aquam':
1274 1803 1415 1885 templum

93 1912 209 1971 enim
239 1919 269 1970 et
295 1927 400 1990 aquam
433 1908 564 1972 casuales
597 1919 697 1991 partes
724 1910 864 1971 orationis
896 1918 974 1970 suut.
1018 1908 1134 1988 quando
1162 1916 1259 1970 etitem
1292 1908 1416 1969 dicimus

90 2015 127 2043 ‘
147 2020 215 2074 aute
238 2012 333 2084 lecit',
357 2018 442 2093 ‘post
463 2012 562 2083 dixit',
585 2011 721 2074 adverbia
744 2020 827 2074 sunt:
843 2019 1005 2092 sequuntur
1020 2012 1099 2072 enim
1115 2010 1216 2081 rerba,
1240 2018 1269 2071 et
1285 2012 1416 2072 norimus
1431 2021 1454 2062 ¹⁵

86 2117 230 2194 utique
252 2113 391 2177 adverbia
413 2132 531 2195 semper
553 2113 650 2175 verbis
672 2130 770 2193 egere.

588 2300 636 2362 llll
658 2300 957 2364 lN'lElllECTlONE.

212 2438 381 2500 luteriectio
410 2437 483 2500 nihil
510 2436 601 2499 hahet
630 2439 686 2498 nisi
713 2436 807 2498 solum
835 2439 941 2499 mentis
969 2438 1119 2508 allectum,
1148 2456 1223 2519 quae
1252 2446 1321 2499 tunc
1348 2457 1415 2500 vero

78 2529 295 2603 interiectio
317 2540 438 2610 dicitur,
462 2538 579 2621 quaudo
606 2557 677 2601 voce
699 2539 848 2602 incondita
875 2539 1041 2620 profertur,
1072 2547 1104 2601 ut
1127 2559 1144 2600 o
1166 2540 1225 2601 heu
1247 2547 1277 2602 et
1298 2539 1454 2603 similiaco

83 2650 195 2703 Cum
222 2649 320 2703 sutem
349 2640 451 2723 plenas
475 2659 562 2705 uoces
591 2640 764 2704 adhibemus
792 2641 827 2704 ad
856 2641 1064 2721 exprimendos
1086 2644 1176 2704 animi
1197 2643 1332 2713 allectus,
1356 2660 1414 2703 non

84 2739 186 2805 lam
208 2745 428 2806 interlectiones
444 2744 595 2813 dicuntur,
617 2762 704 2824 quam
720 2761 775 2823 pro
795 2743 1062 2814 interiectionibus,
1086 2753 1118 2805 ut
1140 2749 1223 2825 ‘pro
1244 2744 1416 2824 luppiter

84 2833 197 2907 ibit
217 2845 278 2906 hic
301 2847 379 2907 ait’.
425 2847 548 2908 ethaeo
571 2864 639 2925 pars
662 2863 720 2907 nou
743 2854 841 2926 potest
861 2847 1014 2926 proprium
1037 2863 1145 2907 nomen
1167 2847 1254 2907 unius
1276 2847 1416 2926 cuiusque

90 2946 350 3027 significationis
375 2957 493 3020 tenero,
522 2966 557 3007 eo
586 2947 664 3027 quod
694 2950 791 3009 variae
812 2948 1032 3009 interiectiones
1053 2955 1134 3009 sunt:
1160 2965 1227 3009 nam
1251 2967 1268 3010 o
1292 2946 1417 3008 dolentis

94 3033 251 3129 legitur,
274 3057 307 3110 ut
1427 3060 1452 3100 aa

280 3170 297 3211 o
321 3151 409 3213 mihi
431 3153 662 3232 praeteritos
684 3150 826 3212 relerat
847 3153 877 3211 si
899 3151 1069 3233 luppiter
1091 3168 1220 3222 annos,

96 3254 349 3323 entremenis,
372 3262 404 3314 ut
426 3259 462 3314 ‘o
485 3251 606 3315 callidos
628 3253 779 3314 homines’
802 3261 832 3314 et
853 3252 968 3316 similia.

608 3542 657 3604 bu
679 3541 928 3604 BhllBhlllSth.

210 3677 342 3740 Decurso
365 3685 431 3738 octo
453 3681 580 3758 partium
603 3685 730 3739 mactatu
752 3677 855 3757 incipit
877 3679 934 3738 iam
957 3678 1084 3738 transire
1100 3678 1135 3738 ad
1152 3677 1238 3749 illud,
1262 3678 1340 3758 quod
1363 3679 1414 3740 do-

91 3788 171 3843 ¹{et
195 3796 266 3850 uos,
295 3777 340 3840 vel
367 3798 454 3860 quem
483 3779 519 3840 ad
547 3778 665 3841 modum
693 3796 850 3860 possumus
878 3781 968 3840 vitare
991 3781 1058 3841 vitia
1081 3779 1126 3840 vel
1149 3779 1259 3842 hahere
1281 3781 1411 3843 virtutes.
1426 3790 1453 3831 ³⁰

92 3862 192 3946 *fitia
221 3889 321 3943 autem
349 3890 432 3951 suut,
466 3888 499 3942 ut
532 3884 595 3962 ipse
624 3880 709 3952 dicit,
743 3888 857 3942 tantum
891 3881 1133 3963 quattuordecim.
1178 3880 1308 3962 reliquae
1345 3901 1414 3944 vero

90 3987 250 4048 virtutes
276 3990 431 4052 vocantur,
461 4000 535 4064 quac
563 3983 731 4045 dividuntur
758 3984 789 4043 in
817 3982 1039 4065 metaplasmos,
1062 3986 1092 4046 in
1114 3984 1278 4054 schemata,
1300 3987 1332 4046 in
1355 3993 1414 4046 tro-

85 4088 186 4155 Dos.
233 4083 442 4164 metaplasmus
472 4093 517 4145 est
543 4103 591 4146 ros
619 4084 710 4147 solius
738 4086 934 4156 necessitatis,
963 4087 1081 4149 schema
1103 4104 1153 4148 res
1173 4085 1263 4149 solius
1284 4097 1414 4160 ornatus,

89 4184 231 4271 tropus
253 4204 301 4246 res
322 4204 397 4266 quae
419 4187 478 4248 duo
501 4185 688 4268 amplectitur
709 4189 895 4267 superiora*
918 4190 1106 4250 elvitiorum
1128 4191 1274 4261 omnium,
1296 4191 1328 4250 in
1351 4193 1415 4272 qui·

196 4341 206 4390 l
233 4349 368 4403 utrumque
392 4349 416 4391 et
438 4350 631 4406 corrumpuntg
649 4349 781 4404 utrumque
801 4352 827 4390 ut
845 4351 1009 4408 corrumpunt
1026 4345 1057 4394 P.
1082 4343 1209 4394 eccidisse
1226 4352 1306 4395 autem
1319 4347 1417 4396 videtur

90 4407 237 4478 depastos
250 4413 486 4475 commorationis,
504 4427 553 4477 quo
569 4419 676 4476 utruque
699 4427 765 4477 pars
781 4414 925 4474 moomapto
936 4421 1019 4463 monet
1105 4416 1242 4464 htroustra
1258 4412 1312 4481 per]
1337 4417 1415 4480 Verp.

94 4484 189 4535 den.
210 4480 237 4528 V
254 4478 305 4532 3113
375 4478 496 4548 blongo]
517 4482 596 4545 Verp.
612 4481 693 4532 bucol.
714 4481 786 4544 1,3u
855 4483 937 4530 uenits
955 4484 981 4533 P
1064 4484 1415 4550 lombiguaepraeposhio-

96 4551 180 4619 uss]
202 4551 318 4603 Seruio
340 4550 597 4616 Verp.Aen.1295
669 4550 957 4608 lueruntsluerantP
1025 4552 1055 4603 ll
1076 4561 1103 4602 ut
1123 4562 1181 4603 ante
1199 4566 1216 4609 ς
1233 4554 1302 4617 quod
1319 4556 1417 4604 autel’

193 4620 228 4672 ta
244 4621 324 4670 seruit
337 4633 355 4676 ς
370 4629 456 4670 seruet
473 4620 497 4669 P
579 4622 611 4671 21
628 4620 717 4688 plenas
736 4621 885 4672 adhibemus
903 4622 927 4669 P
946 4621 1034 4686 plenos
1053 4622 1203 4673 adhibemus
1220 4637 1236 4680 ς
1319 4626 1353 4674 ’ὶῖ
1369 4639 1414 4688 pro

103 4682 254 4760 ¹tsppiter]
277 4690 356 4755 Verp.
374 4691 439 4742 Aen.
460 4689 573 4742 1111590
641 4692 675 4743 36
693 4707 708 4740 o
726 4690 799 4758 mihi]
825 4693 903 4757 Vsrp.
924 4693 989 4744 Aen.
1005 4691 1062 4740 Vlll
1080 4692 1133 4745 560
1200 4692 1232 4744 31
1256 4694 1416 4744 cumbarba-

102 4761 203 4815 tiemo
216 4770 244 4810 et
261 4760 412 4810 soloecismo
432 4761 493 4809 vitio
511 4760 644 4811 duodecim
664 4771 827 4812 numerantur
846 4763 959 4813 Donatus
973 4777 1000 4825 p.
1024 4761 1104 4811 1770:
1125 4764 1159 4825 ef.
1178 4763 1200 4825 f.
1217 4762 1267 4814 183
1318 4763 1351 4814 32
1371 4779 1415 4813 su-

107 4833 254 4890 veriorem
269 4829 296 4881 P
305 4830 332 4878 ta
347 4830 399 4892 plne
416 4844 513 4881 sersus.
531 4839 669 4896 praetereo
685 4833 807 4897 quaedam
818 4834 909 4882 omisso
922 4847 978 4883 esse
995 4832 1109 4883 videntur
1123 4833 1154 4882 de
1169 4832 1303 4897 peceribus
1320 4835 1358 4884 nel
1370 4850 1414 4887 no-

108 4901 230 4955 was
246 4901 363 4951 amatum
379 4907 405 4950 et
416 4902 529 4951 sicimam
544 4918 561 4951 a
574 4903 674 4952 Donato
690 4903 789 4965 positis.
810 4919 889 4968 quare
904 4906 1016 4954 lucanam
1033 4903 1150 4954 iudicant.
