3314 5506
563 400 757 462 lNS'l'lTVTrl
778 347 918 463 nultt'tt
945 402 1107 463 154-165
1435 402 1475 463 73

240 532 262 572 p.
280 517 399 560 amaru.
1258 531 1280 570 p.
1294 518 1381 559 ass-ar
1398 517 1426 558 v.
1482 528 1485 534 ·

192 608 277 668 supra
310 590 483 649 memoratis
514 587 669 658 anomalis,
702 584 878 666 nominativo
910 607 979 650 casu
1009 591 1124 650 numeri
1156 587 1313 666 singularis
1337 594 1475 668 quadum

191 708 364 752 arcessusve
385 689 503 770 syllabis
522 693 676 751 constituta
699 708 764 751 esse
784 692 980 769 reperiuntur.
1011 708 1088 752 nunc
1108 709 1175 752 cum
1195 690 1268 751 baec
1283 691 1359 751 intra
1374 689 1474 751 datum

189 810 278 872 supra
301 792 412 853 dictum
435 810 592 853 numerum
615 791 792 872 syllabarum
815 811 879 854 esse
901 794 1101 860 inveniuntur,
1125 802 1154 853 et
1175 791 1240 852 ideo
1262 810 1321 853 non
1343 792 1474 872 superla-

189 896 237 955 tiri
258 894 312 956 sed
335 894 449 975 positid
472 893 583 971 gradus
611 895 727 954 nomina
756 912 820 954 esse
848 894 1021 973 probantur.
1037 891 1051 978 ΙΙ
1066 883 1134 955 ite‘m
1160 897 1327 973 quaeritur,
1355 893 1476 955 ulfimus

188 1014 224 1056 an
243 995 369 1057 ulterior
387 994 536 1057 ulterioris
556 997 698 1074 positivus
718 996 827 1071 gradus
851 1013 916 1056 esse
939 996 1061 1056 dicatur.
1100 996 1151 1058 sed
1173 995 1304 1063 ultimus,
1326 997 1351 1057 sl
1372 997 1401 1056 in
1422 1014 1474 1057 sua
1499 1019 1513 1059 s

189 1099 283 1158 lorrna
314 1096 477 1159 secundum
503 1114 593 1177 supra
614 1097 710 1159 datam
742 1082 925 1177 disciplinam
948 1114 984 1157 or
1013 1096 1152 1177 syllabam
1186 1099 1215 1157 iu
1244 1099 1376 1176 genetivo
1405 1114 1474 1160 casu

189 1200 305 1260 numeri
327 1197 486 1275 singularis
509 1201 647 1277 accipiat,
671 1199 881 1278 numtpddnam
902 1197 1024 1260 ulterior
1051 1201 1150 1261 lacere
1177 1200 1328 1260 ostendat?
1355 1206 1385 1262 et
1408 1200 1475 1261 ideo

190 1301 323 1361 ultimum
346 1318 405 1361 nou
428 1303 580 1379 positivum
601 1300 725 1380 gradum
748 1300 897 1362 ulterioris
920 1319 984 1361 esse
1006 1301 1196 1361 demonstrat.

272 1402 460 1463 Sane-ctiam
480 1402 537 1463 boc
560 1420 722 1471 monemus,
746 1403 823 1481 quod
846 1402 1013 1464 nominibus
1035 1405 1224 1481 comparativi
1246 1402 1290 1464 vel
1307 1400 1477 1482 superlativi

191 1504 298 1583 padus
320 1504 394 1565 baec
408 1505 543 1566 undecim
562 1504 701 1566 adverbia
724 1505 843 1582 adiungi
863 1522 921 1564 non
935 1503 1077 1574 debeant,
1101 1504 1192 1566 idest
1213 1504 1287 1565 adeo
1304 1505 1398 1582 magis
1415 1511 1515 1566 tamve

191 1608 287 1684 patius
305 1623 361 1684 per
382 1604 459 1667 bene
481 1605 563 1668 valde
584 1609 683 1668 minus
704 1606 770 1686 plus
787 1608 857 1667 satis
880 1607 1017 1674 nimium,
1046 1614 1079 1666 ut
1100 1614 1170 1686 puta
1188 1595 1268 1667 'adeo
1291 1606 1406 1667 doctior
1430 1605 1475 1668 vel

191 1707 261 1768 adeo
282 1709 485 1776 doctissimum
506 1708 557 1769 sed
578 1708 692 1769 doctior
714 1717 745 1770 et
764 1710 950 1770 doctissimus
968 1711 1031 1769 sine
1054 1708 1127 1770 adeo
1149 1709 1206 1769 dici
1222 1707 1364 1770 debeant:
1385 1709 1430 1769 sic
1447 1715 1477 1768 et

189 1810 251 1871 sinc
264 1802 332 1871 aliis
350 1827 440 1888 supra
457 1812 574 1890 scriptis
596 1809 742 1871 adverbiis
763 1804 952 1890 comparativi
973 1810 1018 1871 vel
1039 1808 1208 1890 superlativi
1229 1810 1338 1888 gradus
1356 1811 1475 1870 uomina

190 1913 374 1989 pronuntiari
400 1919 564 1991 oporteant.
607 1915 677 1972 item
704 1914 790 1973 etiam
820 1911 877 1973 boc
904 1929 1074 1981 monemus,
1103 1912 1197 1989 quod,
1225 1913 1250 1972 si
1276 1910 1349 1991 baec
1371 1911 1473 1972 eadem

188 2013 376 2093 supradicta
399 2013 536 2075 adverbia
555 2012 725 2075 nominibus
746 2015 861 2092 positivi
885 1994 994 2092 gradus
1014 2015 1200 2076 inveniantur
1224 2013 1375 2083 adiuncta,
1400 2013 1473 2074 baec
1490 2033 1513 2074 rs

189 2116 306 2175 uomina
327 2114 408 2198 liam
431 2132 490 2180 non
512 2117 628 2194 positivi
651 2115 759 2194 gradm
781 2122 956 2194 potestatem
976 2118 1117 2182 babeant,
1147 2110 1198 2176 sed
1220 2133 1276 2196 pro
1299 2115 1474 2194 comparati·
1558 2105 1560 2108 ’

189 2219 227 2276 ris
247 2215 294 2277 vel
314 2215 500 2296 superlativis
522 2219 553 2277 in
574 2219 677 2278 metris
702 2217 745 2278 vel
773 2220 930 2279 structuris
954 2220 1013 2279 sint
1036 2217 1220 2296 accipienda,
1250 2223 1281 2277 ut
1304 2225 1374 2296 puta
1400 2215 1475 2276 adeo

188 2318 298 2388 doetus,
320 2328 350 2381 et
373 2326 457 2380 sonat
475 2319 589 2380 doctior
610 2318 653 2379 vel
675 2319 871 2381 doctissimus.
908 2322 950 2379 sic
970 2327 999 2380 et
1013 2319 1069 2380 alia
1090 2320 1206 2399 positivi
1227 2318 1336 2397 gradus
1356 2303 1474 2379 nomina

186 2406 285 2482 iuncta
310 2438 401 2501 sopra
425 2421 510 2482 dictis
532 2420 679 2483 adverbiis
704 2438 760 2499 pro
786 2423 986 2501 comparativo
1014 2421 1059 2482 vel
1085 2420 1263 2501 superlativo
1285 2419 1379 2498 gradu
1406 2427 1475 2482 sunt

186 2522 378 2603 accipiendas
409 2521 461 2584 sed
481 2523 609 2603 'quando
636 2523 711 2584 baec
738 2525 937 2603 comparativo
965 2531 995 2584 et
1020 2524 1137 2602 quando
1165 2522 1343 2602 superlativo
1370 2521 1513 2600 gradulae

185 2625 392 2704 respondeant,
411 2626 441 2684 io
465 2625 568 2684 metris
592 2632 715 2704 propter
735 2643 823 2686 sonos
846 2618 1038 2704 conpetenter
1056 2624 1257 2686 tractabimus.
1456 2695 1458 2699 ¹

268 2727 347 2793 Saue
370 2727 428 2787 boc
452 2744 619 2797 monemus,
646 2727 724 2808 quod
746 2729 938 2807 comparativi
962 2727 1073 2804 gradus
1094 2729 1213 2788 nomina
1239 2724 1366 2788 ablativo
1393 2727 1475 2788 casui

184 2829 400 2909 respondeant,
430 2835 552 2907 utputa
576 2829 689 2889 doctior
714 2827 764 2889 illo
792 2828 836 2889 vel
863 2827 930 2889 illis.
975 2828 1032 2890 boc
1054 2831 1124 2890 item
1150 2846 1319 2896 monemus,
1347 2828 1474 2906 quodsi

183 2929 354 2992 nominibus
376 2931 567 3008 comparativi
581 2931 691 3009 padus
706 2948 793 3011 quam
811 2929 951 3011 syllabam
971 2930 1174 3008 adiungamus,
1195 2930 1253 2991 iarn
1269 2948 1328 2990 oon
1348 2928 1473 2991 ablativo

182 3033 233 3093 ted
257 3034 438 3093 nominativo
464 3034 544 3094 casui
573 3032 755 3111 respondere
778 3035 980 3110 reperiantur,
1005 3041 1036 3094 ut
1060 3041 1130 3111 puta
1159 3032 1292 3093 ‘doctior
1313 3050 1401 3110 quam
1423 3029 1473 3092 ille
1486 3049 1512 3090 aa

183 3133 228 3194 vel
248 3133 323 3195 illi’.
349 3136 393 3195 sic
414 3141 443 3194 et
461 3133 516 3196 alia
535 3136 725 3214 comparativi
748 3134 856 3213 gradus
877 3135 996 3194 nomina
1017 3134 1153 3196 adiuncta
1175 3134 1232 3194 sibi
1253 3150 1342 3213 quam
1364 3131 1474 3213 syllaba
1501 3214 1503 3218 .

181 3236 373 3305 nominativo,
396 3254 454 3296 non
475 3235 600 3297 ablativo
622 3238 702 3297 casui
724 3253 845 3297 necesse
867 3244 911 3297 est
937 3243 971 3296 ut
990 3236 1197 3314 respondeant.
1243 3238 1312 3296 item
1334 3235 1390 3295 boc
1410 3252 1489 3295 mor

182 3355 304 3407 nemus,
338 3336 418 3418 quod
445 3337 616 3416 superlativi
641 3338 751 3416 gradm
782 3338 900 3398 nomina
928 3339 1063 3416 genetivo
1087 3339 1168 3398 casui
1200 3336 1416 3414 respondeant,
1441 3344 1474 3396 ut

181 3446 253 3517 puta
281 3440 536 3500 ‘servantissimus
558 3442 673 3520 aequi&
708 3439 934 3501 ‘disertissimus
961 3438 1163 3499 llomanorum
1172 3442 1191 3508 ²,
1221 3439 1371 3498 ‘omnium
1398 3455 1473 3518 quos

180 3548 264 3601 terra
284 3541 412 3603 sustinet
432 3541 677 3603 sceleratissimus
685 3544 705 3602 ³.
750 3543 792 3602 sic
811 3547 840 3602 et
857 3540 911 3602 alia
930 3539 1099 3618 superlativi
1120 3540 1231 3618 gradm
1249 3540 1368 3600 nomina
1382 3555 1472 3617 gene·
1485 3556 1512 3598 aa

181 3636 242 3703 tiro
261 3643 345 3704 camai
369 3661 491 3704 necesse
512 3650 557 3703 est
578 3650 611 3703 ut
632 3643 840 3722 respondeant.
856 3640 870 3726 [Ι

269 3743 312 3806 tte
333 3746 561 3824 comparatione,
585 3753 727 3825 quantum
751 3747 824 3806 ratio
845 3743 994 3824 poscebat,
1016 3745 1213 3805 tractavimus.

746 3945 782 3986 DE
798 3944 914 3988 ottbttts.

266 4050 394 4112 Ordines
415 4052 564 4111 nominum
587 4058 657 4112 sunt
676 4059 751 4121 tres,
780 4052 884 4128 positio
906 4050 1045 4113 derivatio
1070 4050 1241 4112 deminutio.
1286 4052 1391 4129 positio
1420 4068 1479 4119 oo·⁴

180 4154 296 4215 ndauur
318 4159 365 4212 est
383 4153 446 4231 ipsa
467 4154 561 4230 origo,
585 4159 709 4232 utputa
731 4170 816 4213 mons
837 4153 904 4213 lons
923 4160 953 4214 et
974 4159 1072 4214 cetera
1095 4152 1171 4213 talia.
1216 4152 1356 4214 derivatio
1379 4155 1473 4214 uomi-
1486 4167 1512 4208 aa

181 4274 253 4317 uum
274 4261 483 4333 autumem
506 4256 570 4333 ipsa
591 4256 737 4333 positione
759 4253 911 4315 nominum
934 4256 1107 4332 concipitur.
1141 4255 1214 4315 baec
1235 4253 1353 4315 biformi
1375 4256 1473 4333 specie

180 4359 326 4426 nascitur,
348 4362 383 4416 ut
407 4363 477 4434 puta
499 4375 514 4415 a
537 4365 636 4417 monte
659 4357 787 4423 montius
808 4365 837 4417 et
859 4356 1030 4433 montanus,¹
1058 4374 1072 4414 a
1096 4355 1175 4416 lontc
1197 4355 1305 4418 toutius
1327 4364 1357 4416 et
1378 4355 1472 4418 lonta-

180 4477 246 4520 nus.
290 4459 333 4519 sic
358 4465 389 4520 et
416 4467 514 4519 cetera
542 4458 610 4519 talia
637 4461 754 4519 uomina
783 4478 799 4520 a
826 4458 1004 4519 derivatione
1032 4456 1150 4517 bilormi
1178 4458 1271 4537 ligura
1300 4465 1471 4520 nascuntur.

250 4597 444 4646 2eaeeaaaaue
459 4593 509 4644 RB
526 4606 633 4645 excessu
649 4611 711 4645 suae
726 4612 742 4644 a·
792 4594 1007 4657 'tuumqniduam
1024 4595 1046 4645 ll
1064 4595 1268 4658 uumquinamB
1319 4593 1435 4645 ostendat
1448 4594 1474 4645 B

179 4676 292 4716 auertat
310 4667 333 4717 ll
439 4663 457 4713 ll
475 4660 553 4730 aare]
573 4665 660 4715 eadem
673 4667 732 4728 sere
751 4665 835 4717 Proba
850 4664 962 4715 tribuunt
978 4663 1083 4715 Seroiata
1100 4667 1126 4715 io
1144 4666 1210 4715 Dora.
1223 4683 1251 4731 p.
1272 4663 1339 4716 184²
1357 4672 1383 4714 et
1397 4665 1472 4716 Parra·

177 4739 252 4798 peias
264 4750 291 4798 ρ.
312 4733 363 4788 tar
382 4734 424 4784 ed.
443 4733 520 4785 aaa.
604 4736 635 4784 to
653 4745 704 4785 tam
723 4750 846 4799 requam
864 4736 888 4785 ll
967 4736 998 4786 lb
1015 4749 1094 4799 snpra
1111 4735 1180 4785 dicta
1197 4734 1224 4785 B
1240 4749 1319 4800 supra
1336 4734 1472 4800 scriptuli

251 4806 283 4857 ld
300 4807 415 4857 babeant
430 4819 477 4854 on.
495 4804 547 4854 RB
631 4807 660 4854 at
681 4806 845 4854 tractabimus
863 4820 891 4854 ra
910 4804 1113 4855 tractauimusli
1202 4807 1237 4856 22
1255 4805 1358 4854 nomina
1376 4820 1422 4855 aaa.
1441 4805 1471 4865 ll,

178 4875 291 4925 uldra
360 4873 889 4939 adquaeearquaexllquaeetll
