3314 5506
643 378 849 449 Cd'l'llOthLl
872 388 884 448 Ι
902 387 1027 449 18-50
1436 388 1476 450 27

236 518 258 558 ρ.
275 505 334 547 aar.
346 505 372 545 aa
387 505 411 548 r.
666 487 671 497 '
1272 517 1295 560 ρ.
1309 505 1388 546 suas
1401 505 1426 547 ι.

190 576 263 656 lupi,
287 593 414 654 campus
433 576 544 654 campi,
566 575 664 654 lippus
685 575 771 655 lippi,
794 577 923 656 exceptis
942 575 1073 645 duobus,
1093 594 1153 636 uno
1172 575 1375 657 monosyllabo
1393 576 1476 638 inde·
1504 591 1515 610 ⁸

190 677 334 747 clinabili,
358 678 417 739 boc
438 697 504 758 pus,
528 685 557 739 et
579 696 638 739 uno
658 660 761 739 tertiae
785 677 987 745 declinat'emis
1007 679 1049 739 ris
1072 678 1198 739 faciente
1219 680 1370 757 genetivo,
1392 679 1477 758 lepus

189 780 299 860 leporis
329 799 349 840 o
376 789 527 859 correpta:
563 798 636 842 narn¹
661 783 812 856 prodacta
838 783 894 842 erit
926 779 1035 860 leporis
1068 781 1235 858 significans
1262 778 1476 859 elegantiam

188 884 368 944 nominativo
401 881 495 961 lepos.
540 882 651 943 Graeca
687 900 743 960 pus
772 883 927 944 terminata
962 883 1065 943 tertiae
1096 889 1165 943 sunt
1197 880 1399 944 declinationis
1433 884 1477 944 dis

188 986 323 1046 facientia
348 985 491 1063 genetivo,
514 983 676 1062 Melampus
697 982 898 1062 Melampodis,
920 984 1048 1062 Oedipus
1070 983 1244 1063 Oedipodis;
1278 986 1410 1064 quamvis
1429 985 1477 1046 hic
1503 1009 1515 1048 s

189 1085 322 1169 [manus]
354 1085 520 1165 Oedipodes
541 1085 649 1148 lectum
672 1093 724 1147 est.
768 1104 822 1166 pys
843 1087 955 1149 Graeca
976 1093 1054 1147 sunt.
1100 1104 1166 1146 nam
1191 1105 1207 1166 y
1229 1084 1355 1148 litteram
1377 1087 1476 1148 latiam

187 1190 304 1250 nomina
328 1206 490 1267 numquam
513 1187 631 1250 babent.
677 1195 745 1248 suut
766 1194 863 1248 autem
886 1189 991 1249 tertiae
1012 1186 1213 1250 declinationis
1234 1190 1259 1249 is
1281 1205 1355 1266 pura
1376 1190 1477 1251 ternri·

188 1299 251 1354 nata
267 1292 416 1370 genetivo,
438 1290 485 1350 hic
500 1290 595 1370 Capys
616 1290 703 1352 buius
720 1288 832 1369 Capyis.
877 1306 950 1366 paus
970 1291 1074 1351 tertiae
1093 1289 1296 1352 declinationis
1316 1292 1354 1351 tis
1369 1291 1478 1364 iaciunt

187 1394 339 1470 genetiw,
367 1393 479 1470 stipans
502 1393 650 1473 stipantis
689 1391 747 1452 hoc
774 1399 870 1451 tamon
893 1399 1060 1462 teneamus,
1083 1392 1162 1471 quod
1183 1394 1281 1454 omnia
1302 1395 1421 1454 nomina
1444 1411 1479 1452 ns

188 1497 342 1556 terminata
372 1497 410 1554 tis
441 1495 552 1554 iaciunt
577 1495 711 1572 genetivo
743 1493 872 1572 exceptis
900 1492 1032 1556 duobus.
1065 1513 1141 1574 quae
1171 1495 1208 1555 tis
1233 1496 1345 1555 iaciunt
1370 1501 1400 1555 et
1422 1496 1477 1566 dis,
1493 1516 1517 1557 so

187 1596 269 1658 bons
292 1597 408 1657 frondis
435 1604 464 1656 et
485 1596 568 1657 lrons
590 1597 708 1666 frontis,
738 1595 801 1656 lens
822 1594 916 1656 lendis
938 1602 968 1656 et
989 1593 1084 1657 lentis.
1130 1596 1248 1675 quidam
1275 1603 1379 1675 putant
1405 1597 1480 1658 haec

186 1698 272 1760 lentis
294 1696 408 1760 debere
430 1697 488 1758 dici
510 1706 540 1759 et
560 1697 634 1758 baec
650 1697 760 1767 lendis;
794 1698 846 1759 sed
868 1704 982 1766 emant,
1007 1698 1074 1776 quia
1096 1716 1156 1758 non
1175 1698 1272 1759 iuveni
1291 1698 1347 1759 bac
1369 1680 1478 1779 syllaba

188 1819 294 1862 nomen
314 1783 433 1878 aliquod
456 1800 654 1860 terminatum.
674 1863 683 1885 ⁸
1470 1851 1473 1857 .

268 1904 351 1974 Ques
371 1909 506 1979 correpta
527 1903 565 1963 tis
587 1902 698 1962 iaciunt
718 1903 868 1979 genetivo,
892 1919 983 1980 eques
1005 1902 1112 1980 equitis
1133 1905 1214 1979 (nam
1237 1919 1313 1981 quae
1335 1903 1478 1980 producta

189 2024 215 2066 ee
236 2005 446 2070 terminantur,
469 2003 507 2064 de
522 2003 569 2064 his
583 2012 649 2065 ante
664 2005 806 2084 macuti),
829 2010 859 2064 et
872 2011 941 2064 sunt
962 2006 1065 2064 tertiae
1086 2003 1298 2074 declinationis
1321 2005 1345 2066 is
1367 2005 1476 2065 iaciunt
1491 2027 1514 2068 ts

188 2109 330 2186 genetivo.
377 2107 443 2184 quis
472 2108 645 2184 pronomina
677 2113 836 2184 reguntur,
868 2123 926 2166 nou
953 2106 1080 2166 nomina.
1125 2124 1199 2185 quos
1227 2125 1303 2186 quus
1330 2107 1477 2169 secundae

188 2216 251 2270 mat
283 2206 503 2276 declinationis,
537 2209 587 2286 qui
621 2207 732 2269 iaciunt
760 2209 904 2286 genetivo,
935 2226 1028 2287 equus
1061 2209 1138 2288 equi.
1182 2227 1231 2269 ras
1263 2209 1375 2287 primae
1407 2216 1477 2269 sunt

188 2310 399 2380 declinationis,
424 2328 475 2370 rae
497 2310 608 2370 iaciunt
628 2301 771 2388 genetiro,
794 2309 842 2370 bic
856 2309 961 2370 Hieras
982 2309 1070 2371 buius
1085 2309 1205 2370 llicrae:
1226 2306 1231 2393 Ι
1250 2309 1354 2373 Cicero
1374 2309 1476 2372 ‘ilie-

188 2431 242 2474 ras
270 2419 307 2474 et
334 2411 570 2473 Blaesamius
598 2421 633 2473 et
661 2411 887 2472 hntiocbus'
915 2413 946 2471 in
969 2411 1159 2473 Caesarianis.
1203 2430 1252 2473 res
1279 2419 1416 2492 correpta
1440 2414 1477 2474 tis

188 2514 295 2576 iaciunt
313 2515 459 2592 genetivo,
480 2521 559 2575 teres
579 2514 694 2582 teretis,
717 2513 861 2591 producta
883 2513 939 2582 ris,
964 2513 1090 2574 Antores
1108 2516 1243 2584 tutoris,
1267 2514 1357 2575 Seres
1378 2515 1474 2577 Seris:
1488 2537 1514 2577 aa

127 2593 132 2615 ⁸
187 2616 323 2678 wmarus
349 2614 433 2676 ‘sub
463 2617 550 2693 iuga
577 2617 648 2676 iam
670 2615 815 2676 Scres’:
843 2633 945 2677 verres
968 2617 1076 2686 verris;
1105 2616 1234 2695 exeeptis
1263 2616 1394 2688 duobus,
1416 2635 1476 2678 uno

187 2717 388 2799 monosyllabo
417 2719 536 2797 quintae
557 2717 759 2779 declinationis
784 2737 800 2778 e
823 2718 851 2778 iu
874 2718 1010 2793 genetivo
1032 2727 1184 2797 correpta,
1209 2736 1259 2778 res
1279 2720 1338 2786 rei,
1369 2726 1399 2780 et
1416 2737 1475 2780 uno

187 2819 341 2901 disyllabo,
372 2819 451 2899 quod
472 2821 606 2898 genetivo
635 2826 703 2880 ante
724 2821 765 2879 ris
786 2837 843 2879 uua
864 2817 974 2899 syllaba
996 2827 1132 2900 correpta
1152 2820 1220 2900 plus
1241 2812 1363 2891 crescit,
1387 2821 1476 2882 Ceres

187 2921 316 2992 Oratis,
342 2924 373 2983 in
394 2923 571 2983 nominativo
594 2941 610 2983 e
632 2922 725 2982 littera
745 2920 904 3000 producta,
932 2922 962 2980 iu
985 2924 1119 2999 genetivo
1139 2929 1265 3003 utraque
1288 2943 1305 2984 e
1327 2931 1473 3002 correpta.

186 3042 253 3102 ergo
275 3024 377 3085 omnia
392 3040 442 3084 res
456 3024 610 3085 terminata
631 3027 692 3086 sire
713 3024 856 3102 producta
875 3025 934 3085 sire
955 3031 1090 3105 correpta
1112 3027 1214 3087 tertiae
1230 3021 1243 3108 ll
1257 3033 1326 3085 sunt
1346 3025 1475 3086 declina·
1488 3046 1513 3086 as

186 3126 285 3195 tona,
309 3134 434 3204 excepto
455 3144 515 3186 uno
538 3125 739 3207 monosyllabo
762 3128 880 3207 quintae
903 3125 1119 3198 declinationis,
1141 3144 1190 3188 res
1212 3128 1264 3188 rei.
1310 3128 1350 3188 ris
1373 3129 1476 3189 tertiae

184 3237 249 3290 sunt
275 3225 493 3297 declinationis,
522 3230 563 3288 ris
586 3228 630 3290 vel
660 3229 705 3289 dis
729 3228 838 3291 iaciunt
862 3231 1010 3307 genetivo,
1038 3229 1092 3290 lris
1122 3228 1211 3289 buius
1232 3228 1286 3289 lris
1312 3227 1357 3289 vel
1380 3229 1474 3297 iridis,

184 3332 271 3390 Paris
294 3328 384 3390 huius
407 3329 488 3390 Paris
516 3328 561 3392 vel
589 3331 711 3391 Paridis.
756 3349 848 3390 unum
873 3332 915 3390 ris
941 3330 1036 3391 solum
1063 3331 1147 3398 lacit,
1177 3330 1254 3391 Liris
1280 3330 1369 3391 huius
1389 3331 1473 3400 Liris,

185 3449 293 3500 nomen
314 3429 454 3491 flammis.
499 3450 549 3493 ros
571 3434 668 3493 omnia
692 3432 897 3510 producuntur
924 3438 953 3494 et
973 3441 1042 3492 sunt
1069 3434 1173 3494 tertiae
1193 3430 1411 3502 declinationis,
1434 3434 1476 3493 ris

183 3533 296 3596 iaciant
328 3535 473 3610 genetivo.
518 3533 752 3614 monosyllabum
781 3537 824 3594 ris
849 3536 932 3604 iacit,
967 3552 1017 3595 rus
1043 3535 1129 3594 roris.
1174 3535 1286 3596 Graeca
1310 3534 1473 3595 secundum
1486 3555 1513 3597 ao

183 3638 329 3697 rationem
352 3652 444 3704 suam,
466 3637 490 3697 si
512 3637 589 3714 apud
612 3634 677 3696 illos
698 3657 747 3711 ος,
768 3638 846 3716 apud
866 3655 922 3698 nos
944 3638 983 3706 is;
1007 3638 1032 3696 si
1052 3635 1131 3716 apud
1152 3635 1217 3697 illos
1235 3656 1301 3712 τος,
1322 3637 1400 3715 apud
1420 3655 1475 3698 nos

182 3739 228 3808 tis,
250 3736 361 3817 ἔρωτος
382 3739 481 3798 erotis.
525 3739 636 3799 Tarros
658 3757 767 3800 nomen
786 3745 832 3800 est
852 3741 969 3800 numeri
991 3756 1109 3818 semper
1126 3737 1256 3819 pluralis.
1301 3757 1353 3799 rus
1373 3741 1473 3816 termi-

183 3846 256 3911 nata,
281 3841 309 3901 si
329 3837 515 3901 aliudesse
535 3858 628 3918 genus
650 3842 783 3912 iecerint,
804 3842 954 3903 metandae
971 3849 1059 3903 erunt
1081 3840 1294 3912 declinationis,
1318 3842 1344 3903 ri
1364 3842 1476 3903 iaciunt

248 4034 266 4086 3
286 4035 411 4101 producta
429 4051 475 4088 om.
492 4035 536 4087 B:
552 4051 610 4086 nam
629 4037 752 4102 producta
770 4038 896 4104 signiticat
914 4038 1068 4104 elegantiam
1084 4038 1214 4088 Sacerdos
1223 4054 1251 4101 p.
1264 4038 1297 4088 51
1349 4037 1366 4088 b
1385 4054 1474 4102 quam-

183 4107 220 4153 nis
244 4107 338 4155 domus
361 4105 509 4171 Oedipodae
532 4121 549 4162 ς
579 4111 695 4169 quamvis
720 4109 761 4157 hic
785 4108 925 4175 Oedipodis
946 4109 1038 4158 lectum
1063 4110 1095 4157 sit
1121 4109 1205 4157 codex
1218 4107 1365 4158 Sacerdotis
1382 4125 1412 4172 p.
1430 4109 1474 4158 54.

184 4175 271 4227 domas
295 4191 332 4226 ea
348 4176 481 4240 adscripto
498 4177 554 4226 otim
576 4192 650 4227 aerea
671 4176 748 4229 Statii
769 4178 925 4228 theoria
950 4177 1097 4245 Oedipodae
1119 4177 1226 4227 contusa
1252 4177 1343 4229 domus
1364 4179 1480 4228 relictam-

184 4261 236 4296 esse
253 4246 370 4296 videm:
397 4248 514 4309 quamvis
532 4247 624 4296 domus
642 4245 788 4312 Oedipodae
814 4257 837 4297 ct
856 4245 898 4298 laic
915 4247 1060 4313 Oedipodes
1076 4249 1169 4298 lectum
1195 4256 1233 4297 est
1256 4249 1362 4298 coniecit
1379 4248 1474 4298 Loue-

183 4332 283 4367 mas
298 4319 363 4370 caat.
380 4315 450 4367 Stat.
473 4314 549 4368 ntea.
570 4316 726 4368 117e148
810 4319 874 4383 lys
891 4317 994 4385 puraB
1064 4317 1141 4368 8hic
1159 4333 1240 4384 capys
1258 4315 1334 4367 huius
1351 4331 1430 4383 capys
1450 4319 1475 4369 B

249 4388 281 4438 lt
298 4402 395 4451 seques
413 4387 556 4450 sequestris
569 4401 638 4436 corr.
659 4401 737 4450 eques
755 4388 848 4452 equitis
865 4387 890 4436 B
975 4402 1035 4437 uam
1053 4403 1103 4451 que
1121 4388 1244 4452 producto
1262 4403 1290 4438 es
1308 4384 1475 4439 terminentur

183 4454 268 4508 debis
287 4458 313 4509 B
343 4472 403 4508 nam
429 4458 503 4521 quies
519 4456 659 4519 etinquies
676 4473 704 4508 es
726 4459 895 4508 terminantur
916 4473 965 4508 non
987 4473 1063 4521 ques:
1087 4465 1112 4507 et
1129 4457 1161 4508 de
1178 4457 1255 4514 bisc
1283 4471 1341 4507 nam
1360 4458 1433 4521 quies
1450 4469 1475 4509 et

183 4526 277 4591 inquies
291 4528 419 4596 prodacto
439 4542 466 4578 es
486 4528 664 4576 terminantur:
693 4529 724 4577 de
741 4527 782 4577 bis
802 4528 987 4578 Lindemaanus
1017 4542 1073 4577 uam
1092 4529 1165 4590 quies
1183 4536 1208 4577 et
1223 4527 1323 4590 inquies
1340 4543 1368 4576 es
1386 4528 1473 4576 termi-

182 4610 280 4661 nantur,
307 4615 358 4649 non
378 4598 457 4663 quies
480 4597 563 4647 codex
580 4595 729 4648 Sacerdotis
741 4613 768 4662 p.
790 4599 832 4650 55.
862 4599 961 4663 inquies
979 4605 1097 4660 correpta
1113 4613 1142 4649 es
1159 4597 1288 4649 dicendum
1311 4612 1366 4648 csse
1389 4597 1475 4648 demit

183 4667 275 4721 Probus
287 4688 318 4737 p.
341 4667 414 4722 1400
468 4666 502 4717 18
519 4665 607 4717 Cicero
626 4667 652 4715 in
670 4666 837 4719 Caesarianis.
857 4666 946 4718 Hieras
965 4682 982 4724 ς
997 4682 1045 4732 :p.
1057 4668 1138 4718 aaut.
1154 4669 1194 4731 15,
1206 4668 1238 4719 41
1292 4668 1324 4718 21
1341 4666 1472 4734 Lucanus]

180 4736 291 4792 leat.
310 4743 319 4791 1
341 4740 377 4792 19
452 4738 486 4787 22
512 4745 678 4801 correptores.
698 4754 739 4788 res
757 4739 821 4788 etB
890 4739 923 4788 24
947 4737 1061 4788 alittera
1079 4737 1105 4787 B
1174 4737 1208 4788 28
1230 4736 1403 4798 Parispriooe
1419 4741 1473 4788 loco

178 4823 218 4862 aar.
235 4810 261 4862 B
316 4811 350 4864 31
372 4807 450 4876 apud
468 4820 516 4856 nos
534 4807 557 4856 ie
571 4805 678 4873 pulcher
694 4809 716 4857 si
735 4817 796 4874 aptat
813 4808 839 4858 B
857 4817 919 4874 aput
937 4823 984 4858 nos
1000 4809 1032 4870 is,
1051 4797 1127 4873 ἥρως
1143 4792 1238 4870 ἥρωος
1255 4806 1349 4872 herois,
1369 4809 1392 4857 si
1410 4816 1473 4872 aput

178 4878 295 4934 Sacerdoe
307 4898 337 4950 p,
353 4881 392 4932 55
468 4875 502 4928 32
520 4875 630 4926 Tharros
648 4893 664 4934 ς
682 4877 811 4928 Sacerdos
824 4894 851 4942 p.
866 4881 899 4931 bh
916 4887 1024 4930 tartaros
1038 4879 1076 4930 B:
1095 4878 1130 4942 cs.
1141 4890 1169 4940 p.
1186 4877 1253 4930 tado
