3314 5506
637 414 844 476 caillouttla
869 414 1023 475 lli—lb
1434 418 1470 480 21

228 546 249 586 1».
266 530 363 573 rectae
379 532 403 573 r.
1273 547 1295 586 p.
1309 534 1424 580 varmat-

332 604 502 663 ‹licamus
523 603 619 663 licus
641 621 732 683 cyuas
754 608 900 662 constat
924 603 958 661 iu
982 601 1117 664 arbore
1138 611 1257 673 natas,

184 705 318 767 elbuius
338 705 428 774 liceis,
459 703 644 764 ‘dicemus
672 705 796 765 lieus'.
842 711 944 764 neutra
968 707 1085 764 uoniiua
1109 723 1161 767 cus
1188 709 1341 768 terminata
1370 711 1474 770 tertiae

182 817 245 870 mut
267 807 475 868 declinationis
497 811 540 866 ris
560 805 694 867 facientia
716 808 859 885 genetivo,
881 825 972 886 pecus
988 805 1079 876 ulcus
1103 810 1219 886 pecoris
1239 809 1358 870 ulceris.
1387 829 1474 870 secus

182 911 249 971 duas
271 927 323 970 res
346 910 506 987 significat,
535 907 706 969 adverbium
735 909 906 987 separandi,
936 908 1051 968 ‘baud
1080 928 1189 971 secus
1217 928 1259 970 ac
1286 912 1415 979 iussi';
1444 897 1478 973 et*

181 1030 280 1077 usus.
305 1009 463 1072 Sallustius
489 1010 617 1071 ‘virile
644 1029 684 1071 ac
712 1010 895 1071 muliebre
923 1014 1058 1071 secus’.
1104 1013 1199 1071 omnia
1228 1019 1326 1073 autem
1354 1016 1472 1074 nomina
1499 1044 1511 1081 5

181 1124 285 1176 neuim
307 1131 345 1175 us
367 1113 522 1173 terminata
545 1113 648 1173 tertiae
663 1119 731 1171 suut
754 1112 964 1181 declinationis,
985 1114 1025 1172 ris
1049 1112 1158 1173 iaciunt
1180 1116 1322 1191 genetivo,
1344 1117 1474 1195 exceptis

180 1226 335 1299 quattuor,
358 1214 463 1292 vulgus
484 1213 606 1293 pelagus
628 1232 684 1292 pus
705 1216 792 1275 virus,
837 1214 888 1275 sed
911 1212 1014 1290 vulgus
1036 1222 1064 1274 et
1086 1215 1208 1294 pelagus
1236 1217 1383 1278 secundae
1405 1226 1474 1279 suut

180 1318 398 1386 declinationis,
424 1318 451 1394 gi
476 1316 587 1376 iaciunt
607 1317 757 1394 gerretivo,
786 1315 881 1394 pelagi
907 1316 1000 1394 vulgi,
1030 1334 1154 1377 numero
1176 1336 1294 1397 semper
1322 1318 1471 1398 singulari.

181 1421 282 1500 vulgus
314 1427 345 1481 et
373 1417 535 1480 masculino
562 1413 854 1495 genere'deeliuatur
878 1416 1036 1499 [Vergilius
1058 1419 1246 1496 ‘ignobile
1267 1417 1471 1503 vulgus’].l

179 1541 230 1602 pus
251 1530 282 1583 et
304 1524 387 1582 virus
406 1528 466 1581 tres
488 1537 574 1581 casus
596 1527 707 1579 lantum
730 1521 890 1598 recipiunt,
920 1521 951 1581 iu
974 1538 1099 1581 numero
1120 1529 1233 1583 tautum
1257 1522 1344 1582 modo
1371 1525 1471 1600 singu·
1487 1550 1511 1591 ιο

179 1625 228 1686 lari
250 1622 448 1691 declinantur,
472 1622 527 1682 boc
546 1641 603 1701 pus
623 1620 668 1682 vel
685 1623 774 1689 virus,
798 1639 888 1699 opus
910 1621 955 1682 vel
977 1623 1065 1682 virus.

260 1727 322 1787 Das
347 1727 460 1804 primae
487 1733 556 1784 sunt
586 1722 801 1791 declinationis,
831 1723 886 1784 dae
909 1724 1022 1785 iaciunt
1049 1726 1197 1802 genetivo,
1221 1725 1344 1805 Lycidas
1369 1725 1470 1795 blidas,

180 1829 305 1912 Lycidae
325 1827 437 1891 blidae.
460 1834 489 1886 et
510 1828 595 1906 siqua
616 1824 692 1885 talia.
738 1825 789 1885 des
812 1827 909 1885 omnia
931 1833 1000 1886 sunt
1023 1827 1166 1905 producta
1190 1834 1220 1887 et
1242 1845 1335 1906 paene
1357 1829 1470 1890 Graeca

178 1934 291 1999 omnia,
323 1930 403 1989 uncle
422 1927 544 1988 arbitrio
565 1934 667 1987 nostro
689 1926 916 1988 declinabuntur
944 1937 973 1988 et
995 1930 1099 1989 tertiae
1126 1927 1329 1990 declinationis
1356 1933 1471 1992 ratione

179 2037 218 2096 dis
232 2034 373 2095 facientia
395 2031 529 2110 genetivo
549 2037 577 2090 et
594 2030 706 2107 primae
725 2029 780 2089 dae
793 2030 1036 2091 terminata-casu
1053 2033 1186 2106 genetivo
1201 2031 1316 2092 l‘elides
1333 2031 1468 2112 Tydides,
1484 2060 1508 2100 ιε

179 2137 284 2198 Pelidis
312 2133 359 2195 vel
380 2130 514 2200 Pelidae,
543 2130 663 2211 Tydidis
689 2129 733 2191 vel
754 2130 891 2211 Tydidae.
936 2150 1026 2193 unum
1057 2150 1165 2193 nomen
1188 2133 1321 2194 Latinum
1349 2137 1470 2213 repperi

179 2239 225 2301 des
260 2235 375 2318 syllaba
406 2235 520 2294 linitum
551 2233 752 2295 declinationis
781 2235 900 2314 quintae
930 2235 956 2294 ei
984 2235 1156 2314 separandis
1187 2234 1297 2296 iaciens
1324 2237 1468 2312 genetivo,

179 2342 246 2402 tides
268 2338 355 2407 fidei,
380 2356 397 2398 e
419 2338 448 2396 iu
470 2337 605 2413 genetivo
626 2343 772 2414 correpta.
817 2339 960 2398 rationem
982 2354 1073 2416 supra
1095 2336 1191 2398 docui.
1236 2337 1294 2416 legi
1314 2337 1362 2399 bic
1383 2337 1470 2399 Oedi·

179 2445 267 2522 podes
287 2441 381 2501 buius
401 2438 585 2516 Oedipodae:
608 2456 676 2498 nam
700 2439 724 2497 si
746 2438 794 2498 bic
808 2437 937 2518 Oedipos
959 2439 1211 2509 declinaverimus,
1236 2441 1369 2518 genetivo
1385 2440 1471 2501 iaciet

180 2544 226 2614 dis,
250 2545 332 2604 sicut
353 2539 514 2619 blelampos
536 2539 736 2618 Melampodis,
759 2540 880 2619 Lysipos
895 2541 1061 2621 Lysipodis:
1085 2560 1153 2602 nam
1172 2543 1196 2602 si
1217 2548 1283 2602 ante
1306 2559 1363 2620 pus
1384 2541 1468 2622 sylla·
1482 2569 1508 2609 ω

180 2646 240 2708 bam
273 2645 475 2705 nominativus
506 2660 525 2720 p
559 2641 685 2702 litteram
718 2641 867 2711 babuerit,
889 2639 903 2726 [l
923 2645 952 2722 pi
981 2643 1067 2704 laciet
1101 2629 1243 2722 genetivo
1269 2642 1471 2704 declinationis

180 2748 335 2816 secundae,
359 2746 502 2826 Lysippus
523 2744 657 2825 Lysippi,
680 2743 860 2824 Chrysippus
880 2728 1049 2825 Chrysippi,
1071 2745 1224 2825 Philippus
1245 2745 1381 2825 Philippi.
1426 2747 1470 2808 dis

179 2853 332 2912 ermiuata
350 2848 455 2908 tertiae
477 2855 547 2907 sunt
565 2846 781 2915 declinationis,
808 2847 853 2907 dis
873 2847 982 2908 iaciunt
1004 2850 1153 2925 genetivo,
1175 2848 1223 2909 hic
1245 2856 1274 2909 et
1294 2847 1367 2908 haec
1388 2848 1470 2909 rudis

180 2950 260 3013 buius
282 2949 379 3016 rudis,
402 2949 476 3010 baec
492 2948 557 3009 lidis
577 2949 663 3009 buius
680 2948 761 3009 liciis:
786 2948 1018 3030 ‘lidibusque
1042 2952 1228 3010 canoris':
1252 2949 1325 3010 baec
1347 2949 1469 3028 glandis,

179 3056 248 3116 deut
271 3051 429 3131 Vergilius
476 3052 529 3113 dos
551 3050 692 3130 producta
714 3053 818 3112 tertiae
837 3058 920 3120 suut,
945 3052 981 3110 lis
1002 3052 1113 3112 iaciunt
1135 3053 1283 3130 genetivo,
1307 3052 1361 3112 dos
1383 3051 1467 3120 dotis,
1482 3077 1507 3117 ae

180 3157 318 3218 sacerdos
345 3153 517 3215 sacerdotis.
561 3153 615 3214 dvis
634 3160 770 3232 correpta
792 3156 904 3215 Graeca
932 3153 1079 3215 secundae
1107 3162 1175 3213 sunt
1197 3152 1412 3222 declinationis,
1439 3154 1469 3214 di

180 3259 286 3321 iaciunt
309 3257 462 3335 genetivo,
486 3255 622 3318 Tenedos
639 3255 765 3325 Tenedi;
795 3263 890 3335 potest
909 3262 1006 3315 tamen
1029 3255 1166 3316 Tenedus
1188 3254 1252 3316 dici.
1296 3256 1352 3317 dus
1370 3257 1469 3316 omnia

181 3360 341 3422 masculina
363 3357 513 3419 secundae
541 3365 624 3426 sunt,
654 3357 684 3417 di
705 3356 816 3417 iaciunt
838 3360 984 3436 genetivo,
1011 3358 1101 3430 nidus
1128 3357 1203 3424 uidi,
1228 3357 1330 3419 tardus
1359 3357 1470 3418 nardus

181 3462 247 3524 baec
266 3461 400 3530 Aradus,
428 3461 513 3520 tardi
540 3459 624 3520 nardi
644 3459 740 3519 Aradi.
785 3460 835 3520 sed
863 3459 967 3520 melius
997 3459 1106 3519 nardos
1133 3467 1163 3519 et
1183 3459 1295 3520 Arados
1321 3458 1468 3527 dicuutur,

181 3567 249 3626 scut
269 3563 425 3625 Tenedos:
448 3580 516 3623 narn
533 3564 644 3624 Graeca
665 3568 742 3621 sont.
779 3564 922 3641 excipitur
938 3580 1030 3623 unum
1051 3569 1172 3642 quartae
1191 3560 1393 3621 declinationis
1413 3560 1468 3621 dus
1481 3585 1507 3626 so

182 3668 286 3728 iaciens
315 3666 464 3744 genetivo,
493 3672 526 3724 ut
553 3664 598 3724 bic
627 3664 735 3741 gradus
763 3663 850 3724 buius
879 3664 998 3740 gradus.
1044 3682 1111 3724 nam
1140 3671 1244 3722 neutra
1271 3664 1389 3723 nomina
1414 3663 1469 3723 dus

182 3771 332 3829 terminata
355 3768 396 3827 ris
418 3766 528 3827 iaciunt
549 3768 692 3842 genetivo,
712 3766 830 3846 pondus
852 3767 1000 3845 ponderis,
1024 3766 1105 3826 sidus
1125 3765 1238 3835 sideris
1263 3766 1376 3826 ratione
1397 3783 1469 3826 neu·

182 3879 290 3932 uorum
313 3888 350 3931 us
370 3869 605 3938 termmatorum,
629 3887 717 3950 quarn
740 3886 829 3948 supra
852 3869 949 3930 docui.
989 3887 1058 3930 nam
1081 3868 1220 3929 feminina
1241 3868 1469 3949 duslterminata

183 3990 234 4032 nou
259 3973 382 4050 repperi
405 3970 516 4031 Latina.
1204 3962 1210 3975 '

259 4076 317 4136 Fas
340 4076 446 4135 tertiae
465 4079 510 4134 est
528 4070 730 4133 declinationis
753 4074 898 4135 Graecum
921 4073 958 4134 tis
982 4073 1092 4145 iaciens
1120 4073 1253 4151 genetivo
1276 4091 1295 4132 u
1315 4078 1383 4132 ante
1405 4089 1468 4132 earn
1483 4094 1508 4136 as

244 4277 526 4336 luatasgnatosB
595 4276 744 4327 idicemus
763 4277 825 4325 licus
843 4276 986 4327 Caeciliana
1003 4286 1094 4333 tuoss
1170 4277 1240 4327 3ris
1256 4292 1301 4328 oni.
1322 4277 1356 4338 B,
1374 4276 1469 4333 adds

241 4366 318 4400 mus
339 4346 522 4414 §pecusBo
568 4346 992 4412 theudyVerp.Aen.111‘23ti
1061 4347 1401 4403 ἱιιεεεΒίυεεΠεοίηηῑς

183 4420 375 4476 besexume
460 4413 610 4480 Sallustius]
632 4415 796 4466 historiarum
815 4417 877 4466 libro
898 4417 918 4464 ll
939 4416 1033 4470 Nonius
1048 4432 1074 4479 p.
1094 4419 1145 4468 222
1233 4417 1362 4482 lluulgus
1380 4427 1469 4465 nerrtro

183 4492 393 4545 euuscutinoe
481 4482 623 4552 Vergilius]
644 4487 710 4540 Aen.
731 4485 809 4538 1140
896 4487 1009 4550 ignobile
1026 4487 1120 4552 uulgus
1139 4496 1163 4536 et
1180 4485 1239 4536 bine
1257 4501 1377 4551 spargere
1393 4500 1469 4535 uoces

182 4561 203 4609 iu
216 4561 317 4628 uulgum
336 4558 479 4624 ambiguas
497 4557 592 4621 (Verp.
613 4556 680 4610 Aen.
699 4558 720 4605 ll
737 4556 782 4621 98)
803 4571 819 4614 ς
909 4556 940 4606 17
965 4557 987 4606 ei
1005 4559 1130 4621 separetis
1147 4557 1225 4606 editio
1241 4557 1400 4606 Arcenriouo

184 4630 209 4680 18
224 4641 339 4700 correpta
358 4646 377 4688 ς
397 4635 544 4690 correptam
563 4626 590 4675 B
676 4627 710 4676 24
728 4623 882 4692 fidibusque]
907 4629 987 4691 Verp.
1006 4626 1072 4676 Aen.
1087 4628 1123 4677 Vl
1143 4625 1192 4677 120
1274 4625 1307 4676 25
1325 4622 1468 4691 Vergilius]

179 4717 256 4768 reem.
272 4705 317 4755 llll
336 4701 372 4754 81
399 4714 450 4748 uec
470 4698 503 4745 de
519 4711 645 4748 concussa
665 4703 760 4747 tautum
778 4697 843 4762 pluit
866 4697 923 4746 ilice
942 4697 1063 4763 glandis:
1082 4696 1118 4760 cs.
1137 4712 1218 4759 cupra
1232 4712 1260 4760 p.
1281 4695 1348 4747 laea
1436 4699 1470 4748 211

180 4782 336 4835 aneensem
356 4766 495 4820 secundae
514 4774 571 4815 suut
590 4767 615 4817 B
701 4765 735 4817 29
757 4767 824 4816 tardi
841 4782 886 4815 ont
906 4768 932 4817 B
1019 4767 1054 4818 30
1073 4782 1130 4816 uam
1148 4782 1240 4832 graeca
1260 4776 1325 4816 sunt.
1343 4766 1471 4830 excipitur

179 4841 298 4896 Proelia
316 4857 381 4893 nm
400 4849 500 4905 graeca
519 4837 682 4903 excipiuntur
700 4836 779 4899 (corr.
799 4837 938 4902 excipitur)
955 4837 982 4886 B
1025 4836 1072 4888 ·31
1091 4838 1139 4886 (1ιιε
1157 4850 1174 4892 ς
1192 4835 1272 4886 disB
1342 4836 1470 4902 3532110.

179 4913 221 4964 tiuo
237 4931 282 4965 non
300 4923 363 4965 ante
382 4925 417 4960 au
433 4906 535 4956 babens
552 4906 578 4956 B
