3314 5506
214 367 276 432 382
386 440 389 447 Ι
787 357 926 421 bonaur
1011 409 1016 416 .

178 465 197 472 ··
267 467 413 522 putrer,
621 467 623 472 ’
771 463 775 469 “
859 458 862 465 ’
920 459 925 465 ’
1171 454 1175 459 ’
1284 465 1415 519 paru-st

216 549 395 610 inchoantur
416 546 610 627 praeteritum
632 553 749 625 tempus
770 563 831 607 non
852 543 979 615 babent,
1002 552 1033 606 et
1053 544 1191 607 oriuntur
1207 561 1225 604 a
1241 544 1415 628 neutralibus

174 672 177 677 ·
217 649 272 711 bis.
303 658 372 711 sunt
394 650 481 710 etiam
505 648 718 727 frequentativa
741 646 778 706 de
800 647 921 707 nomine
942 647 1098 717 venientia,
1121 654 1155 708 ut
1174 647 1315 726 patrissat
1334 664 1415 726 grae«

216 761 286 812 sunt
307 752 391 831 quasi
413 750 593 818 diminutiva,
617 767 693 828 quae
715 767 730 808 a
753 749 885 827 perlecta
908 747 1002 808 [orma
1026 749 1160 819 veniunt,
1188 756 1222 810 ut
1243 747 1367 810 sorbillo
1388 768 1415 811 ιιι

217 860 287 915 sunt
314 855 378 913 sine
410 853 524 928 origine
545 847 560 934 ΙΙ
579 850 730 930 perfectae
752 835 881 920 lormae,
909 857 942 910 ut
963 851 1066 929 pitisso
1088 848 1201 916 vacillo.
1245 858 1277 911 et
1297 849 1415 930 troque

192 973 306 1033 ssaepe
328 956 359 1013 in
382 963 442 1013 tres
465 952 574 1029 gradus
596 952 709 1013 ducunt
723 950 861 1030 verbum,
884 959 917 1011 ut
931 969 1020 1012 curro
1034 969 1125 1013 curso
1138 952 1266 1021 cursito,
1287 952 1415 1032 saepeir

128 1125 130 1131 ,
217 1055 345 1127 tantum,
373 1063 407 1115 ut
434 1052 499 1114 rolo
527 1051 625 1131 volito.
667 1061 738 1114 sunt
764 1052 854 1126 rerba
886 1053 1075 1135 inchoativis
1089 1051 1208 1124 similia,
1226 1071 1320 1133 ¹quac
1347 1054 1415 1117 ineu

218 1176 277 1218 non
306 1175 371 1218 esse
400 1164 566 1234 temporum
596 1153 833 1216 consideratione
861 1156 1081 1234 pernoscimus,
1110 1161 1143 1214 ut
1171 1158 1320 1234 conpesce
1342 1160 1415 1237 conp'

217 1267 286 1319 sunt
307 1261 377 1319 item
402 1256 457 1318 alia
479 1256 661 1326 inchoativa,
685 1274 760 1336 quae
782 1275 797 1316 a
822 1256 951 1335 perlecta
974 1255 1071 1317 lorma
1093 1257 1231 1330 veniunt,
1254 1263 1288 1318 ut
1310 1255 1415 1319 borreo

106 1436 108 1440 Ι
217 1379 318 1435 resco3
342 1367 412 1437 sunt
433 1377 508 1439 quae
531 1359 675 1437 originem
688 1359 744 1437 ,sui
766 1376 825 1418 non
841 1355 973 1439 babent,
1002 1365 1035 1419 ut
1056 1375 1218 1432 consuesco
1231 1359 1376 1445 quiesco,
1389 1391 1410 1429 ῃ

126 1446 129 1451 ’
181 1448 204 1518 ro
303 1442 532 1537 Coniugationes
554 1458 653 1520 verbis
676 1458 811 1521 accidunt
833 1467 908 1529 tres,
939 1460 1035 1539 prima
1056 1450 1186 1520 secunda
1208 1461 1306 1523 tertia.
1351 1462 1415 1539 prin

218 1582 294 1642 quae
315 1562 472 1622 indicativo
488 1560 577 1622 modo
593 1570 727 1640 tempore
749 1561 898 1639 praesenti
921 1578 1045 1620 numero
1068 1560 1211 1639 singulari
1232 1561 1365 1624 secunda
1386 1580 1415 1641 pt

220 1663 308 1724 verbo
331 1666 425 1724 activo
448 1671 478 1723 et
500 1661 626 1724 uerrtrali
642 1681 657 1722 a
675 1663 848 1742 productam
872 1660 961 1721 babet
976 1670 1050 1721 aute
1072 1663 1260 1724 nouissimam
1277 1661 1415 1726 litteram

218 1769 279 1826 sivo
303 1745 453 1825 communi
476 1772 506 1825 ot
527 1764 686 1843 deponenti
708 1744 776 1823 aule
799 1765 985 1824 novissimam
1008 1762 1163 1842 syllabam,
1187 1773 1220 1824 ut
1242 1784 1315 1826 roco
1338 1784 1415 1827 rocas

218 1887 270 1929 cor
293 1868 420 1934 rocaris;
451 1875 480 1926 et
510 1865 639 1927 loturum
668 1874 783 1943 tempus
811 1866 941 1925 eiusdem
972 1866 1051 1926 modi
1072 1867 1105 1929 in
1126 1864 1165 1925 bo
1188 1875 1218 1926 et
1240 1867 1270 1926 in
1293 1865 1414 1947 borsyl

182 1971 325 2039 inmittit,
346 1978 379 2029 ut
402 1956 473 2032 roco
493 1965 497 2049 Ι
517 1966 642 2036 vocabo,
665 1984 755 2027 vocor
779 1965 914 2027 vocabor.
935 1951 1073 2027 ¹secunda
1089 1975 1133 2026 est
1154 1986 1230 2047 quae
1251 1967 1408 2030 indicativo

218 2081 352 2149 tempore
374 2070 525 2149 praesenti
548 2087 672 2129 numero
695 2067 836 2147 singulari
858 2067 987 2129 secunda
1009 2086 1136 2148 persona
1159 2068 1249 2130 verbo
1272 2071 1367 2131 activo
1388 2078 1415 2130 et

219 2171 285 2232 trali
314 2191 329 2230 e
359 2171 532 2250 productam
560 2169 650 2230 babet
678 2180 745 2230 aute
775 2171 959 2230 novissimam
987 2168 1130 2240 litteram,
1160 2172 1275 2250 passivo
1305 2190 1415 2233 commu

219 2273 379 2351 deponenti
402 2278 470 2332 ante
494 2272 680 2331 novissimam
703 2270 859 2351 syllabam,
888 2280 918 2331 ut
941 2289 1048 2332 moneo
1069 2289 1194 2341 uranos,
1217 2291 1342 2335 moneor
1363 2291 1415 2334 mot

219 2370 257 2434 ct*
270 2373 401 2434 futurum
424 2380 540 2450 tempus
555 2372 685 2433 eiusdem
709 2372 788 2433 modi
811 2374 842 2432 in
864 2370 908 2433 bo'
925 2381 955 2432 et
975 2373 1006 2433 in
1027 2370 1083 2432 bor
1104 2371 1247 2452 syllabam
1271 2376 1371 2445 mittit,
1393 2366 1415 2435 ut

181 2494 211 2532 ιιι·
221 2493 277 2534 neo
301 2473 442 2549 monebo,
459 2492 589 2534 moneor
610 2471 765 2535 monebor.
811 2475 897 2535 tertia
919 2482 964 2535 est
990 2493 1065 2553 quae
1087 2474 1245 2537 indicativo
1268 2476 1357 2537 modo
1379 2482 1415 2537 ter

219 2577 369 2657 praesenti
391 2593 516 2637 numero
539 2574 681 2652 singulari
704 2577 833 2644 secunda
854 2594 982 2656 persona
1004 2575 1095 2639 verbo
1117 2579 1211 2663 activo
1232 2586 1263 2638 et
1284 2577 1408 2639 neutrali

128 2738 130 2742 Α
222 2676 337 2743 terduru
367 2686 532 2756 correptam
561 2677 709 2744 interdum
741 2676 1034 2758 productamlrabet
1060 2686 1129 2738 ante
1159 2681 1346 2740 novissimam
1373 2679 1415 2741 litt

219 2780 333 2860 passivo
361 2780 511 2863 communi
541 2786 571 2838 et
598 2772 759 2858 deponenti
780 2798 835 2859 pro
857 2781 867 2839 i
890 2777 986 2840 littera
1009 2773 1035 2840 e'
1049 2788 1215 2859 correptam
1240 2779 1284 2841 rel
1307 2780 1415 2861 iprod

219 2881 309 2943 babet
331 2890 399 2939 ante
422 2882 608 2941 novissimam
631 2878 788 2959 syllabam,
811 2889 844 2941 nt
865 2879 931 2959 lego
954 2879 1041 2959 legis,
1066 2879 1149 2958 legor
1171 2880 1295 2961 legeris,
1319 2882 1404 2945 audio

181 3003 206 3041 ar,
220 2983 324 3044 audior
346 2982 472 3056 arrdiris;
496 2989 525 3041 et
547 2981 677 3042 luturum
701 2990 818 3061 tempus
833 2982 969 3068 eiusdem„
988 2982 1067 3042 modi
1089 2984 1119 3042 in
1142 3001 1190 3043 am
1214 2985 1296 3044 etin
1318 3003 1352 3044 ar
1372 2983 1414 3064 syl

220 3066 321 3154 mittit,
352 3066 385 3143 ut
411 3066 478 3161 lego
501 3065 615 3160 legam,
650 3064 858 3161 legorslcgar,
896 3082 982 3156 audio
1011 3067 1157 3154 audiam,=
1177 3084 1283 3147 audior
1313 3086 1414 3147 audiar

124 3170 143 3181 '¹
220 3168 318 3276 altera¹
333 3170 447 3272 species
471 3187 573 3245 tertiae
596 3185 825 3263 coniugationis,
849 3204 924 3271 quae
946 3186 1119 3275 inproducta
1143 3188 1329 3248 enuntiatur:
1354 3188 1415 3249 bam

220 3286 292 3348 rndli
308 3299 441 3367 quartam
458 3287 695 3363 coniugatiouem
717 3292 836 3365 putant,
857 3286 936 3366 quod
952 3288 1080 3348 luturum
1097 3298 1215 3367 tempus
1237 3290 1269 3348 in
1291 3308 1338 3350 am
1362 3292 1415 3350 eti

218 3393 249 3450 iu
273 3408 305 3450 ar
328 3398 357 3449 et
379 3390 409 3448 in
432 3386 488 3447 bor
510 3386 650 3466 syllabam
666 3383 679 3471 ΙΙ
695 3389 798 3458 mittit,
822 3396 854 3448 ut
869 3390 964 3448 servio
987 3391 1079 3450 servis
1101 3390 1226 3450 serviam
1250 3390 1378 3457 servibo.
1402 3410 1415 3450 r

181 3514 207 3551 :ro
224 3492 342 3553 vinciris
365 3479 476 3550 vinciar
500 3487 642 3555 vincibor.
682 3489 760 3568 quod
783 3488 901 3568 quidam
925 3490 1087 3552 refutantes
1109 3499 1220 3569 negant
1242 3492 1272 3551 in
1295 3492 1334 3552 bo
1356 3494 1415 3553 eti

152 3581 156 3587 ¹
220 3581 281 3654 rite
303 3593 384 3652 exire
413 3582 504 3670 posse
529 3582 644 3651 tertiam
669 3581 926 3667 'coniugatione'rm
957 3582 1013 3651 nisi
1039 3594 1069 3652 in
1093 3580 1128 3652 eo
1151 3579 1241 3653 vcrbo
1265 3583 1395 3672 quodid

219 3694 345 3774 persona
362 3690 523 3752 'indicativi
541 3690 630 3751 'modi
659 3692 800 3770 temporis
827 3690 992 3771 pracsentis
1024 3696 1141 3755 numeri
1168 3692 1328 3773 singularis
1355 3715 1372 3756 e
1399 3715 1415 3756 a

219 3795 370 3863 babuerit,
394 3802 427 3853 ut
449 3813 484 3854 co
507 3812 582 3872 queo
606 3813 669 3852 eam
693 3812 798 3872 queam
822 3792 871 3853 ibo
894 3793 983 3873 quibo
1006 3806 1035 3856 ct
1063 3815 1079 3856 a
1102 3797 1217 3875 passivo
1240 3816 1335 3876 queor
1356 3816 1415 3877 que

218 3895 337 3975 quibor,
363 3903 392 3955 ct
413 3897 496 3974 siqua
519 3903 588 3954 sunt
609 3892 722 3953 similia.

289 4031 302 4080 l
324 4030 460 4078 nneutrali
478 4029 556 4077 uerbo
573 4030 594 4078 S
662 4030 678 4076 2
699 4040 758 4078 sunt
777 4032 852 4079 etiam
873 4031 1057 4095 lrequentatiua
1072 4060 1106 4070 -
1124 4035 1141 4085 d
1159 4033 1238 4084 volito
1254 4038 1337 4086 Dion.
1349 4036 1415 4101 pall

136 4153 139 4159 ,
219 4103 234 4150 4
251 4101 361 4165 yratrisso
374 4114 442 4151 corr.
464 4099 553 4169 pitisso
569 4100 590 4149 S
640 4097 872 4169 'et-frequentatum
886 4101 966 4151 lurum
980 4118 1058 4168 saepe
1073 4105 1098 4152 in
1112 4114 1165 4169 tres
1179 4105 1276 4170 gradus
1290 4107 1393 4157 deducit
1409 4121 1415 4154 ι

220 4170 258 4218 l,.·
279 4170 314 4230 rs,
335 4165 450 4221 Cessent,
465 4184 492 4229 p.
508 4168 576 4219 adds
620 4168 1001 4233 ‚bdedu'cuutPDiornqdes
1012 4190 1040 4238 p.
1055 4168 1106 4223 abd
1128 4174 1223 4230 ducunt
1237 4176 1275 4240 Sp
1336 4168 1410 4226 ¹duas

219 4241 306 4288 dsunt
318 4240 395 4288 verba
408 4263 442 4274 -
457 4239 590 4301 liquiesce
606 4239 686 4288 biorn.
700 4253 727 4301 p.
743 4238 794 4288 335
865 4243 880 4289 7
893 4243 1070 4306 pernoscimus
1084 4244 1107 4293 L
1125 4245 1259 4295 diomedes
1274 4246 1415 4296 dinusoimu

218 4309 376 4357 dinoscimus
395 4308 416 4357 S
431 4310 609 4373 cognoscimus
627 4308 652 4356 P
735 4308 752 4358 8
769 4309 829 4357 item
851 4308 912 4376 alia]
936 4313 1010 4360 etiam
1033 4315 1054 4362 S
1140 4312 1172 4364 10
1191 4328 1225 4365 us
1245 4330 1413 4368 cosruusrror

219 4379 363 4443 iugationes
378 4379 411 4426 S:
426 4375 623 4440 coniugationes
637 4406 671 4414 —
685 4376 718 4428 34
732 4379 825 4428 similia
842 4380 958 4431 Coasent.
973 4398 1001 4446 p.
1020 4382 1089 4432 2069
1104 4399 1143 4447 sq.
1219 4385 1251 4435 12
1263 4388 1411 4450 productum

222 4448 382 4498 ltuiusdam
397 4448 419 4496 S
433 4445 595 4498 huiusdems
667 4447 698 4496 17
720 4448 870 4512 productum
886 4451 931 4499 SP
1000 4454 1031 4502 21
1051 4453 1178 4502 interdum
1197 4464 1341 4521 correptum
1355 4458 1415 4518 (con

219 4519 344 4567 interdum
369 4517 520 4583 productum
544 4517 617 4582 (corr
635 4517 700 4581 -nm)
718 4520 739 4567 S
759 4519 885 4569 interdum
912 4521 1060 4584 productam
1081 4521 1147 4584 (·um
1162 4522 1197 4585 P)
1226 4525 1353 4575 interdum
1373 4540 1415 4575 cor

219 4589 289 4651 (um
306 4588 343 4649 P)
359 4588 409 4637 111²
458 4586 493 4637 23
509 4603 522 4635 e
536 4598 678 4652 correptum
698 4587 781 4652 (corr.
796 4604 849 4637 -am
869 4590 900 4653 S)
916 4589 958 4638 uel
974 4593 982 4639 i
997 4594 1147 4656 productum
1163 4594 1245 4655 (corr.
1265 4611 1319 4645 ·sm
1333 4596 1365 4660 S)
1380 4594 1415 4645 hd

219 4668 389 4721 ecorreptam
405 4656 480 4705 babet
492 4657 559 4706 ueli
576 4657 765 4722 productamL
836 4659 1019 4710 25buiusdam
1034 4664 1056 4713 S
1072 4662 1221 4713 eiusdemc
1291 4667 1324 4716 27
1341 4667 1381 4729 qui
1396 4661 1415 4727 (ι

220 4728 227 4774 i
248 4728 370 4790 producto
386 4726 410 4773 L
424 4741 488 4789 quae
506 4727 513 4774 i
533 4729 656 4792 producto
673 4728 722 4790 (-ta
734 4731 764 4793 p)
779 4727 803 4775 P
818 4743 883 4791 quae
897 4729 924 4777 in
936 4731 944 4777 i
958 4732 1082 4795 producto
1097 4731 1149 4794 (ta
1163 4731 1223 4796 r)S
1270 4735 1305 4786 28
1319 4735 1384 4799 quod
1398 4732 1415 4780 b

220 4797 271 4844 LP
288 4798 433 4848 Consentius
448 4811 476 4859 p.
488 4796 557 4846 abac
576 4811 641 4860 quae
659 4797 770 4846 laturum
786 4799 807 4847 S
875 4799 901 4847 in
920 4815 961 4848 aru
981 4812 1005 4850 et
1025 4805 1049 4851 iu
1066 4803 1137 4851 boet
1156 4804 1180 4851 in
1203 4819 1232 4853 nr
1248 4814 1272 4854 ct
1291 4806 1316 4854 in
1333 4803 1409 4854 borh

219 4876 243 4914 et
255 4867 279 4914 iu
295 4880 323 4914 ar
334 4866 406 4933 iu'bo
420 4874 445 4916 et
459 4867 485 4915 in
505 4867 550 4916 bor
563 4867 609 4917 Sl’
677 4866 711 4917 ³0
725 4883 790 4930 quae
807 4868 909 4932 quidam
928 4872 950 4920 S
1018 4872 1052 4924 33
1066 4887 1145 4935 queor
1164 4888 1244 4937 queat
1261 4875 1316 4924 ibor
1329 4873 1412 4938 quibat
