3314 5506
247 403 310 468 514
815 396 979 482 [smum.

1326 522 1348 564 p·
1361 510 1404 555 825.
1413 509 1461 554 ili.

246 588 401 667 participio
428 588 520 649 futuri
549 588 691 666 temporis
717 605 735 649 a
761 589 876 666 passivo
905 588 960 648 dus
987 587 1128 668 syllabam
1157 597 1187 650 et
1208 588 1285 652 adde
1305 608 1320 651 s
1340 589 1497 660 hanamal

245 690 377 750 invenies
398 690 585 770 participium
608 689 771 770 praesentis
793 691 937 767 temporis
958 689 996 751 ab
1019 692 1129 752 activo:
1157 687 1314 769 legendus,
1336 691 1404 754 tolle
1420 691 1497 753 dinei

244 790 320 852 adde
348 808 377 863 s,
408 791 477 852 lacit
505 790 616 869 legens.
659 793 730 852 item
758 792 914 871 participio
943 790 1036 852 futuri
1065 793 1207 872 temporis
1226 791 1268 855 ab
1295 795 1387 864 actito
1406 791 1497 855 detnle

167 890 168 895 ’
244 909 295 953 rus
323 891 463 972 syllabam
492 901 521 953 et
549 893 623 954 adde
650 912 665 952 s
694 891 837 963 litteram,
865 893 938 954 lacis
965 894 1153 974 participium
1174 896 1329 974 praeteriti
1349 896 1496 977 temporina

216 996 372 1073 apassivo:
407 995 553 1066 lecturus,
584 993 653 1055 tolle
680 1013 732 1057 rus
760 1003 790 1056 et
818 994 893 1056 adde
921 1013 951 1065 s,
979 994 1050 1055 lacit
1075 993 1178 1057 lectus.
1223 994 1281 1058 huc
1306 996 1375 1059 ideo
1394 995 1496 1066 dxinut

243 1098 311 1176 quia
333 1099 522 1159 inveniuntur
544 1095 656 1177 aliqua,
679 1116 755 1178 quae
778 1097 864 1158 nobis
878 1097 991 1158 iaciunt
1006 1114 1154 1168 errorem,
1177 1105 1208 1158 et
1229 1100 1288 1161 nisi
1308 1100 1496 1179 adamnanus

242 1199 330 1259 modo
366 1219 398 1259 se
426 1200 551 1260 invicem
584 1207 703 1277 regant,
738 1199 876 1260 cademus
908 1200 949 1258 in
972 1216 1116 1260 errorem.
1161 1196 1198 1260 ab
1221 1200 1361 1278 eoquod
1380 1210 1421 1262 est
1437 1200 1496 1261 duct

241 1309 341 1362 utrum
374 1302 535 1361 vinciturus
568 1301 638 1360 lacit
670 1319 707 1361 an
740 1300 888 1362 victurus?
920 1318 1045 1380 sequere
1073 1301 1231 1362 rationem:
1266 1302 1313 1364 iac
1339 1303 1495 1385 praetorium

241 1411 357 1482 tempus
384 1421 400 1463 a
428 1403 543 1483 passivo
573 1405 680 1472 rietus,
709 1400 779 1463 tolle
807 1421 836 1470 s,
865 1400 939 1462 adde
969 1421 1033 1473 rus,
1057 1401 1127 1463 lacit
1146 1404 1287 1465 victurus.
1331 1406 1496 1482 monogam

202 1513 227 1554 1⁰
242 1504 330 1585 ‘quid
352 1507 378 1566 si
400 1503 533 1566 neutrale
555 1505 592 1564 sit
613 1502 751 1572 verbum,
774 1522 833 1584 quo
855 1503 944 1565 modo
965 1521 1121 1583 possumus
1135 1506 1324 1585 participium
1338 1506 1494 1586 praeteritum

239 1606 373 1668 lacerei'
397 1606 550 1686 respondit
573 1606 677 1685 ‘lingis
706 1614 736 1666 et
763 1605 832 1666 inde
862 1605 943 1667 lacis.
988 1605 1065 1682 linge
1089 1613 1237 1686 tamquam
1260 1605 1367 1669 lrabeat
1384 1603 1494 1687 praemi·

237 1717 314 1778 turn,
338 1696 375 1769 ‘ut
402 1715 472 1786 puta
501 1716 630 1779 natatus,
659 1719 689 1769 et
715 1707 785 1767 inde
813 1707 903 1767 facies
929 1707 1060 1768 futurum
1088 1707 1250 1769 secundum
1278 1707 1357 1770 illam
1384 1705 1494 1786 regulam

239 1819 400 1880 nataturus,
425 1812 555 1890 exceptis
578 1819 678 1870 tamen
707 1811 822 1890 paucis,
852 1827 928 1889 quae
950 1807 986 1869 ab
1009 1808 1064 1870 hae
1086 1809 1188 1889 regula
1210 1819 1398 1889 separantur,
1423 1815 1494 1871 utest

239 1922 387 1973 mortuus:
413 1911 556 1991 numquid
580 1912 649 1972 iacit
671 1912 840 1973 morturus?
861 1913 916 1971 sed
939 1911 1020 1984 facit
1040 1912 1209 1981 moriturus,
1233 1919 1264 1971 et
1284 1913 1332 1973 rix
1353 1918 1417 1974 suut
1433 1911 1492 1990 quin

201 2030 223 2070 n
238 2032 310 2092 qne,
333 2034 409 2095 quae
432 2022 554 2094 excepta
579 2017 675 2075 sunt'.
720 2013 880 2091 quaeritur,
904 2011 941 2072 ab
964 2031 999 2073 eo
1022 2012 1099 2091 quod
1122 2022 1167 2074 est
1188 2014 1284 2074 sarcio
1307 2023 1401 2075 utrum
1420 2029 1491 2073 sarsu

235 2134 300 2186 rus,
324 2135 360 2177 an
384 2124 531 2186 sarturus,
555 2135 592 2176 an
622 2117 793 2177 sarciturus.
837 2133 962 2194 sequere
984 2115 1144 2183 rationem,
1168 2114 1215 2175 iac
1236 2117 1423 2194 praeteritum
1440 2122 1492 2173 tern-

234 2235 289 2294 pus
316 2226 428 2287 sartos,
451 2216 596 2279 luvenalis
624 2216 869 2278 ‘scinduntur
897 2217 1049 2276 tunicae
1076 2224 1202 2277 sartae
1224 2217 1363 2278 modo’:
1397 2215 1492 2277 diuinus

235 2321 313 2379 enim
337 2325 433 2381 ‘sarta
457 2325 565 2381 tecta':
590 2337 661 2398 ergo
683 2328 816 2381 sarturus
838 2319 916 2378 iacit.

320 2417 399 2503 llam
422 2429 528 2483 tractat
550 2421 586 2481 de
609 2419 880 2500 significationibus,
904 2438 979 2500 quae
1001 2439 1017 2480 a
1039 2418 1198 2481 verborum
1222 2419 1380 2500 generibus
1399 2435 1490 2482 sunun-

193 2535 220 2576 to
233 2530 290 2583 tur.
335 2525 460 2585 activum
489 2523 546 2584 duo
574 2521 663 2583 habet
690 2524 857 2602 participia,
887 2540 1026 2600 praesens
1053 2529 1083 2583 et
1110 2521 1259 2591 futurum,
1287 2524 1319 2584 in
1347 2541 1397 2584 ens
1419 2517 1490 2582 rolin

183 2610 187 2622 ¹
231 2635 336 2685 auset
359 2627 388 2686 in
411 2645 471 2687 rus.
507 2625 612 2687 Graeci
640 2624 750 2686 habent
776 2625 968 2704 praeteritum
996 2623 1033 2684 ab
1056 2625 1160 2696 activo,
1183 2615 1202 2684 ὁ
1223 2615 1363 2702 δράσας,
1385 2641 1432 2685 nos
1448 2636 1490 2681 nou

230 2725 387 2797 habemus,
410 2728 461 2788 sed
484 2745 539 2807 per
563 2725 858 2787 circumlocutionem
881 2725 1061 2806 explicamus
1082 2724 1140 2786 hoc
1162 2726 1273 2805 ipsum:
1297 2727 1416 2788 dicimus
1433 2722 1489 2784 eun

230 2831 274 2890 ‘is
296 2831 347 2909 qui
368 2831 429 2906 egit
439 2835 458 2890 ².
504 2848 520 2890 a
542 2829 656 2909 passivo
679 2827 737 2888 duo
759 2829 912 2909 participia
940 2828 1074 2898 veniunt,
1109 2829 1317 2908 praeteritum.
1332 2837 1362 2891 et
1388 2827 1489 2888 tutuno

228 2933 258 2992 in
282 2939 329 2993 tus
352 2933 434 2992 etin
457 2931 520 2992 dus.
554 2949 734 3011 praesensa
757 2931 871 3011 passivo
895 2948 954 2990 non
976 2928 1128 2999 habemus,
1153 2929 1260 2990 Graeci
1282 2928 1398 2999 habent,
1419 2918 1490 2986 tta·

189 3045 215 3086 ιι
230 3029 405 3114 λούμενοςε
443 3051 498 3094 nos
525 3032 659 3093 similiter
682 3050 735 3112 per
764 3031 1055 3093 circumlocutionem
1083 3030 1140 3092 hoo
1168 3030 1309 3100 dicimus,
1339 3032 1380 3091 ‘is
1400 3030 1431 3090 de
1448 3042 1490 3106 que

227 3136 405 3216 loquimur’.
450 3135 565 3196 duobus
587 3153 658 3213 ergo
680 3136 843 3215 participiis
866 3133 963 3193 delicit
986 3133 1142 3204 Latinitas,
1171 3134 1333 3213 praeterito
1355 3131 1390 3193 ab
1411 3130 1489 3192 actiro

226 3240 376 3318 praesenti
404 3256 420 3297 a
443 3239 567 3317 passivo.
613 3245 643 3297 et
666 3235 806 3301 ,neutrale
834 3233 956 3295 verbum
985 3235 1043 3295 duo
1071 3236 1225 3314 participia
1248 3234 1354 3306 habet,
1376 3246 1490 3315 praesens

226 3351 255 3402 et
277 3341 407 3403 futurum
429 3341 461 3399 in
483 3359 544 3401 rus.
589 3339 764 3419 deponentis
787 3337 840 3397 tria
863 3337 1016 3417 participia
1045 3346 1128 3406 sunt,
1158 3354 1301 3416 praesens
1322 3346 1352 3396 et
1375 3331 1490 3416 praeteri·

224 3451 286 3504 tum
317 3452 346 3503 et
374 3442 506 3503 futurum
528 3443 560 3502 in
582 3459 647 3510 rus;
678 3449 707 3501 et
735 3439 801 3500 ideo
824 3439 932 3499 dicitur
954 3438 1106 3518 deponens
1128 3437 1267 3509 verbum,
1290 3437 1369 3519 quod
1389 3436 1491 3516 deponat

188 3553 214 3596 ³⁰
226 3546 412 3624 participium
437 3544 641 3605 declinationis
663 3561 742 3604 suae.
776 3560 843 3602 nam
866 3559 933 3601 oum
956 3559 972 3600 r
993 3540 1091 3601 littera
1114 3542 1271 3602 terminata
1294 3537 1491 3610 verbatim

223 3649 354 3727 passivae
377 3646 595 3716 declinationis,
626 3645 718 3706 futuri
746 3644 887 3723 temporis
910 3644 1096 3723 participium
1119 3643 1150 3701 in
1174 3641 1230 3703 dus
1252 3643 1383 3713 mittant,
1404 3638 1490 3701 hocin

172 3769 177 3777 ·
222 3767 273 3810 rus
288 3751 391 3819 mittit,
408 3748 574 3814 locuturus;
597 3746 762 3827 loquendus
784 3764 844 3805 non
868 3745 1001 3810 dicimus.
1038 3752 1170 3805 ceterum
1194 3744 1304 3806 frustra
1326 3750 1423 3824 putant
1440 3737 1490 3799 ideo

222 3851 280 3912 dici
303 3852 468 3930 deponens,
498 3849 577 3928 quod
600 3867 615 3908 r
637 3847 764 3909 litteram
793 3867 853 3908 non
882 3847 1022 3926 deponat:
1047 3865 1115 3906 nam
1138 3847 1163 3907 si
1186 3847 1243 3907 hoc
1267 3855 1360 3917 esset,
1383 3853 1410 3906 et
1428 3857 1490 3903 con·

221 3971 310 4014 mune
334 3951 454 4013 verbum
478 3951 629 4031 deponens
653 3950 810 4011 diceretur.

182 4062 208 4102 ³⁵
305 4054 449 4115 Accidunt
471 4055 558 4113 etiam
582 4053 693 4131 figurae
715 4053 891 4131 participiis,
920 4048 1045 4130 simplex
1067 4059 1097 4111 et
1119 4050 1286 4130 conposita:
1320 4047 1448 4129 simplex,
1466 4048 1489 4102 ul

221 4155 337 4235 legens,
361 4157 530 4234 conposita,
554 4163 586 4215 ut
609 4153 774 4234 perlegens.
821 4155 939 4213 numeri
967 4152 1129 4232 participiis
1156 4152 1295 4213 accidunt
1317 4150 1389 4220 duo,
1409 4149 1486 4224 singu·

220 4255 290 4320 laris
313 4267 342 4318 et
363 4256 500 4337 pluralis:
524 4256 691 4336 singularis,
714 4265 747 4317 ut
768 4254 888 4334 legens,
912 4253 1048 4334 pluralis,
1072 4262 1105 4315 ut
1125 4252 1268 4331 legentes.

304 4359 378 4420 Sunt
412 4361 499 4420 ctiam
534 4361 653 4419 nomina
677 4376 757 4437 *quae
789 4357 900 4418 habent
933 4355 1153 4418 similitudinem
1188 4356 1336 4436 participii
1369 4347 1485 4432 tenpui

287 4549 303 4597 7
323 4548 397 4596 uinco
411 4548 551 4597 uinciturus
570 4547 658 4610 (uinco
673 4555 757 4595 utrum
776 4546 887 4596 uincitur
903 4546 925 4601 l)
945 4554 1029 4594 utrum
1048 4545 1131 4595 uictus
1150 4543 1215 4593 lacit
1228 4559 1261 4593 an
1276 4543 1387 4592 uicturus
1398 4540 1418 4590 L
1429 4538 1485 4586 uinco

218 4627 302 4668 utrum
318 4619 400 4668 uictus
419 4616 479 4666 lacit
492 4633 524 4667 au
543 4617 655 4667 uicturus
673 4616 698 4664 F
712 4617 777 4666 uicto
794 4625 876 4665 utrum
893 4616 976 4665 uictus
993 4613 1071 4665 faciat
1087 4629 1119 4663 au
1135 4615 1250 4664 uicturus
1267 4614 1288 4665 S
1357 4613 1384 4663 ll
1401 4618 1484 4682 respou-

217 4688 288 4740 ditS
298 4687 432 4754 respondis
451 4688 502 4736 LF
569 4687 705 4754 fingisorn
724 4685 750 4734 F
835 4687 867 4736 12
883 4694 981 4734 natatus
997 4686 1041 4736 FS
1058 4685 1170 4735 nutusL
1259 4685 1291 4735 14
1312 4679 1427 4744 numquid
1440 4676 1484 4725 taut

216 4770 343 4809 morturua
360 4757 439 4823 (corr.
460 4758 596 4807 moriturus
617 4756 654 4820 L)
673 4767 698 4806 et
716 4757 762 4804 uix
780 4756 826 4807 LS
844 4756 964 4817 numquid
987 4754 1047 4805 lacit
1066 4755 1204 4805 moriturus
1223 4763 1249 4803 et
1263 4754 1308 4803 uix
1327 4753 1351 4802 F
1414 4747 1441 4797 17
1455 4745 1484 4793 lt·

215 4825 389 4895 venalis]sct.
407 4827 433 4890 3,
451 4828 502 4877 254
569 4829 601 4878 at
617 4841 631 4876 o
646 4826 781 4877 aracaeF
792 4841 897 4890 oprusas
912 4823 1102 4888 LoneafiacS
1171 4822 1205 4875 23
1223 4826 1307 4891 egerit
1322 4809 1486 4886 LSegess'sslf

283 4901 317 4950 24
336 4912 522 4950 onanornnnoe
537 4896 558 4946 S
571 4897 724 4948 olalamenoa
743 4896 768 4945 L
786 4911 930 4947 nunninae
944 4897 970 4946 F
1037 4893 1071 4945 38
1090 4895 1194 4945 uomina
1211 4910 1260 4948 om.
1280 4893 1313 4957 L,
1331 4891 1388 4943 add.
1400 4888 1439 4938 FS
