3314 5506
591 381 800 444 carnotina
823 382 835 444 l
855 382 1028 447 att—1113
1415 389 1455 451 33

223 508 242 549 p.
256 494 356 537 tit—b)
369 496 394 538 Ρ.
1250 514 1272 558 p.
1288 501 1404 547 ratast.

184 569 219 628 isti
245 567 352 628 borum
373 569 499 629 istorum
532 568 576 629 bis
593 570 655 629 istis
688 570 742 630 bos
772 572 851 629 istos.
896 573 995 650 quinta
1022 572 1116 632 torma
1145 582 1189 633 est
1216 592 1291 652 quae
1322 576 1455 653 quinaria

157 724 158 729 ,
184 677 374 749 nuncupatur,
397 670 427 729 in
450 688 573 731 numero
598 678 709 731 tantum
735 672 824 732 modo
846 671 986 750 singulari
1014 679 1043 734 et
1063 691 1170 735 nomen
1197 678 1324 754 regitat
1347 695 1455 756 prono-

183 789 253 840 men,
279 771 328 832 bic
345 772 487 833 sacerdos
506 772 592 834 buius
613 774 772 834 sacerdotis
799 774 867 834 buic
889 774 1033 835 sacerdoti
1054 775 1134 836 hunc
1152 773 1345 857 saloerdotem
1367 796 1386 838 o
1408 797 1455 839 aa·

182 873 272 934 cordos
297 873 335 934 ab
357 874 416 935 boc
438 873 605 943 sacerdote;
635 893 798 953 pronomen
818 878 875 944 sic,
907 878 959 937 iste
988 878 1071 939 istius
1099 880 1145 938 isti
1169 879 1256 939 istum
1283 898 1301 939 o
1328 879 1365 940 ab
1389 882 1454 942 isto.

182 977 298 1054 minaria
329 977 425 1038 iorma
457 979 486 1037 in
501 976 514 1057 ll
532 994 654 1037 numero
687 976 794 1054 plurali
827 997 881 1038 neo
903 995 1010 1039 nornen
1042 980 1172 1040 continet
1203 998 1259 1042 nec
1281 999 1454 1060 pronomen.
1482 1008 1495 1046 a

182 1085 248 1137 reru
282 1079 377 1139 torma
407 1081 521 1140 senaria
550 1087 606 1147 est,
640 1081 670 1138 in
699 1097 823 1139 numero
852 1080 993 1157 singulari
1021 1083 1195 1158 pronomina
1219 1082 1281 1144 sola
1306 1085 1396 1161 regit,
1425 1087 1454 1144 tn

183 1177 273 1256 plurali
292 1180 383 1250 nulla,
404 1180 501 1242 nullus
523 1181 631 1242 nullius
654 1180 724 1242 nulli
747 1181 859 1243 nullum
885 1181 963 1243 nulle
986 1203 1002 1244 a
1026 1181 1114 1244 nullo.

550 1368 598 1429 DE
618 1367 837 1434 uaruuttcts
859 1369 1072 1431 VERBORVM.

254 1487 285 1548 ln
307 1488 365 1548 boc
386 1485 463 1547 libro
485 1488 572 1548 etiam
593 1488 630 1548 de
653 1487 750 1549 verbis
779 1488 926 1557 tractabo,
956 1491 1031 1549 sicut
1060 1497 1128 1550 ante
1155 1491 1285 1568 promisi.
1330 1508 1457 1569 quorum

191 1590 314 1649 rationem
335 1606 389 1667 per
406 1588 585 1667 singularum
605 1589 768 1651 litterarum
787 1589 912 1669 syllabas
933 1591 1045 1668 primae
1061 1590 1142 1652 verbi
1161 1608 1316 1671 personae,
1339 1592 1495 1671 qualemn

192 1689 262 1750 lroirt
282 1690 457 1758 secundam,
486 1690 564 1753 unde
590 1693 669 1752 modi
697 1694 858 1771 imperativi
880 1693 1009 1754 secunda
1039 1711 1164 1772 persona
1187 1696 1390 1771 eognoscitur,
1422 1712 1458 1756 ex

193 1806 236 1868 qur
256 1795 419 1872 coniugatio
441 1802 652 1871 cognoscetur,
679 1796 901 1870 diiipentr'ssime
925 1796 981 1854 boc
1002 1796 1118 1855 docebo.
1165 1803 1253 1874 atque
1281 1797 1399 1857 interim
1421 1796 1459 1857 de

195 1893 320 1956 uerlibus
342 1903 503 1956 tractemus
523 1897 625 1973 positis
653 1903 721 1957 ante
742 1898 927 1956 novissimam
954 1895 1081 1957 litteram
1107 1899 1222 1976 primae
1244 1897 1326 1959 verbi
1355 1916 1458 1978 perso·
1552 1952 1555 1960 .

196 2009 244 2055 tte.
270 1997 455 2058 inveniuntur
476 2005 572 2059 autem
595 1997 711 2059 vocales
730 2007 798 2060 ante
817 1999 1003 2058 novissimam
1022 1996 1149 2070 litteram
1169 2007 1240 2069 tres,
1263 2009 1459 2061 consonantes

196 2094 290 2166 nune,
312 2098 349 2160 de
371 2099 480 2179 quibus
501 2107 601 2177 postea
624 2100 804 2161 docebimus.
843 2102 938 2179 prima
960 2102 1128 2177 coniugatio
1148 2109 1210 2162 tres
1231 2101 1320 2163 babet
1342 2102 1458 2164 rocales
1473 2125 1499 2166 rs

197 2203 247 2258 arte
272 2202 454 2262 novissimam
490 2199 615 2262 litteram
648 2204 760 2281 primae
791 2201 871 2263 verbi
905 2219 1066 2280 personae:
1100 2205 1205 2280 recipit
1233 2223 1250 2265 e
1277 2211 1455 2284 correptam,

197 2314 305 2362 murteo
321 2319 470 2364 commeas
490 2321 632 2371 commea,
655 2306 674 2370 i.
698 2303 775 2364 lanio
795 2302 887 2364 lanias
909 2303 994 2372 lania,
1015 2323 1045 2374 u,
1066 2303 1177 2366 tinctuo
1198 2304 1324 2367 ssuctuas
1338 2305 1457 2368 fluotna.

198 2402 299 2463 munda
327 2405 494 2483 coniugatio
517 2424 533 2466 e
554 2405 648 2466 solum
677 2408 782 2484 recipit
810 2405 998 2483 productam,
1027 2405 1122 2484 doceo
1148 2406 1236 2468 doces
1259 2409 1345 2476 doce:
1372 2410 1458 2469 tertia

198 2512 306 2582 correpta
326 2505 409 2575 duas,
431 2509 450 2575 i,
470 2508 553 2586 rapio
572 2510 653 2586 rapis
674 2526 755 2586 rape,
780 2527 808 2575 u,
832 2526 886 2568 ruo
906 2510 967 2569 ruis
990 2526 1059 2577 rue;
1083 2510 1167 2568 tertia
1189 2509 1348 2587 producta,
1368 2527 1457 2588 quant

198 2604 290 2679 prun
312 2617 444 2687 quartam
468 2608 582 2678 dicunt,
606 2630 638 2679 e,
661 2610 750 2671 redeo
772 2610 850 2672 redis
871 2610 949 2679 redi,
979 2611 1004 2678 i,
1028 2612 1129 2670 munio
1151 2613 1249 2671 munis
1269 2612 1360 2671 muni.
1405 2611 1456 2674 sed
1470 2635 1496 2676 eo

198 2710 308 2779 mutarn
329 2718 387 2778 tota
410 2713 453 2771 vis
473 2710 631 2772 verborum
660 2714 689 2772 iu
713 2719 847 2790 tempore
871 2714 1003 2791 perlecto
1024 2712 1111 2773 modo
1140 2712 1297 2774 indicativo
1326 2715 1457 2776 coutine-

198 2811 239 2873 ιιι,
257 2812 325 2873 sicut
344 2815 372 2873 in
395 2813 525 2875 secunda
544 2831 668 2891 persona
686 2817 785 2875 eodem
805 2816 891 2874 modo
910 2822 1041 2891 tempore
1059 2819 1214 2892 praesenti
1232 2823 1261 2876 et
1277 2820 1308 2875 ia
1324 2818 1458 2876 recondo

195 2923 297 2980 murro
318 2915 404 2976 modo
420 2916 591 2992 imperativo
613 2922 745 2994 tempore
766 2917 913 2994 praesenti
935 2915 1108 2985 declinatur,
1131 2935 1185 2996 per
1203 2916 1332 2995 singulas
1346 2916 1458 2979 litterar
1541 2910 1546 2921 '

197 3011 283 3084 aduae
310 3033 455 3094 personae
487 3016 567 3076 verbi
599 3017 757 3079 doceamus
789 3017 947 3078 secundam
971 3014 1128 3096 personam
1157 3019 1288 3080 eiusdem
1317 3021 1458 3098 temporis

196 3119 318 3185 tnenriti
340 3120 466 3199 perlecti
487 3125 516 3179 et
538 3119 616 3178 modi
639 3099 801 3197 imperativi
823 3122 966 3198 temporis
988 3122 1151 3198 praesentis
1175 3121 1334 3182 secundam
1354 3110 1494 3199 perso-rs

196 3229 256 3281 tan.
276 3237 348 3299 quae
370 3222 401 3281 tlt
424 3220 529 3281 litteris
550 3221 667 3299 quidem
687 3222 796 3290 tribus,
824 3223 918 3283 modis
939 3241 1010 3284 rero
1032 3230 1187 3300 quattuor,
1216 3225 1292 3283 sicut
1316 3222 1457 3301 exemplis

195 3317 260 3390 paulo
279 3330 344 3384 ante
367 3323 542 3383 monstrari:
572 3342 587 3382 a
611 3341 691 3392 ama,
715 3323 893 3401 aproducta
917 3325 1005 3393 doce,
1029 3343 1046 3385 e
1069 3332 1205 3403 correpta
1229 3324 1308 3402 lege,
1332 3326 1341 3384 i
1364 3327 1454 3385 muni.

194 3425 254 3480 trtra
271 3423 323 3483 bos
341 3424 446 3484 modos
469 3425 573 3503 siquod
595 3425 716 3485 verbum
739 3427 941 3486 terminaverit
967 3425 1020 3487 alia
1047 3424 1141 3487 littera
1166 3420 1325 3487 secundam
1351 3444 1455 3505 perso·

194 3534 242 3581 nm
265 3526 339 3587 modi
364 3527 529 3604 imperativi
556 3528 696 3605 temporis
733 3529 909 3605 praesentis,
944 3527 1050 3588 nullius
1082 3529 1295 3606 coniugationis
1326 3529 1456 3589 continet

192 3624 317 3697 utonem,
342 3637 374 3689 ut
396 3647 429 3689 es
450 3629 498 3688 dic
520 3627 589 3688 velis
611 3629 694 3696 cedo,
717 3637 746 3688 et
763 3630 845 3708 siqua
867 3628 944 3689 talia.
962 3626 974 3712 ΙΙ
1466 3651 1492 3693 oo

253 3729 289 3790 E:
309 3730 385 3791 bano
408 3712 537 3790 litteram
559 3740 659 3790 anteo
681 3729 816 3791 babentia
837 3731 924 3793 verba
946 3741 996 3793 aut
1012 3732 1124 3810 primae
1145 3738 1214 3791 sunt
1235 3739 1286 3792 aut
1306 3732 1455 3794 secundae

190 3834 336 3894 antoniae
360 3833 533 3912 productae.
576 3833 600 3893 si
622 3833 733 3910 primae
755 3835 821 3903 sint,
842 3835 886 3893 ari
908 3834 1014 3894 lacient
1030 3835 1170 3913 temporis
1190 3835 1339 3912 praeteriti
1357 3838 1452 3915 prima

190 3944 289 4003 mona
318 3935 399 3995 modi
433 3934 594 4000 indicativi,
628 3942 660 3994 ut
693 3953 825 3995 commeo
855 3953 1003 3997 commeas
1033 3937 1209 4004 commeari;
1242 3938 1267 3996 si
1295 3937 1453 4007 secundae,

189 4040 224 4092 tut
239 4039 296 4107 cui,
326 4055 416 4098 arceo
438 4037 535 4105 arcui,
565 4036 681 4106 auidi,
705 4047 737 4097 ut
753 4038 884 4116 prandeo
907 4038 1026 4117 prandi,
1050 4039 1197 4099 interdum
1220 4045 1371 4100 crescente
1395 4056 1451 4100 una

236 4257 312 4310 1201
330 4274 383 4323 qua
402 4257 585 4323 coniugatione
601 4202 797 4323 eglllfflcererur·
815 4258 898 4322 adque
918 4258 943 4308 B
964 4259 1031 4309 rande
1049 4259 1197 4324 coniugatio
1215 4258 1372 4323 declaratur,
1395 4260 1451 4310 dili·

186 4328 309 4386 ttttiuiroe
326 4328 378 4380 boc
396 4328 509 4378 docebo:
528 4342 602 4392 tuque
614 4325 742 4379 Sacerdos
757 4345 787 4394 p.
800 4328 832 4378 111
917 4329 948 4380 18
967 4328 1079 4379 erolum
1099 4330 1189 4394 recipit
1207 4329 1354 4397 productam
1373 4329 1452 4382 doceo

185 4393 239 4448 loos
255 4401 315 4452 doce
339 4401 415 4450 tertia
436 4407 552 4504 corsrgipta
570 4413 587 4455 ς
610 4400 721 4448 osolum
743 4400 835 4463 recipit
855 4394 935 4449 doceb
953 4398 1030 4448 doces
1053 4399 1176 4464 producta
1199 4400 1273 4449 tertia
1293 4409 1408 4465 eorreptn
1428 4401 1452 4451 B

231 4521 262 4572 20
277 4523 343 4573 scire
358 4521 488 4571 debemus
505 4520 623 4582 quoniam
644 4520 669 4569 B
755 4521 788 4570 ‘22
810 4520 898 4569 eodem
918 4519 993 4568 modo
1006 4546 1040 4557 —
1053 4534 1162 4584 persona
1179 4534 1227 4569 om.
1247 4520 1284 4579 B,
1309 4519 1400 4570 addidi
1416 4537 1452 4571 err

182 4583 295 4643 Srreldooe
311 4608 340 4657 p.
360 4591 393 4644 61
488 4590 522 4640 24
547 4589 661 4639 eiusdem
679 4589 747 4638 modi
767 4592 888 4655 temporis
905 4589 1035 4639 Sacerdos
1052 4607 1077 4654 p.
1092 4590 1140 4638 ua:
1160 4591 1297 4640 secundam
1316 4605 1450 4654 personam

182 4659 231 4710 aaut
245 4663 375 4713 iodiutiri
393 4660 521 4725 temporis
539 4660 680 4724 praesentis
700 4666 724 4708 et
742 4661 848 4725 primam
863 4673 998 4726 personam
1018 4659 1132 4708 eiusdem
1151 4659 1220 4709 modi
1237 4661 1359 4725 temporis
1377 4675 1452 4726 prae·

180 4729 227 4778 oriri
240 4733 343 4798 perlecti
360 4732 478 4781 notarim
494 4731 591 4778 ridenrr
603 4731 779 4794 prommatieua
863 4731 897 4780 ²8
915 4729 1027 4778 secunda
1043 4743 1152 4795 persona
1168 4730 1193 4779 B
1265 4729 1301 4780 30
1317 4739 1344 4780 ιιι
1363 4745 1391 4780 es
1409 4731 1451 4781 dic

178 4793 282 4853 Soandos
293 4820 323 4868 p,
342 4803 379 4854 02
399 4807 429 4849 ιιι
450 4806 490 4848 est
511 4798 559 4848 dici
577 4798 603 4848 B
619 4810 646 4848 ιιι
664 4808 703 4849 est
719 4801 789 4856 sias
870 4801 903 4851 3⁹2
922 4801 964 4849 ani
984 4800 1044 4849 lient
1062 4797 1087 4847 B
1105 4799 1129 4847 ui
1148 4799 1276 4856 iaciente
1356 4801 1390 4852 ³4
1407 4811 1450 4850 ιιιιι

177 4869 205 4916 mi
217 4873 342 4924 &cerm
356 4891 386 4938 p.
406 4872 444 4922 62
463 4869 521 4917 ocati
538 4867 564 4917 B
582 4877 624 4918 aut
642 4870 668 4918 ni
687 4882 704 4926 ς

212 4979 371 5023 damur.
388 4977 466 5019 LAT.
484 4974 543 5015 1111.
1227 4957 1245 5021 3
