3314 5506
568 106 769 169 rusrrrvri
790 106 932 171 aurun
951 105 1119 191 aas-‚ais
1422 71 1424 75 ’
1451 109 1491 172 or

256 251 263 264 .
279 222 380 266 isam
394 221 422 263 n.
1289 223 1397 267 ‚aro-or
1414 224 1441 266 v.

179 234 259 356 itenl
281 302 315 356 et
334 293 393 356 alia
416 296 505 363 ratio,
530 313 586 374 qua
609 292 775 376 probantur
791 294 876 356 baec
905 292 1008 356 eadem
1032 295 1151 372 generis
1172 237 1337 357 commlluis
1362 296 1490 364 nomina,

179 414 267 475 qnae
293 396 427 457 diximus
451 397 629 457 nominativo
650 413 719 457 casu
747 399 865 458 numeri
886 394 1078 474 singularisa
1104 393 1206 459 littera,
1225 397 1393 465 terminari,
1423 415 1491 457 curn

179 515 304 575 genere
333 505 444 559 neutro
469 515 528 557 non
552 497 715 561 secuudum
742 515 836 577 genus
863 504 1001 560 nentrum
1019 495 1187 585 ,declinam
1215 496 1326 558 scilicet
1352 499 1490 575 quoniam

181 617 401 678 quaecumque
429 601 549 659 nomina
579 601 698 678 generis
728 602 825 661 neutri
852 595 1124 659 nominativo'casu
1153 599 1269 658 numeri
1295 596 1490 676 singularisa

180 699 286 762 littera
319 701 533 769 terminantur,
568 700 642 762 haec
672 700 709 762 ab
739 701 841 762 eodem
870 701 1049 762 nominativo
1079 718 1149 760 casu
1180 701 1296 760 numeri
1321 699 1488 778 singularis,
1515 728 1528 766 s

182 809 318 883 excepto
336 803 502 863 accusativo
525 809 554 863 et
572 805 703 863 vocativo
726 821 796 864 casu
816 804 933 864 numeri
954 800 1120 878 singularis,
1144 818 1219 878 quos
1239 800 1350 861 scilicet
1370 802 1489 862 uomina

183 906 312 982 generis
344 904 443 964 neutri
475 902 586 964 similes
617 922 685 964 cunr
718 905 896 965 nominativo
924 903 1035 965 habere
1069 903 1276 981 reperiuntur,
1311 904 1341 962 in
1374 910 1490 964 ceteros

184 1012 293 1067 autem
315 1021 401 1066 casus
423 1023 479 1083 per
502 1003 628 1084 syllabas
647 1014 799 1074 crescunt,
823 1003 836 1088 ΙΙ
858 1014 890 1066 ut
915 1013 985 1084 puta
1014 1003 1071 1064 hoc
1093 1002 1239 1080 glossema
1272 1003 1360 1065 huius
1379 1002 1490 1081 glosse-

186 1108 294 1168 matis:
324 1107 368 1166 sic
388 1115 417 1167 et
439 1123 491 1183 per
515 1115 645 1175 ceteros,
669 1114 702 1167 ut
724 1107 874 1188 dijxinrus,
896 1125 997 1175 casus,
1021 1116 1145 1185 excepto
1165 1107 1331 1167 accusativo
1353 1113 1383 1166 et
1404 1124 1488 1167 roca·

186 1208 248 1268 tiro
269 1224 344 1268 casu
364 1210 481 1291 numeri
501 1206 675 1284 singularis,
698 1227 752 1287 per
774 1207 900 1288 syllabas
920 1216 1066 1269 crescunt.
1111 1224 1190 1267 nunc
1213 1225 1280 1268 curn
1303 1206 1437 1269 Sarmata
1459 1215 1489 1268 et
1503 1228 1527 1269 ro

189 1316 292 1370 cetera
321 1307 392 1368 talia
420 1311 451 1370 in
479 1327 590 1387 genere
615 1317 721 1371 neutro
750 1330 765 1370 a
794 1312 972 1372 nominativo
1004 1328 1074 1370 casu
1107 1310 1222 1370 numeri
1246 1308 1403 1387 singularis
1435 1326 1489 1388 per

189 1417 309 1472 ceteros
337 1426 425 1472 casus
450 1409 539 1472 talem
567 1429 673 1472 sonum
703 1412 800 1473 lacere
827 1429 886 1472 nou
910 1413 1114 1490 reperiantur,
1150 1419 1179 1471 et
1204 1410 1271 1471 ideo
1294 1429 1361 1470 cum
1384 1410 1488 1472 eodem

189 1529 302 1591 genere
323 1519 432 1573 neutro
454 1513 617 1574 secundum
633 1512 823 1582 locutionem,
845 1531 905 1574 uon
926 1512 1088 1574 secundum
1104 1530 1197 1591 genus
1214 1495 1352 1574 neutrum
1372 1518 1490 1590 oportet

190 1611 345 1675 dedicari.
378 1615 448 1674 item
468 1622 497 1675 et
519 1614 574 1675 alia
594 1617 677 1685 ratio,
701 1633 758 1693 qua
780 1616 944 1694 probantur
966 1616 1040 1676 haec
1063 1614 1164 1675 eadem
1187 1616 1304 1692 generis
1323 1615 1488 1675 communis

190 1717 327 1786 nomina,
357 1734 433 1794 quae
456 1716 583 1777 diximus
611 1717 789 1777 nominativo
811 1735 882 1786 casu
908 1718 1024 1777 numeri
1047 1715 1203 1794 singularis
1225 1714 1355 1777 alittera
1385 1717 1484 1776 terrui·
1501 1735 1525 1776 rs

190 1819 271 1888 nari,
296 1834 366 1878 cnm
386 1835 495 1895 genere
519 1826 623 1879 neutro
646 1836 705 1878 non
726 1818 890 1880 secundum
910 1836 1004 1897 genus
1022 1824 1161 1879 neutrum
1186 1815 1342 1885 declinari;
1375 1816 1488 1878 scilicet

191 1918 333 1998 qnoniam
358 1935 564 1998 quaecumque
585 1922 704 1981 nomina
733 1921 851 1997 generis
873 1922 971 1981 neutri
997 1921 1176 1981 nominativo
1198 1936 1268 1980 casu
1290 1920 1407 1980 numeri
1428 1920 1487 1979 siu-

191 2018 303 2106 gularis
326 2039 344 2080 a
367 2019 465 2081 littera
497 2023 708 2090 terminantur,
739 2021 813 2082 haec
844 2039 934 2082 sonos
960 2022 1079 2082 Latinos
1110 2020 1229 2082 efficere
1261 2039 1320 2080 non
1353 2026 1486 2099 possunt.

191 2123 261 2182 item
282 2123 451 2202 quaeritur,
480 2140 537 2200 qua
558 2122 596 2184 de
615 2142 702 2184 causa
729 2122 802 2183 baec
825 2126 1064 2202 suprascriptae
1087 2123 1200 2184 formae
1223 2123 1342 2184 nomina
1370 2122 1488 2200 generis

192 2224 359 2285 communis
378 2240 443 2284 esse
465 2225 611 2287 dicantur.
655 2223 711 2285 hac
734 2225 771 2286 de
792 2242 898 2295 causa,
926 2227 1066 2304 quoniam
1092 2242 1296 2304 quaecumque
1324 2223 1525 2286 masculinam

193 2323 335 2386 vocabula
363 2326 543 2387 nominativo
570 2343 640 2387 casu
672 2319 790 2388 nume’ri
814 2325 973 2405 singularis
998 2345 1015 2386 a
1041 2325 1136 2388 littera
1165 2327 1363 2387 terminantur
1392 2333 1421 2387 et
1450 2347 1486 2387 ex

190 2445 244 2489 sna
264 2427 367 2504 specie
393 2426 534 2488 vocabula
555 2428 695 2489 feminina
717 2429 816 2490 lacere
836 2436 973 2506 possunt,
1004 2429 1077 2489 haec
1099 2427 1203 2490 eadem
1227 2430 1346 2489 nomina
1368 2430 1487 2504 generis

193 2529 446 2589 communicasse
467 2515 706 2606 pronuntiantur.
752 2530 788 2591 de
816 2530 912 2592 iorma
934 2532 1051 2609 generis
1073 2531 1255 2600 communis,
1281 2548 1340 2608 qua
1362 2529 1487 2591 ablativo

193 2648 260 2690 casu
288 2631 407 2719 numeri
433 2629 592 2707 singularis
619 2633 737 2712 nomina
759 2651 776 2692 a
806 2631 903 2693 littera
931 2632 1128 2694 terminantur
1158 2640 1187 2693 et
1209 2632 1387 2692 nominativo
1415 2650 1487 2694 casu

192 2733 307 2794 umori
328 2730 486 2810 singularis
508 2734 535 2794 ia
557 2731 663 2794 litteris
686 2733 880 2803 deliniuntur,
912 2741 1056 2815 quantum
1084 2734 1159 2794 ratio
1193 2733 1349 2812 poscebat,
1379 2740 1485 2794 bacta-
1500 2751 1525 2791 as
1595 2770 1604 2792 r

193 2833 295 2895 rimus.
991 2901 995 2909 ‚

274 2935 318 2997 lle
339 2932 467 2996 ablativo
491 2953 561 2997 casn
583 2939 701 2998 numeri
718 2936 892 3015 singularis,
920 2937 971 3015 qui
992 2955 1028 2997 ex
1051 2953 1162 3014 genere
1183 2937 1333 2998 communi
1353 2957 1370 2998 a
1390 2935 1486 2998 littera

194 3039 383 3107 terminatur,
410 3045 552 3115 quantum
575 3040 649 3099 ratio
671 3038 818 3118 poscebat,
838 3040 1043 3108 tractavimus;
1073 3048 1102 3099 et
1124 3039 1189 3099 ideo
1217 3039 1276 3099 iam
1303 3038 1340 3098 de
1361 3036 1486 3098 ablativo

195 3156 260 3201 casu
281 3140 401 3200 numeri
423 3138 589 3216 singularis,
613 3142 663 3221 qni
686 3140 818 3202 elittera
841 3142 1026 3221 terminatur,
1049 3141 1234 3217 incipiamus.

275 3240 318 3302 ue
339 3260 365 3303 e.
411 3259 428 3300 e
449 3240 545 3304 littera
568 3232 711 3304 ablativus
731 3260 817 3303 casus
837 3243 953 3304 numeri
968 3241 1124 3319 singularis
1142 3242 1316 3302 terminatus
1337 3239 1484 3321 duplicem
1498 3257 1524 3299 so

196 3340 394 3404 declinationis
417 3344 547 3405 continet
574 3345 709 3405 sormam.
754 3362 814 3405 una
835 3345 912 3404 enim
931 3351 994 3412 est,
1019 3363 1096 3424 quae
1116 3343 1153 3405 ab
1176 3363 1192 3404 e
1214 3344 1360 3422 producto
1386 3345 1485 3405 venire
1544 3406 1552 3423 ,

195 3443 379 3523 intellegitur,
399 3443 455 3506 alia
476 3463 556 3516 vero,
578 3465 655 3530 quae
673 3445 710 3507 ab
731 3465 748 3506 e
769 3453 908 3524 correpto
928 3447 1028 3508 venire
1048 3447 1213 3525 reperitur;
1237 3452 1266 3506 et
1286 3445 1353 3507 ideo
1375 3446 1485 3506 utrius·

197 3563 248 3625 que
267 3546 383 3608 lormae
406 3548 551 3608 rationem
571 3547 742 3608 subicimus.

273 3647 317 3710 ue
338 3667 356 3709 e
375 3648 532 3728 producto.
577 3648 712 3712 elittera
742 3651 887 3728 producta
914 3649 1057 3712 ablativus
1079 3666 1165 3711 casus
1192 3638 1486 3726 numeri'singularis

198 3751 367 3811 mineus
389 3749 562 3811 femininum
582 3766 676 3827 genus
698 3754 829 3813 continet
846 3759 968 3814 tantum.
1234 3798 1237 3803 -
1498 3763 1524 3804 ⁸⁵

275 3853 449 3930 llo-genere
469 3852 619 3914 feminino.
650 3853 783 3914 leminini
805 3855 924 3931 generis
946 3854 1065 3914 nomina
1080 3853 1182 3914 Latina
1198 3849 1211 3936 ΙΙ
1228 3852 1387 3921 dumtaxat,
1410 3871 1487 3932 quae

201 3950 315 4016 ablativo
343 3971 414 4015 casu
442 3955 559 4015 numeri
585 3953 745 4033 singularis
769 3974 785 4016 e
813 3954 909 4016 littera
940 3956 1085 4035 producta
1109 3956 1323 4026 terminantur,
1353 3955 1428 4015 baec
1455 3955 1486 4014 in

203 4058 371 4117 nominativo
395 4074 466 4117 casu
486 4057 603 4118 numeri
625 4054 783 4135 singularis
802 4075 860 4118 una
882 4057 938 4118 bac
959 4058 1054 4118 lorma
1080 4057 1261 4118 deliniuntur
1282 4064 1412 4126 tantum,
1432 4057 1485 4126 ies,

204 4162 230 4215 n
248 4164 316 4235 puta
344 4157 382 4219 ab
404 4158 460 4219 bac
487 4159 586 4237 specio
614 4156 688 4219 baec
714 4161 845 4238 species,
874 4167 904 4220 et
936 4159 972 4220 ad
1001 4158 1255 4238 boemiemplum
1283 4156 1484 4224 declinantur:

207 4261 308 4320 numeri
334 4259 492 4338 singularis
524 4259 596 4320 baec
618 4261 733 4338 species
765 4259 852 4322 buius
877 4262 986 4340 speciei
1021 4261 1090 4321 huic
1111 4260 1221 4340 speciei
1254 4260 1524 4338 talesperiano

264 4429 277 4479 l
293 4430 433 4494 probantur
448 4429 486 4479 Br
503 4429 623 4495 probatur
641 4430 664 4481 li
717 4431 838 4483 8-nutem
857 4448 901 4481 om.
917 4448 940 4492 a,
959 4430 1057 4482 adun
1112 4430 1146 4482 lo
1162 4436 1274 4480 sarmata
1291 4445 1359 4481 corr.
1378 4432 1484 4482 ermuli

210 4500 334 4550 ⁸11nt
350 4500 541 4566 glossematao
612 4501 645 4551 12
665 4514 714 4550 uon
734 4516 779 4551 om.
795 4502 844 4561 Bo,
862 4499 965 4550 addit
1035 4501 1067 4551 lt
1088 4501 1228 4565 probantur
1245 4517 1261 4550 r
1279 4501 1418 4567 probentur
1435 4500 1486 4550 RB

264 4569 295 4619 24
312 4571 417 4621 nomine
434 4584 482 4621 orn.
499 4570 532 4631 R,
552 4569 615 4623 odd.
635 4586 665 4620 rr
734 4570 881 4623 38tantu1n
898 4573 935 4621 ies
953 4570 993 4619 rB
1011 4578 1107 4622 tantum
1126 4571 1196 4622 esll
