3314 5506
217 367 258 459 e‘e
806 392 920 455 33333
1031 433 1037 444 .

284 513 349 553 Aoo.
359 511 385 553 so
400 511 426 551 u.
978 528 984 539 ·
1298 519 1321 561 3.
1332 504 1418 550 md!
1428 506 1460 550 V.

216 523 386 646 haeliorma
409 583 527 660 generis
547 581 726 650 communis,
750 599 809 666 qua
824 580 955 641 diximus
976 577 1100 641 ablativo
1123 596 1193 640 casu
1215 575 1333 640 numeri
1354 578 1515 658 singularis

217 687 337 746 nomina
360 703 376 744 a
399 684 496 744 littera
511 683 674 743 ¹terminari
700 688 730 742 et
753 683 931 743 nominatim
955 699 1026 741 casu
1044 681 1172 742 'numeri
1194 678 1351 758 singularis
1372 698 1389 741 a
1414 678 1513 743 littera

217 784 349 855 deliniri,
371 783 451 865 quod
472 803 508 845 ex
524 801 558 845 33
580 782 646 863 3133
669 801 755 861 quam
777 785 926 860 octogiuta
947 789 1059 863 septem
1079 783 1158 850 soni,
1182 781 1299 843 1333331
1318 790 1515 862 3333333313-

217 888 296 965 giuta
318 895 432 966 septem
457 887 586 955 uomina,
608 903 667 945 non
691 885 805 964 possint
825 884 968 946 exhiberi.
1012 884 1049 946 dc
1071 883 1166 944 forma
1194 882 1313 961 generis
1335 885 1511 952 communis,

191 1007 275 1069 equa
303 987 428 1049 ablativo
456 1006 527 1048 casu
555 989 671 1047 numeri
694 985 851 1063 singularis
880 987 997 1046 uomina
1019 1004 1036 1046 a
1058 984 1155 1046 littera
1182 986 1381 1047 terminantur
1408 992 1440 1046 ct
1460 1002 1512 1045 no·

217 1089 356 1151 minatiro
377 1077 447 1149 casu
468 1089 586 1148 numeri
604 1087 761 1167 singularis
778 1106 794 1147 a
810 1087 907 1147 littera
930 1087 1120 1155 deliniuntur,
1144 1092 1285 1167 quantum
1309 1085 1385 1147 ratio
1407 1104 1509 1167 posce·

217 1190 276 1261 hat,
300 1191 502 1251 tractatimus.
719 1182 724 1192 '

304 1291 404 1352 11313.
449 1291 791 1370 (333333333333333133
819 1291 937 1368 generis
958 1290 1124 1350 communis
1151 1287 1278 1350 ablativo
1300 1306 1373 1351 casu
1394 1291 1508 1352 numeri

218 1391 413 1472 singularisu
441 1391 539 1463 littera
569 1392 766 1452 terminantur
799 1398 828 1452 et
854 1392 1129 1452 nominativocasu
1160 1393 1276 1452 numeri
1303 1389 1509 1469 singularisir

181 1494 340 1564 3311113313,
370 1495 478 1554 33313
502 1491 628 1572 syllaba,
657 1492 853 1564 deliniuntur,
882 1501 915 1552 ut
941 1500 1011 1570 puta
1040 1491 1077 1554 ah
1099 1491 1157 1555 hoc
1178 1500 1208 1554 et
1231 1491 1268 1554 ah
1290 1492 1347 1553 1333
1369 1491 1509 1562 custodia,

220 1596 268 1658 hic
287 1602 317 1657 31
337 1594 411 1656 13333
431 1593 573 1663 custodia,
592 1593 666 1654 haec
687 1594 722 1654 ad
746 1594 804 1654 hoo
823 1593 990 1672 exemplum
1011 1592 1212 1656 declinantur:
1242 1595 1362 1655 numeri
1383 1577 1509 1672 singido-

220 1699 261 1758 ris
282 1697 330 1759 hic
352 1696 473 1758 ethaeo
495 1695 636 1764 custodia,
657 1695 743 1756 huius
765 1702 794 1756 et
816 1694 905 1757 huius
929 1695 1095 1765 custodiae,
1117 1695 1187 1757 huic
1210 1702 1239 1756 31
1259 1694 1328 1756 huic
1351 1697 1509 1765 custodiae,

219 1797 300 1860 huno
320 1807 349 1859 31
371 1798 449 1859 13333
470 1796 645 1866 custodiam,
670 1814 688 1856 o
710 1805 740 1857 et
762 1791 944 1866 ocustodia',
966 1796 1003 1857 ab
1025 1797 1082 1857 hoc
1103 1805 1133 1858 et
1152 1796 1189 1858 ab
1210 1797 1266 1858 hac
1286 1796 1436 1867 custodia:
1459 1815 1510 1859 uu·

220 1901 296 1962 meri
317 1899 438 1979 pluralis
460 1899 490 1960 hi
510 1906 539 1960 et
560 1898 616 1959 hae
637 1898 796 1967 custodiae,
820 1899 926 1958 horum
947 1906 977 1959 et
998 1899 1102 1960 harum
1126 1899 1335 1968 custodiarum,
1358 1897 1407 1959 his
1424 1905 1454 1959 et
1467 1898 1511 1959 his

182 2023 207 2064 33
221 2002 370 2071 custodiis,
393 2001 448 2062 hos
466 2008 495 2062 et
516 2000 569 2061 has
591 2000 746 2070 custodias,
770 2019 789 2059 o
809 2007 838 2060 et
856 2019 873 2059 o
896 1999 1055 2069 custodiae,
1077 1999 1114 2061 ab
1130 2001 1176 2061 his
1194 2000 1273 2062 3131)
1289 1999 1335 2061 his
1353 1998 1509 2083 custoldirs.

220 2105 263 2165 sic
286 2111 315 2165 et
336 2111 434 2164 cetera
456 2101 525 2163 talia
550 2103 668 2180 generis
691 2102 856 2162 communis
882 2103 1015 2170 nomina,
1050 2120 1125 2181 quae
1152 2100 1277 2185 ablativo
1299 2118 1370 2162 casu
1397 2102 1511 2163 numeri

220 2203 377 2282 singularis
405 2222 420 2263 a
447 2204 544 2264 1111333
573 2204 767 2264 terminantur
797 2211 822 2264 et
854 2204 1030 2264 nominativo
1059 2223 1129 2265 casu
1158 2204 1275 2265 numeri
1301 2202 1461 2282 singularis
1486 2205 1511 2264 ia

220 2302 338 2375 litteris,
368 2322 428 2365 nou
455 2307 481 2365 ia
509 2303 635 2384 syllaba,
664 2304 859 2374 deliniuntur,
887 2305 923 2365 ad
951 2304 1118 2383 exemplum
1148 2304 1297 2366 custodiae
1325 2323 1381 2384 per
1411 2322 1512 2366 omues

221 2424 306 2469 33333
334 2405 528 2468 declinantur.
545 2400 559 2489 ΙΙ
574 2423 652 2483 3333
677 2407 707 2467 13
730 2405 786 2466 hac
814 2406 1002 2484 supradicta
1031 2407 1127 2468 iorma
1155 2407 1213 2468 hoc
1234 2424 1404 2476 monemus,
1433 2407 1512 2489 qnod

182 2528 209 2571 ro
222 2526 425 2587 quaecumque
447 2509 566 2568 uomina
589 2509 706 2585 generis
727 2505 840 2569 scilicet
865 2510 1030 2569 communis
1053 2526 1145 2570 unum
1169 2507 1330 2589 quemlihet
1353 2525 1454 2590 333313
1476 2509 1512 2571 ed

220 2609 345 2670 iormam
369 2609 520 2671 custodiae
542 2610 640 2671 iacere
659 2610 860 2677 inveniuntur,
889 2609 962 2670 haec
985 2611 1080 2671 dativo
1103 2617 1132 2672 et
1152 2609 1278 2671 ablativo
1299 2628 1371 2673 casu
1397 2612 1513 2673 numeri

221 2709 343 2790 pluralis
361 2718 428 2771 aute
451 2710 581 2772 ultimam
603 2717 813 2772 consonantem
835 2727 890 2788 per
911 2711 984 2772 duas
1005 2713 1014 2772 i
1036 2710 1147 2773 litteras
1168 2711 1351 2774 scribuntur.
1395 2714 1468 2775 item
1483 2715 1513 2775 iu

220 2812 286 2874 hac-
299 2830 390 2891 sopra
413 2813 489 2874 dicta
512 2812 607 2873 iorma
630 2815 792 2891 quaeritur,
811 2830 867 2890 qua
891 2813 927 2874 de
951 2830 1037 2874 causa
1058 2814 1177 2875 nomina
1197 2815 1227 2874 in
1249 2814 1345 2875 dativo
1366 2813 1413 2876 331
1434 2813 1513 2876 ohla-

221 2916 279 2976 tivo
309 2933 379 2974 casu
407 2915 524 2974 numeri
552 2912 674 2993 pluralis
702 2920 770 2975 3313
797 2913 929 2975 ultimam
959 2921 1169 2976 consonantem
1195 2933 1249 2994 per
1276 2916 1349 2977 duas
1370 2917 1382 2977 i
1403 2915 1514 2978 litteras

182 3016 399 3078 asscribentur.
443 3014 498 3075 hac
532 3014 569 3075 de
601 3033 704 3092 causa,
735 3017 873 3094 quoniam
907 3034 1112 3095 quaecumque
1145 3019 1264 3078 nomina
1292 3016 1418 3079 ablativo
1445 3036 1513 3080 casu

221 3118 337 3179 numeri
360 3115 518 3195 singularis
540 3135 556 3177 a
579 3115 674 3177 littera
695 3119 906 3186 terminantur,
937 3118 1011 3178 hacc
1033 3118 1128 3179 dativo
1150 3117 1196 3180 vel
1218 3118 1343 3181 ablativo
1364 3137 1436 3181 casu
1460 3136 1514 3181 nu·

220 3220 295 3281 meri
324 3217 446 3297 pluralis
477 3236 544 3280 cum
573 3218 678 3280 eodem
706 3218 831 3280 ablativo
863 3236 932 3281 casu
962 3222 1079 3281 numeri
1107 3219 1264 3298 singularis
1295 3223 1363 3301 pari
1390 3226 1514 3283 3313333

220 3321 399 3402 syllabarum
422 3328 542 3400 oportet
562 3321 756 3400 pronuntiari.
798 3339 878 3381 nunc
898 3320 954 3382 hoc
975 3340 1130 3383 monemus
1149 3323 1178 3382 in
1202 3322 1258 3383 hac
1280 3323 1374 3384 torma
1397 3323 1514 3403 generis

221 3424 401 3494 communis,
426 3442 482 3502 (333
509 3422 635 3484 diximus
656 3420 781 3484 ablativo
807 3441 876 3485 casu
905 3425 1021 3484 numeri
1047 3423 1205 3502 singularis
1233 3424 1349 3485 nomina
1376 3412 1513 3487 31111333

181 3525 337 3586 mdessniri
363 3533 392 3586 31
419 3526 598 3586 nominativo
623 3542 693 3586 casu
720 3527 837 3586 numeri
869 3523 1026 3604 singularis
1053 3527 1081 3585 ia
1109 3524 1230 3595 litteris,
1258 3543 1315 3586 non
1342 3527 1368 3587 ia
1394 3526 1513 3606 syllaba,

220 3626 351 3694 deliniri,
382 3626 460 3704 quod
482 3645 518 3687 ex
537 3645 571 3688 33
594 3625 661 3705 3133
683 3621 770 3705 quant
797 3628 914 3705 triginta
945 3628 1003 3689 duo
1025 3628 1105 3696 soni,
1136 3627 1260 3690 1333331
1285 3646 1373 3706 quam
1397 3629 1513 3709 triginta

220 3727 279 3788 duo
302 3728 431 3796 nomina,
455 3744 513 3787 non
536 3729 651 3807 possint
672 3726 816 3788 exhiheri.

306 3828 383 3888 Sane
408 3828 437 3887 in
468 3828 514 3889 his
543 3846 632 3908 supra
659 3830 779 3906 scriptis
795 3829 908 3890 'formis
936 3832 1054 3908 generis
1081 3833 1245 3895 communis
1275 3831 1332 3893 hoc
1351 3848 1513 3902 monemus,

221 3930 314 4009 quod,
341 3930 364 3989 si
384 3929 515 3991 eiusdem
536 3930 650 3992 iormae
670 3932 789 3992 uomina
814 3933 933 4009 generis
955 3930 1066 3993 scilicet
1088 3935 1253 3995 communis
1280 3950 1315 3994 ex
1337 3950 1391 3995 sua
1418 3936 1515 4014 specie

181 4038 251 4093 3331
272 4029 308 4090 ad
329 4048 438 4109 genera
461 4037 566 4092 neutra
594 4038 759 4103 transeant,
784 4031 856 4094 haec
883 4050 942 4093 nou
965 4035 1129 4096 secundum
1157 4052 1251 4114 gertus
1280 4041 1436 4106 neutrum,
1464 4036 1514 4098 sed

220 4149 276 4212 pro
296 4131 444 4194 locutione
466 4133 525 4194 sint
546 4131 733 4210 accipienda,
764 4141 885 4212 utputa
910 4135 1107 4215 ‘mancipium
1137 4135 1276 4198 choraula
1284 4140 1304 4207 '‚
1334 4137 1437 4218 utique
1457 4155 1514 4198 oon

220 4232 296 4295 ‘hoc
318 4233 458 4296 choraula
477 4234 685 4313 mancipium'‚
715 4236 767 4297 sed
791 4235 867 4297 ‘hoc
888 4239 1068 4315 mancipium
1092 4237 1232 4298 choraula
1255 4242 1317 4298 est'
1347 4240 1443 4319 accipi
1465 4238 1514 4301 de·

219 4334 297 4406 beat,
319 4336 351 4398 id
374 4344 473 4398 estut
495 4337 533 4398 sit
555 4336 611 4397 hoc
634 4339 814 4416 mancipium
836 4341 954 4416 generis
975 4341 1073 4400 neutri
1093 4347 1122 4400 31
1142 4339 1282 4401 choraula
1304 4339 1383 4401 salvo
1407 4359 1517 4420 genero

220 4456 274 4498 suo
296 4455 375 4498 nunc
402 4437 522 4500 locutio.
566 4439 608 4500 sic
630 4447 659 4500 ct
681 4446 779 4502 cetera
807 4439 874 4501 talia
902 4441 1034 4502 eiusdem
1063 4442 1175 4502 1333333
1202 4444 1323 4519 generis
1350 4446 1517 4506 communis

180 4541 354 4610 ononida,
377 4541 403 4600 31
426 4559 461 4601 ex
482 4558 535 4601 333
555 4542 655 4620 333313
676 4541 712 4603 ad
735 4559 845 4620 genera
867 4551 972 4604 neutra
996 4551 1162 4614 transcant,
1191 4551 1260 4604 sunt
1286 4530 1523 4622 pronuntiando,

289 4786 306 4839 3
330 4789 458 4854 octogiuta
475 4796 573 4854 septem
596 4791 653 4840 soni
677 4789 726 4842 hoc
746 4799 785 4841 est
803 4806 878 4855 quam
903 4793 1031 4856 octoginta
1053 4799 1150 4858 septem
1174 4791 1320 4842 nominali
1343 4807 1439 4843 mnu
1461 4794 1517 4844 soni

220 4857 269 4908 hoc
287 4867 325 4908 est
344 4873 420 4922 quom
437 4874 519 4909 xxxvi
538 4861 642 4910 nomina
658 4861 683 4910 B
752 4861 786 4911 39
804 4863 841 4911 313
861 4872 884 4911 31
904 4871 986 4911 331333
1002 4860 1053 4911 alis
1071 4861 1097 4911 B
1114 4861 1151 4911 sio
1167 4869 1251 4911 cetero
1267 4861 1318 4910 ulie
1335 4862 1357 4913 a
