3314 5506
224 358 264 426 80
810 308 925 425 [ἸὶΟΒΙΙ

290 504 297 518 .
338 477 356 520 ι.
404 477 429 520 ιι.
1308 504 1316 517 .
1383 476 1457 523 ar.

223 477 523 611 Ιὶυέιὶιεοᾱὲὶιιίιιιιιιιι
541 555 571 608 et
586 555 685 626 aptota
708 566 772 610 esse
792 566 852 624 nun
873 550 1078 618 inveniuntur,
1099 549 1172 610 haec
1194 468 1412 626 ἰηᾱίςοῖιῑᾚ
1432 551 1506 613 ced·

224 650 293 719 hus,
321 668 376 728 per
398 668 473 730 quos
494 657 656 730 appareant
680 650 825 730 adquam
849 650 973 710 formam
999 651 1147 729 pertinere
1174 650 1370 729 reperiantur.
1414 668 1508 733 quare

223 740 426 833 quaecumque
452 753 570 813 nomina
598 753 716 828 generis
739 750 889 813 masculini
917 751 1094 817 nominativo
1114 769 1184 812 casu
1206 752 1323 813 numeri
1349 750 1508 830 singularis

222 871 255 913 ee
276 852 380 913 litteris
400 852 596 924 deliniuntur,
623 860 747 932 excepte
775 856 938 915 accusativo
962 850 1032 914 casu
1058 854 1174 914 numeri
1200 851 1313 914 scilicet
1338 852 1507 933 singularis,

196 956 247 1018 asi
269 953 357 1016 alium
383 954 545 1035 quemlihet
571 973 671 1017 casum
700 957 736 1017 ad
761 955 885 1017 turmam
905 956 1049 1017 Anchisae
1076 956 1173 1017 tacere
1199 956 1406 1034 reperiuntur,
1435 961 1510 1017 tuuc

222 1057 295 1118 haec
314 1074 369 1135 per
390 1059 505 1118 ceteros
524 1074 610 1118 casus
631 1057 667 1118 ad
691 1075 796 1119 sunum
818 1057 963 1120 Anchisae
984 1055 1176 1118 declinantur.

307 1158 348 1220 [le
370 1159 534 1219 accusativo
557 1176 627 1219 casu
649 1160 763 1219 numeri
785 1157 949 1237 singularis.
973 1161 1022 1238 qui
1044 1176 1080 1220 en
1103 1157 1206 1219 litteris
1225 1157 1385 1223 defluithr.'
1416 1176 1507 1239 quae-

222 1278 348 1340 cumque
372 1261 490 1321 numina
520 1261 637 1338 generis
664 1258 816 1323 masculini
847 1263 1012 1321 accusativo
1045 1254 1115 1321 casu
1143 1260 1259 1321 numeri
1290 1258 1505 1339 singularium

221 1359 325 1423 litteris
342 1361 524 1423 deliniuntur
545 1368 574 1423 et
594 1370 692 1440 aptota
714 1379 777 1423 esse
800 1381 858 1422 nun
885 1364 1084 1432 inveniuntur,
1108 1361 1182 1424 haec
1203 1361 1336 1440 indigent
1352 1359 1417 1425 eliis
1434 1363 1505 1425 cast·

98 1507 109 1534 .
185 1485 209 1526 ιο
222 1462 293 1533 hus,
320 1480 374 1541 per
396 1481 471 1543 quos
491 1472 654 1543 appareant
671 1465 707 1525 ad
735 1482 821 1543 quam
844 1465 967 1526 turmam
999 1464 1147 1542 pertinere
1172 1465 1371 1543 reperiantur.
1415 1482 1505 1545 quare

200 1582 426 1647 unaecunque
457 1567 574 1627 nomina
600 1567 718 1643 generis
743 1565 894 1645 masculini
921 1568 1084 1653 accusativo
1111 1584 1181 1627 casu
1206 1567 1323 1627 numeri
1348 1565 1504 1644 singularis

222 1683 259 1728 eu
278 1665 383 1729 litteris
407 1667 587 1729 definiuntur
614 1675 644 1729 et
663 1674 762 1747 aptota
784 1686 847 1730 esse
873 1686 931 1727 non
953 1668 1154 1735 inveniuntur.
1183 1674 1305 1746 excepto
1328 1667 1503 1729 nominatim

220 1787 290 1831 casu
317 1770 432 1831 numeri
460 1768 632 1846 singularis,
666 1772 691 1831 si
718 1768 805 1830 alium
831 1767 991 1848 quemlihet
1019 1787 1117 1831 casum
1144 1769 1180 1831 ad
1207 1769 1333 1831 formam
1361 1769 1503 1831 Anchisae

219 1870 317 1932 lacere
335 1869 341 1954 Ι
360 1873 563 1950 reperiuntur,
590 1879 660 1932 tunc
681 1870 755 1932 haec
782 1889 836 1951 per
858 1879 972 1933 ceteros
992 1889 1077 1932 casus
1101 1870 1137 1932 ad
1164 1888 1270 1932 sonum
1287 1869 1435 1933 Anchisae
1454 1871 1503 1935 de·

183 1971 373 2036 reclinantur.
988 1956 993 1966 ’
1296 2037 1301 2047 ,

304 2075 346 2137 lle
366 2077 497 2135 vocativa
516 2093 585 2136 casu
614 2075 728 2136 numeri
752 2072 921 2152 singularis,
946 2076 996 2152 qui
1023 2093 1039 2134 e
1065 2073 1159 2135 littera
1187 2075 1372 2137 terminatur.
1415 2093 1503 2155 quae·

220 2195 347 2256 eumque
365 2177 483 2237 nomina
507 2178 625 2253 generis
647 2175 798 2237 masculini
817 2177 946 2237 vocativo
967 2194 1035 2237 casu
1058 2178 1173 2237 numeri
1192 2175 1350 2254 singularis
1372 2197 1388 2239 e
1409 2176 1503 2239 littera

120 2349 122 2352 ¹
220 2280 413 2347 terminantur
433 2286 460 2337 et
480 2286 577 2355 aptota
595 2296 658 2339 esse
678 2296 735 2339 nun
757 2279 954 2347 inveniuntur,
976 2277 1049 2339 haec
1070 2278 1200 2356 indigent
1219 2277 1282 2338 aliis
1301 2278 1428 2348 casibus.
1450 2297 1503 2358 per

220 2397 294 2458 quos
315 2387 476 2458 appareant
501 2380 538 2440 ad
561 2396 648 2458 quam
670 2380 794 2441 termam
823 2381 971 2459 pertinere
993 2381 1187 2459 reperiantur.
1232 2396 1324 2457 quare
1345 2398 1502 2459 quaecum·

182 2500 209 2543 ae
221 2499 278 2561 que
297 2480 416 2542 nemina
434 2482 550 2558 generis
573 2466 724 2542 masculini
741 2483 871 2542 vocativo
887 2499 955 2550 casu
978 2483 1092 2542 numeri
1114 2479 1270 2558 singularis
1292 2499 1309 2542 e
1330 2480 1429 2543 littera
1445 2489 1503 2543 ter·

221 2578 367 2642 minantur
399 2588 428 2643 et
448 2588 545 2661 aptota
568 2600 632 2644 esse
659 2601 719 2642 nun
745 2584 950 2652 inveniuntur,
981 2585 1006 2643 si
1035 2581 1124 2644 alium
1156 2582 1318 2660 quemlihet
1346 2601 1447 2645 casum
1467 2582 1502 2644 ud

221 2685 346 2746 turmam
365 2683 508 2745 Anchisae
526 2683 623 2761 lacere
644 2685 841 2763 reperiuntur,
862 2695 932 2745 tunc
946 2682 1019 2745 haec
1040 2703 1094 2763 per
1111 2692 1225 2745 ceteras
1241 2702 1327 2746 casua
1348 2683 1503 2747 adstruunt

220 2785 363 2847 Anchisae
384 2784 575 2848 declinantur.

305 2887 399 2956 Nunc,
420 2889 473 2949 etsi
492 2890 557 2967 quis
580 2905 665 2948 casus
686 2905 771 2965 quem
792 2887 828 2947 ad
853 2888 972 2949 rhodum
994 2906 1082 2967 quem
1102 2905 1201 2947 casum
1219 2894 1304 2964 regat
1320 2887 1503 2951 remenura-

181 3010 208 3051 ιι
222 2991 323 3061 vimus.
346 2996 473 3051 attamen
495 2998 524 3050 et
545 2989 642 3068 aliqua
664 2991 782 3050 nomina
804 2989 997 3059 subiciemus,
1020 2989 1182 3068 exquibus
1204 2990 1270 3068 quis
1295 3007 1384 3069 quem
1404 3007 1503 3052 casum

220 3100 304 3170 regat
323 3090 459 3153 facillime
481 3091 658 3153 dinoscatur.
703 3101 735 3151 ut
754 3099 824 3170 puta
843 3109 908 3151 cum
932 3091 1010 3152 dicat
1028 3089 1170 3168 Vergilius

370 3191 437 3255 ille
458 3194 560 3254 inter
584 3211 783 3271 navemque
805 3192 918 3272 Gyae,

220 3298 376 3359 nunciam
397 3296 561 3374 quaeritur,
590 3297 681 3356 ceteri
708 3314 793 3356 casus
814 3295 892 3374 Gyae
920 3295 955 3354 ad
979 3313 1065 3374 quarn
1093 3294 1217 3354 sormam
1246 3295 1396 3372 pertinere
1420 3313 1503 3375 repe·

219 3399 351 3467 riantur;
376 3404 405 3458 et
424 3398 498 3464 ideo.
519 3408 550 3458 ut
571 3398 600 3457 in
617 3396 823 3476 superioribus
841 3398 1038 3463 tractavimus,
1058 3397 1102 3456 sic
1119 3404 1148 3456 et
1170 3394 1298 3473 pruhere
1319 3396 1503 3468 debebimus,

180 3517 206 3559 ae
220 3501 247 3561 id
270 3507 314 3562 eat
332 3505 363 3561 ut
383 3499 469 3560 huius
483 3494 496 3583 ΙΙ
512 3517 629 3578 qunque
652 3500 779 3559 nominis
800 3516 886 3559 casus
907 3497 1068 3558 secundum
1087 3497 1299 3575 supradictam
1321 3498 1503 3578 disciplinam

219 3621 307 3682 quem
328 3600 365 3662 ad
387 3601 506 3671 modum
529 3603 669 3679 cuiusque
689 3601 802 3661 formae
824 3618 912 3680 quem
931 3618 1030 3660 casum
1049 3607 1153 3676 regant
1171 3601 1397 3678 prospiciamus.
1426 3617 1503 3663 hunc

219 3721 286 3763 cum
309 3702 385 3763 dicat
406 3702 481 3762 idem
501 3701 643 3778 Vergilius

372 3801 515 3862 turham
536 3805 636 3863 inter
659 3803 922 3881 fremitumque
943 3801 1051 3881 Gyae,

219 3907 320 3983 utique
341 3904 398 3964 iam
421 3904 497 3982 Gyas
527 3903 561 3962 ad
591 3905 715 3965 turmam
737 3906 851 3964 Aeneae
878 3902 1055 3970 declinatum
1084 3901 1194 3964 scilicet
1216 3904 1370 3981 quoniam.
1399 3905 1504 3964 sicuti

181 4008 251 4066 aiin
271 4004 476 4084 superioribus
503 4005 707 4073 tractavimus,
735 4005 812 4083 quod
837 4023 1040 4083 quaecumque
1070 4008 1184 4066 nemina
1209 4007 1325 4084 generis
1351 4004 1504 4068 masculini

219 4109 354 4186 genetivo
376 4124 446 4167 casu
473 4109 586 4167 numeri
613 4105 769 4184 singularis
791 4127 825 4167 ae
852 4105 955 4166 litteris
979 4107 1157 4167 deliniuntur
1185 4118 1213 4167 et
1234 4109 1415 4169 nominativo
1434 4125 1505 4171 casu

218 4210 334 4271 numeri
358 4206 514 4288 singularis
542 4226 576 4268 as
600 4206 703 4269 litteris
729 4205 959 4277 concluduntur,
992 4207 1066 4269 haec
1092 4209 1127 4268 ad
1154 4209 1278 4269 termam
1305 4211 1423 4271 Aeneae
1451 4227 1505 4289 per

219 4320 333 4374 ceteros
354 4329 439 4373 casus
461 4308 653 4372 declinantur.
697 4311 767 4372 item
790 4311 950 4389 quaeritur,
973 4309 1010 4369 ah
1034 4328 1069 4370 ec
1087 4310 1166 4388 quud
1189 4310 1260 4370 dixit
1280 4308 1428 4390 Vergilius

771 4413 867 4492 Gyan
889 4428 1070 4489 superare
1098 4419 1299 4473 morantem

182 4519 300 4598 ”Gyan
331 4515 367 4579 ad
395 4533 482 4596 quam
514 4513 637 4575 termam
671 4521 804 4593 operteat
835 4513 992 4574 declinare.
1038 4515 1138 4594 utique
1170 4513 1206 4574 ad
1228 4516 1359 4586 Aeneae,
1393 4513 1509 4577 scilieet

287 4687 443 4737 htuncorn.
464 4685 497 4745 B,
516 4683 618 4735 aridii
690 4684 722 4737 la
740 4685 948 4735 nmueriscilicet
965 4683 1146 4750 singularisB
1214 4687 1246 4734 tt
1265 4694 1368 4751 regutr
1389 4694 1463 4752 reget
1480 4687 1508 4737 B

219 4758 344 4807 debeatli
390 4759 424 4808 26
438 4753 580 4822 Vergilius]
592 4755 746 4809 Aenvlssll
793 4755 1055 4821 30supredictamlt
1073 4754 1285 4822 suprudatemB
1330 4753 1362 4806 81
1382 4755 1508 4821 regnares

264 4823 698 4893 3⁴2idemVrrgilius]Aen.V152
746 4823 780 4876 38
793 4822 933 4892 Vergilius]
947 4826 1009 4878 Aea.
1019 4826 1040 4873 V
1052 4823 1100 4874 184
1152 4824 1351 4890 conponeret?
1367 4827 1507 4890 cpcrretli
