3314 5506
306 148 321 183 κ
554 112 749 175 msrr'rvrs
774 98 913 174 rn'rrnn
936 111 1104 174 ser-sor
1410 111 1469 172 ms

234 245 256 284 p.
270 231 361 273 m-it
374 229 401 271 ll.
1265 241 1287 282 p.
1300 227 1377 269 ibi—i
1392 226 1420 269 V.

266 303 310 364 lle
331 303 389 363 ius.
434 319 638 381 quaecumque
659 301 778 361 nomina
800 300 917 378 generis
939 298 1091 361 masculini
1112 299 1238 360 ablativo
1261 317 1332 361 casu
1354 300 1471 359 numeri

183 403 384 488 nugulariso
408 402 505 465 littera
531 404 726 464 terminantur
753 412 783 464 et
810 403 989 464 nominativo
1016 421 1086 463 casu
1115 403 1231 463 numeri
1258 399 1413 478 singularis
1434 419 1470 460 us

182 504 291 586 syllaba
313 512 383 585 post
404 507 414 564 i
435 503 563 565 litteram
585 505 779 573 definiuntur,
811 515 843 566 ut
864 513 934 586 puta
950 502 964 586 ΙΙ
978 504 1014 565 ab
1036 505 1094 564 boc
1115 503 1291 581 Sempronio
1315 502 1365 562 hic
1387 502 1469 562 Sem·

181 609 320 687 pronius,
344 607 419 668 haec
441 606 477 668 ad
500 607 558 667 hoc
579 607 745 684 exemplum
769 606 968 669 declinantur:
997 608 1114 668 numeri
1135 604 1292 683 singularis
1318 604 1365 664 hic
1387 605 1469 665 Sem-

180 713 306 789 pronius
334 709 424 770 buius
444 709 611 786 Sempronii
638 708 707 769 hnic
730 710 906 787 Sempronio
937 709 1016 770 bunc
1038 706 1245 796 Sempronium
1276 707 1470 785 oSemproni
1495 731 1508 769 s

180 811 217 872 ab
244 811 305 872 boc
331 811 523 889 Sempronio,
554 812 670 872 nunreri
693 810 815 888 pluralis
841 811 871 870 bi
894 812 1062 890 Sempronii
1089 807 1205 892 bolrum
1224 810 1469 888 Semproniornm

179 914 226 975 liis
246 912 433 991 Semproniis
460 911 515 973 bos
537 912 730 990 Sempronius
761 933 779 973 o
806 912 974 990 Sempronii
1004 912 1040 974 ab
1063 913 1109 973 his
1135 913 1326 991 Semproniis.
1369 911 1411 971 sic
1441 919 1471 971 et

179 1014 235 1077 alia
256 1017 377 1094 generis
394 1013 545 1076 masculini
564 1016 692 1095 nomina,
712 1034 787 1094 rpnae
804 1013 929 1075 ablativo
947 1033 1015 1075 casn
1038 1016 1152 1074 numeri
1168 1012 1323 1091 singularis
1340 1034 1359 1073 o
1374 1012 1470 1073 littera

180 1118 379 1179 terminantur
401 1124 431 1178 et
445 1117 625 1177 nominativo
646 1135 715 1177 casu
736 1118 851 1177 numeri
873 1116 1029 1195 singularis
1051 1134 1085 1175 ns
1101 1114 1209 1195 syllaba
1232 1125 1299 1195 post
1319 1115 1470 1176 ilitteram

179 1219 376 1289 deliniuntur,
400 1219 436 1279 ad
459 1217 626 1296 exemplum
648 1214 814 1297 Sempronii
837 1236 890 1296 per
912 1237 1015 1279 omnes
1039 1237 1125 1279 casus
1152 1217 1347 1278 declinantur.
1391 1234 1470 1278 nunc
1484 1237 1509 1279 ro

178 1323 207 1382 in
232 1321 290 1382 bac
312 1321 409 1381 iorma
430 1323 549 1398 generis
570 1319 735 1389 masculini,
764 1340 820 1400 qna
840 1321 966 1382 diximus
989 1319 1113 1381 ablatiro
1134 1339 1202 1380 casu
1230 1321 1345 1380 numeri
1370 1320 1470 1396 singu-

178 1423 249 1484 laris
277 1423 398 1483 numina
417 1442 436 1483 o
457 1422 552 1483 littera
581 1424 733 1483 terminari
761 1431 789 1483 et
811 1423 989 1484 nominativo
1018 1441 1088 1483 casn
1116 1423 1231 1482 numeri
1258 1420 1413 1500 singularis
1434 1439 1470 1481 ns

178 1524 289 1606 syllaba
321 1531 391 1604 post
410 1526 422 1584 i
442 1524 569 1586 litteram
599 1525 730 1593 definiri,
760 1526 927 1603 quaeritur,
954 1543 1012 1604 qua
1040 1524 1076 1585 cle
1099 1541 1185 1584 eausa
1215 1525 1363 1584 vocativus
1385 1539 1470 1584 casus

178 1627 297 1689 numeri
309 1619 477 1706 ‘singularis
500 1625 536 1687 ab
558 1625 704 1705 aliquibus
724 1626 895 1694 nominibus
917 1629 927 1686 i
946 1625 1041 1687 littera
1062 1627 1237 1687 terminetur
1257 1633 1286 1686 et
1307 1624 1344 1686 ab
1365 1623 1469 1704 aliqui·

178 1728 232 1790 bus
255 1749 273 1790 e
296 1727 393 1789 littera
416 1728 579 1798 deliniatur,
603 1736 722 1806 utputa
744 1728 920 1790 ollercnrii
942 1737 972 1790 et
994 1748 1011 1788 o
1029 1731 1086 1808 pie.
1115 1746 1207 1808 qnare
1224 1727 1281 1789 boc
1302 1745 1466 1795 monemus,
1482 1746 1508 1786 rs

179 1831 257 1912 quod
289 1829 350 1890 boc
376 1831 509 1891 insonis
543 1836 734 1909 conpetenter
766 1838 892 1892 tractare
923 1830 1091 1892 debeamus.
1137 1832 1206 1891 item
1238 1831 1268 1891 in
1295 1829 1350 1890 lrac
1379 1847 1469 1907 snpra

180 1934 288 2012 scripta
312 1931 408 1992 lorma
428 1934 591 2012 qrraeritur,
614 1950 672 2012 qna
694 1933 731 1994 de
752 1950 838 1993 cansa
857 1953 875 1992 o
893 1931 1030 1994 llercnrii
1052 1950 1106 2011 per
1126 1931 1185 1994 dno
1202 1934 1211 1993 i
1228 1931 1384 1993 scribatur.
1414 1931 1470 1991 hae

181 2034 216 2095 de
236 2053 343 2104 cansa,
367 2035 506 2112 proriam
528 2053 731 2114 quaecumque
756 2037 874 2096 nomina
897 2034 1022 2095 ablativo
1045 2053 1114 2096 casu
1138 2035 1255 2096 numeri
1276 2032 1432 2111 singularis
1451 2053 1469 2093 o

183 2135 276 2198 littera
301 2136 500 2198 terminantur
520 2144 551 2196 et
571 2136 749 2197 nominativo
773 2155 843 2198 casn
871 2138 985 2197 numeri
1007 2136 1162 2215 singularis
1184 2135 1349 2217 ussyllaba
1372 2138 1469 2214 posti

185 2234 306 2299 litteram
334 2237 528 2307 definiuntur,
555 2237 628 2299 haec
651 2241 817 2299 vocativum
839 2257 938 2300 casnm
964 2241 1079 2300 numeri
1101 2238 1257 2316 singularis
1286 2256 1352 2299 cum
1373 2241 1468 2299 nomi·
1482 2257 1508 2299 eo

189 2340 276 2401 ratim
299 2357 372 2400 casn
400 2339 531 2401 eiusdem
556 2343 673 2401 numeri
696 2339 854 2417 singularis
880 2342 945 2420 pari
972 2360 1096 2402 numero
1123 2335 1300 2421 syllabarum
1321 2340 1469 2411 scribant3

194 2446 219 2500 ct
233 2441 298 2503 ideo
320 2462 341 2503 o
357 2440 499 2503 llercnrii
521 2460 574 2520 per
597 2443 671 2503 (luas
689 2444 698 2502 i
717 2441 829 2503 litteras
850 2442 942 2504 scribi
963 2446 1181 2521 pronuntiatur.

265 2544 342 2606 Sanc
358 2545 395 2604 in
414 2543 472 2606 bac
493 2562 586 2627 snpra.
603 2544 679 2606 dicta
701 2546 796 2605 lorma
819 2545 876 2605 boc
894 2563 1058 2616 monemus,
1081 2547 1160 2628 qnod
1181 2545 1238 2607 lroc
1255 2563 1346 2607 unum
1361 2564 1469 2607 nomen

202 2652 309 2716 notum,
339 2646 369 2708 id
392 2654 437 2706 est
461 2644 550 2715 alins,
573 2666 660 2726 quam
683 2649 808 2708 maxime
830 2655 953 2727 propter
972 2656 1136 2709 structuras
1158 2650 1293 2726 genetivo
1322 2655 1353 2709 et
1373 2648 1469 2709 dativo

206 2760 256 2806 tam
270 2749 385 2809 numeri
399 2745 556 2826 singularis
575 2750 617 2810 sic
640 2748 773 2810 anomale
794 2750 1000 2811 confirmatum
1021 2753 1058 2810 sit
1073 2750 1232 2831 cleJiclinari,
1251 2750 1310 2811 lroc
1325 2758 1370 2811 est
1383 2749 1469 2812 buius
1482 2765 1507 2806 aa

209 2844 261 2908 tius
275 2847 341 2911 hnic
359 2849 425 2918 atii;
451 2858 482 2911 at
504 2869 573 2911 cero
594 2869 648 2930 per
669 2860 785 2912 eeteros
806 2869 891 2912 casus
917 2852 953 2912 acl
973 2870 1079 2913 sonum
1102 2853 1270 2931 Sempronii
1292 2851 1398 2914 debeat
1418 2852 1469 2913 (le-

212 2942 293 3011 tlbari.
321 2969 402 3013 nunc
423 2953 509 3013 etiam
532 2950 589 3013 lroc
611 2971 775 3023 monemus,
799 2954 878 3032 qnod
902 2952 959 3015 boc
977 2972 1066 3032 supra
1085 2955 1195 3015 dictum
1215 2972 1323 3015 nornen
1345 2961 1469 3033 propter

213 3057 278 3112 littra
296 3054 325 3114 iu
344 3054 439 3117 isdem
460 3073 549 3134 supra
567 3055 652 3116 dictis
671 3055 788 3118 casibus
809 3064 839 3116 et
858 3054 991 3117 anomale
1013 3064 1042 3116 et
1063 3074 1122 3115 non
1141 3055 1274 3117 anomale
1294 3056 1468 3134 permissum

215 3146 386 3217 inmari.
416 3156 468 3218 sed
491 3157 548 3217 boc
570 3176 677 3218 nornen
700 3177 757 3237 qua
780 3158 917 3218 decanea
941 3159 971 3217 in
992 3176 1080 3236 snpra
1103 3159 1188 3219 dictis
1209 3157 1326 3219 casibus
1347 3166 1469 3237 propter

216 3254 342 3319 mauras
369 3260 412 3318 sie
440 3258 575 3321 anomale
603 3259 808 3321 confirmatum
837 3262 874 3321 sit
902 3261 1085 3338 pronuntiari
1110 3267 1140 3322 et
1162 3263 1192 3321 in
1211 3261 1313 3321 menis
1334 3259 1507 3321 anomaleao

216 3356 234 3404 α
246 3369 289 3416 mn
307 3364 444 3422 anomoie
466 3362 642 3440 permissum
671 3362 708 3422 sit
735 3360 888 3432 declinari,
918 3380 984 3422 cnm
1006 3361 1042 3422 acl
1065 3364 1211 3424 rationem
1235 3369 1400 3423 metrorum
1423 3362 1468 3424 vel

217 3453 595 3533 lliiltttrrarum‘renerimus,
617 3463 677 3525 illic
698 3471 892 3543 conpetenter
913 3463 1114 3525 tractabimus.
1518 3454 1521 3459 ’

273 3559 336 3625 ltem
352 3565 388 3625 'in
410 3564 466 3625 bac
486 3583 576 3643 supra
597 3567 704 3645 scripta
727 3566 821 3626 lorma
843 3567 1004 3646 quaeritur,
1027 3585 1083 3645 qna
1106 3566 1143 3627 de
1165 3585 1252 3627 cansa
1274 3567 1393 3627 numina
1416 3585 1470 3647 per

219 3646 296 3732 ‘llice
314 3683 403 3745 supra
431 3665 591 3728 declinatus
614 3685 699 3729 casus
725 3686 780 3746 per
802 3668 875 3728 duas
898 3670 907 3729 i
928 3666 1040 3742 litteras
1061 3671 1248 3748 reperiantur
1270 3667 1369 3730 scribi.
1413 3669 1470 3730 ime

219 3746 242 3809 ll
255 3775 339 3836 busa,
362 3769 502 3848 quoniam
521 3788 724 3850 quaecumque
742 3772 860 3831 nomina
883 3773 1002 3848 generis
1023 3770 1177 3842 masculini
1200 3773 1379 3832 nominativo
1398 3789 1469 3833 casn
1482 3783 1507 3824 ³⁵

135 3930 139 3952 ‚
220 3864 300 3928 nlmni
324 3868 484 3948 singularis
515 3890 550 3931 us
580 3870 690 3952 syllaba
718 3879 786 3951 post
813 3871 972 3934 ilitteram
1002 3874 1197 3940 deliniuntur,
1234 3874 1308 3934 haec
1340 3875 1470 3952 exceptis

135 4016 138 4047 ,
220 3965 321 4030 ³litoralis
342 3979 371 4031 et
392 3973 528 4049 genetivo
552 3991 620 4035 casn
647 3975 763 4034 numeri
786 3973 907 4052 pluralis
932 3993 987 4054 per
1009 3983 1124 4036 ceteros
1145 3994 1232 4036 casus
1254 3976 1318 4054 pari
1346 3993 1470 4037 numero

220 4052 355 4164 sillibanum
378 4081 496 4152 oportet
515 4075 617 4136 scribi.
652 4077 723 4136 item
743 4084 772 4136 et
793 4074 850 4136 alia
873 4076 1018 4156 probatio,
1042 4094 1099 4154 qua
1120 4077 1265 4138 (locentur
1286 4077 1359 4138 baec
1380 4095 1470 4156 supra

136 4198 139 4205 ·
221 4148 285 4228 lille
306 4173 415 4237 iormae
434 4180 440 4250 Ι
459 4178 580 4263 nomina
605 4179 636 4238 in
658 4195 747 4256 supra
769 4178 854 4238 dictis
883 4177 999 4239 casibus
1026 4197 1080 4258 per
1102 4181 1175 4240 duas
1197 4181 1207 4239 i
1230 4178 1342 4239 litteras
1368 4178 1468 4248 scribi,

139 4302 144 4365 3
221 4269 318 4335 lllssiam
337 4295 541 4358 quaecumque
563 4281 683 4341 nomina
710 4283 829 4356 generis
852 4280 1003 4342 masculini
1031 4278 1155 4342 ablativo
1179 4299 1248 4342 casn
1270 4283 1386 4341 numeri
1409 4282 1468 4340 sin·
1482 4286 1508 4328 ⁴⁰

221 4485 240 4541 Μ
264 4432 341 4506 lpum
358 4463 374 4496 v
392 4457 452 4498 ante
468 4448 517 4501 RB
587 4449 620 4501 13
638 4458 697 4516 post
713 4467 727 4500 o
744 4460 802 4502 ante
819 4451 870 4502 RB
938 4453 973 4502 24
991 4450 1066 4516 alius}
1086 4451 1215 4506 Priscian.
1233 4467 1261 4516 p.
1278 4452 1338 4501 727.
1356 4452 1409 4504 686

221 4514 324 4606 *tiron
341 4517 460 4570 anomale
476 4535 523 4575 om.
543 4520 603 4582 ΗΒ,
622 4521 717 4571 adda
822 4521 856 4573 32
874 4520 927 4571 illie
944 4538 960 4571 r
978 4522 1015 4572 ibi
1031 4521 1066 4584 li,
1082 4536 1128 4572 om.
1147 4522 1172 4571 B
1274 4521 1437 4571 tractabimus
1454 4537 1470 4569 r

228 4575 344 4637 ‘limiam
360 4587 411 4639 RB
