3314 5506
231 390 292 455 sss
800 383 953 466 [suasu]

231 493 344 635 catilli
363 492 477 635 eppa:-
496 571 722 634 declinationem
754 569 907 632 baberent.
952 573 994 633 slc
1027 581 1057 633 et
1088 571 1201 652 ipsibus
1233 571 1332 636 lilibus
1360 592 1412 655 pro
1437 573 1487 638 ll‘n

231 677 315 738 cuius
336 677 381 737 rei
403 675 485 736 testis
507 681 552 736 est
573 671 693 735 Plautus
715 670 760 734 vel
777 673 905 745 Ennius,
927 675 978 754 qui
999 676 1040 736 ait
1057 672 1165 736 libat
1185 674 1324 754 longai
1349 692 1401 756 pro
1419 673 1487 737 ltro

229 778 364 858 Longae:
386 796 454 839 nam
477 785 507 838 et
528 774 666 854 Virgilius
692 775 814 854 pictal
836 776 953 836 restis
980 794 1037 856 pro
1058 777 1155 856 pictae
1176 784 1207 838 et
1227 777 1259 836 in
1279 775 1320 838 lll

380 877 482 940 aulai
501 877 622 939 medio
643 874 813 937 libabant
833 874 971 956 pocula
993 876 1131 939 Bacchi

202 998 284 1062 apro
306 979 407 1042 ‘aulae
428 982 460 1041 in
482 979 609 1042 medio’.

312 1083 422 1146 Eccum
443 1099 609 1162 pronomen
631 1089 692 1152 est,
714 1099 785 1143 ecce
806 1080 904 1151 illum,
927 1077 1098 1142 scamellum
1120 1079 1304 1143 diminutive.

311 1184 394 1246 Licet
420 1182 590 1264 qualitatem
617 1183 784 1262 significent
811 1184 1005 1263 pronomina,
1033 1183 1274 1262 conparationem
1301 1184 1423 1263 recipere
1439 1198 1481 1243 nou

227 1294 365 1368 possunt,
387 1287 527 1367 quoniam
550 1283 645 1366 qualis
667 1283 782 1365 qualior
804 1294 854 1346 aut
876 1283 1061 1364 qualissimus
1082 1284 1183 1346 dicere
1204 1302 1265 1346 non
1285 1302 1436 1365 possumus

311 1388 392 1450 luter
417 1389 594 1469 pronomina
622 1395 652 1448 et
678 1384 819 1448 articulos
845 1387 888 1447 sic
914 1386 1122 1448 discernimus:
1160 1389 1336 1467 pronomina
1360 1405 1410 1468 pro
1429 1387 1481 1466 lp&

191 1505 216 1547 ro
229 1488 397 1552 nominibus
419 1497 586 1569 ponuntur;
617 1486 733 1550 articuli
754 1506 824 1550 vero
846 1487 883 1548 ab
905 1487 1029 1550 articulo
1050 1490 1115 1569 ipso
1136 1488 1310 1551 vocabulum
1336 1493 1479 1555 summi

226 1593 267 1654 ita
294 1600 327 1653 ut
354 1598 456 1653 exerto
484 1588 608 1652 articulo
635 1589 761 1671 aliquem
790 1597 840 1652 aut
865 1589 976 1670 aliquid
1003 1589 1253 1661 demonstremus,
1286 1598 1319 1652 ut
1348 1599 1410 1670 puta
1431 1587 1480 1648 ‘bic

228 1693 316 1755 bomo
338 1693 409 1754 lecit
430 1692 460 1754 id
483 1694 634 1771 negotium
643 1697 663 1764 ’,
685 1692 781 1773 palam
805 1701 851 1753 est
871 1691 1018 1754 omnibus.
1045 1692 1186 1754 articulus
1207 1709 1280 1770 ergo
1302 1700 1332 1753 et
1350 1689 1479 1772 participis

225 1796 418 1876 praeponitur
444 1797 476 1856 in
504 1793 713 1865 declinatione,
742 1803 775 1856 ut
803 1794 851 1855 bic
884 1795 994 1855 docens
1022 1792 1108 1856 bulus
1137 1793 1283 1864 docentis,
1314 1794 1361 1855 bic
1386 1803 1478 1870 uterque

225 1896 314 1960 buius
335 1899 501 1978 utriusque,
525 1898 574 1959 bic
596 1895 670 1958 alius
690 1897 778 1957 buius
800 1894 883 1957 alius.

188 2101 212 2143 u
681 2082 919 2145 EXPLANATIO
941 2082 1062 2144 vunssl.

310 2219 438 2282 Verbum
466 2228 513 2281 est
538 2238 607 2299 pars
634 2221 790 2292 orationis,
819 2239 887 2281 oum
915 2218 985 2299 quid
1013 2227 1117 2298 agatur
1138 2218 1183 2279 vel
1212 2228 1309 2281 actum
1331 2215 1477 2296 agendumve

224 2323 262 2384 sit
283 2320 457 2383 indicamus.
502 2321 592 2382 verbo
618 2320 755 2384 accidunt
782 2322 905 2402 qualitas
932 2322 1104 2400 significatio
1133 2321 1248 2400 species
1278 2328 1387 2401 tempus
1408 2318 1476 2396 Qun

224 2433 366 2485 numerus
393 2440 520 2503 persona
549 2424 725 2502 coniugatio.
771 2422 895 2504 qualitas
923 2431 982 2494 est,
1010 2424 1077 2503 quia
1105 2431 1155 2484 aut
1181 2421 1312 2484 absoluta
1334 2429 1397 2484 sunt
1413 2416 1477 2479 verba

224 2533 254 2586 et
274 2523 367 2587 semel
394 2524 503 2604 aliquid
532 2543 586 2587 nos
607 2525 706 2587 lacere
727 2525 875 2596 indicant,
904 2534 936 2586 ut
956 2525 1023 2585 dico
1046 2542 1149 2596 curro,
1178 2532 1229 2584 aut
1250 2523 1477 2605 frequencius

187 2625 290 2707 aoplus
312 2629 414 2689 nescio
436 2626 505 2707 quid
526 2628 736 2706 significantia,
765 2636 798 2689 ut
824 2627 903 2688 dicto
931 2627 1050 2688 cursito.
1093 2626 1282 2688 inveniuntur
1304 2645 1376 2707 quae
1395 2624 1427 2684 de
1443 2619 1477 2681 rb·

223 2729 327 2791 solutis
348 2730 379 2790 ln
402 2729 616 2823 irequentatipa
639 2747 699 2790 non
721 2737 890 2801 nauseant,
913 2738 945 2790 nt
966 2729 1042 2790 laoio
1065 2726 1179 2810 [lactol.
1216 2746 1312 2809 neque
1333 2729 1405 2788 enim
1424 2724 1477 2784 lado

224 2830 283 2892 dici
304 2838 403 2913 potest
423 2831 479 2892 nisi
503 2833 657 2911 conposito
682 2830 785 2902 verbo,
815 2841 848 2891 nt
869 2840 914 2892 est
941 2830 1091 2892 calelacto.
1135 2839 1206 2892 sunt
1228 2829 1316 2892 rerba
1337 2837 1366 2891 et
1386 2827 1478 2890 medita·

222 2933 297 2993 tinae
321 2930 475 3012 qualitatis,
499 2931 606 3012 quibus
628 2951 689 2994 non
710 2941 792 2994 actus
814 2932 865 2993 sed
888 2932 993 3013 agendi
1015 2941 1172 3013 apparatus
1194 2932 1366 3001 ostenditur,
1388 2939 1415 2991 ut
1432 2942 1478 3008 pct-

222 3036 309 3096 turio.
355 3045 424 3097 sunt
452 3042 482 3094 et
507 3033 691 3096 inchoativae
718 3033 883 3115 qualitatis,
913 3044 945 3097 ut
966 3033 1080 3096 calesco
1103 3036 1248 3104 lerresoo,
1272 3052 1346 3114 quae
1367 3028 1478 3114 praeteri·

183 3155 209 3196 as
223 3143 284 3198 tum
307 3136 473 3216 perlectum
496 3156 555 3197 non
579 3136 697 3198 babent.
742 3138 915 3216 significatio
938 3136 1094 3198 verborum
1117 3144 1161 3197 est
1189 3155 1279 3217 quam
1301 3154 1391 3215 genus
1410 3129 1479 3194 noni·

221 3247 307 3299 nant:
331 3257 366 3299 ea
387 3246 439 3299 aut
460 3241 553 3300 activa
576 3247 634 3310 est,
659 3248 691 3299 ut
712 3236 793 3318 lego,
817 3246 867 3299 aut
887 3239 1017 3317 passiva,
1046 3244 1078 3299 ut
1100 3237 1197 3317 legor,
1227 3246 1279 3299 aut
1301 3235 1443 3305 neutralis,
1458 3238 1480 3291 ul

220 3348 281 3411 sto,
310 3349 361 3402 aut
388 3340 556 3419 deponens,
585 3348 618 3401 ut
645 3358 760 3402 nascor.
804 3341 881 3401 banc
908 3339 1026 3420 quidam
1055 3338 1155 3401 itidem
1178 3347 1211 3399 ut
1232 3341 1411 3420 superiorem
1429 3350 1479 3396 nau·

219 3441 324 3504 tralem
352 3448 465 3504 vocant.
511 3449 570 3503 tam
601 3443 675 3502 baec
707 3445 830 3504 activam
860 3460 919 3503 non
952 3442 1041 3504 habet
1073 3440 1314 3511 declinationem.
1344 3459 1425 3521 quam
1447 3433 1480 3496 illa

218 3546 372 3625 passivam.
404 3554 465 3605 tum
487 3543 562 3605 haec
583 3543 732 3605 interdurn
755 3545 785 3604 in
809 3542 1003 3606 declinatione
1025 3545 1137 3625 passiva
1160 3550 1259 3604 actum
1288 3544 1437 3622 significat,
1459 3544 1481 3597 ul

179 3664 205 3706 so
219 3655 264 3708 est
284 3646 398 3728 loquor,
421 3665 509 3727 quam
532 3645 582 3708 illa
603 3648 634 3707 iu
657 3647 750 3707 activa
772 3645 967 3708 declinatione
993 3647 1055 3727 pati
1081 3646 1240 3724 significat,
1265 3660 1297 3706 ua
1323 3654 1367 3707 est
1392 3638 1480 3723 rapula.

217 3750 384 3810 communis
409 3749 584 3826 significatio
618 3749 717 3828 specie
744 3757 857 3810 motum
885 3750 1028 3852 passivae·
1044 3747 1249 3808 declinationis
1282 3747 1384 3809 eadem
1412 3744 1481 3807 actia

217 3859 304 3930 atque
327 3851 440 3930 passiva
463 3858 520 3910 est:
549 3858 620 3911 tunc
642 3852 734 3912 activa
756 3850 933 3921 dinoscitur,
962 3868 1029 3911 cum
1052 3851 1079 3909 ei
1100 3850 1132 3909 in
1154 3866 1294 3910 sermone
1315 3867 1398 3911 carru
1416 3860 1481 3909 assu

217 3954 325 4013 sativus
347 3953 530 4031 adiungitur,
563 3960 595 4013 ut
622 3951 776 4014 ‘consolor
806 3952 963 4021 lratrem’;
992 3951 1105 4031 passiva
1133 3958 1247 4021 autem,
1278 3970 1345 4013 oum
1366 3948 1480 4013 ablatiuts

217 4052 372 4115 adiunctus
400 4061 459 4125 est,
490 4062 521 4115 ut
548 4053 705 4114 ‘consolor
733 4073 749 4115 a
778 4054 896 4114 lratre'.
941 4054 1055 4134 species
1078 4051 1235 4114 verborum
1258 4055 1291 4115 in
1320 4046 1479 4115 sermonibus

216 4256 309 4307 illibus.
333 4256 411 4306 Ennii
428 4266 454 4308 et
474 4260 581 4323 Verpilr‘r'
597 4274 697 4322 versus,
713 4258 801 4324 quibus
823 4261 847 4308 ia
869 4258 981 4308 dioereri
998 4259 1034 4307 uti
1049 4258 1131 4307 uolent
1146 4259 1317 4322 promendo,
1338 4260 1386 4310 oiri
1402 4253 1429 4306 sl
1445 4251 1477 4301 lot

215 4329 269 4377 loeo
287 4331 383 4377 omnino
397 4329 475 4378 alieni
490 4338 555 4389 sunt,
571 4344 620 4392 pro
638 4331 762 4395 exemplis
779 4332 891 4380 incertae
906 4331 974 4378 inter
991 4343 1022 4376 ae
1043 4336 1067 4378 et
1084 4328 1092 4376 i
1110 4327 1284 4379 declinationib
1306 4327 1423 4390 ademisti
1435 4325 1477 4372 wi

284 4393 425 4462 ticonius]
444 4399 479 4460 os.
492 4399 711 4454 annotantes.
730 4399 805 4454 Vaut.
871 4395 990 4463 bplctal]
1013 4398 1091 4462 Verq.
1111 4397 1176 4451 Aea.
1195 4399 1317 4449 11111126
1366 4389 1475 4448 salal:

218 4467 297 4534 Verq.
309 4467 374 4518 Aeo.
385 4467 419 4518 lll
431 4466 483 4518 354
533 4470 646 4520 libabunt
659 4471 684 4519 L
734 4473 751 4522 6
770 4466 867 4535 eccum]
886 4477 911 4517 et
927 4483 984 4516 cum
1000 4468 1122 4516 Leooum
1132 4482 1217 4517 eccam
1234 4468 1312 4517 ellum
1326 4466 1395 4517 ellam
1410 4463 1474 4512 una

214 4545 254 4587 tur
311 4539 341 4589 ll
358 4544 417 4601 post
434 4537 510 4588 buius
529 4539 594 4588 nlius
612 4543 639 4591 iu
650 4543 702 4601 fiae
720 4543 812 4604 capitis
825 4542 916 4589 laeum
932 4553 982 4588 sen
998 4553 1112 4588 cerem
1123 4539 1214 4587 relicto
1232 4546 1272 4589 est
1288 4536 1353 4588 iah
1408 4532 1474 4584 isa

214 4607 311 4673 iugatio
324 4610 358 4669 L,
369 4616 394 4658 et
404 4611 442 4658 sic
456 4608 516 4671 sere
528 4617 672 4659 constanter
720 4609 950 4674 llllrequentatina
967 4617 994 4658 ut
1011 4608 1070 4674 plus
1086 4608 1113 4658 L
1164 4606 1287 4658 lodieito
1300 4607 1325 4656 L
1373 4600 1474 4656 inierim

214 4692 279 4737 quae
298 4678 330 4728 de
347 4678 471 4729 absolutis
487 4679 512 4726 in
536 4693 566 4728 ea
584 4689 715 4730 transeunt
733 4680 916 4744 frequentatina
934 4693 984 4727 uon
1009 4677 1120 4728 babeant
1137 4675 1162 4724 L
1215 4679 1250 4729 22
1269 4678 1396 4742 conposito
1411 4681 1433 4722 ut
1446 4674 1473 4717 cti

214 4747 291 4795 uerbo
308 4748 430 4798 calelacto
449 4748 474 4797 L
524 4758 549 4798 et
566 4764 613 4802 ora.
632 4750 666 4808 L,
682 4751 772 4803 odam
822 4752 856 4802 24
875 4744 1001 4815 lerresoo]
1019 4749 1141 4797 nerbesco
1162 4745 1187 4796 L
1241 4748 1274 4799 28
1290 4745 1351 4813 um]
1371 4733 1472 4796 ansul

265 4814 359 4867 habeut
378 4818 403 4867 L
452 4832 526 4882 quam
545 4817 615 4868 illam
635 4822 765 4885 pasaiuam
783 4818 882 4870 haeoL
952 4818 987 4870 29
1004 4816 1149 4886 significant
1168 4819 1193 4868 L
1261 4816 1293 4869 31
1312 4817 1409 4884 purius
1423 4802 1472 4861 aad

212 4884 302 4935 eadem
320 4889 344 4937 L
413 4887 448 4941 33
466 4888 584 4939 consulor
603 4889 627 4938 L
697 4890 731 4942 34
745 4890 866 4940 consulor
879 4889 904 4939 L
