3314 5506
229 353 269 416 48
817 352 929 415 PROBl

280 485 301 524 μ.
318 471 396 512 rocas
411 471 435 512 n.
1307 483 1329 524 p.
1341 470 1422 512 eaeor
1438 468 1465 512 v.

494 533 498 543 ·
768 539 803 579 or,
820 537 980 581 anonacm.

313 643 462 705 duomalia
493 652 537 703 est
558 644 684 704 miscens
714 643 757 705 rel
787 645 934 705 inmutatis
962 651 1012 704 aut
1037 643 1176 704 deliciens
1204 645 1278 704 ratio
1306 661 1361 722 per
1389 642 1514 704 declina·

228 747 348 807 tionem.

314 849 355 909 lle
379 850 529 909 miscente.
572 849 707 908 miscens
726 845 886 910 anomaliae
909 866 963 928 per
984 847 1207 909 declinationem
1229 850 1304 909 ratio
1327 855 1371 908 est
1393 855 1515 926 utputa

202 949 265 1015 sab
288 949 346 1010 hoc
369 950 475 1018 altero,
499 950 567 1009 huic
588 949 686 1018 alteri;
718 951 830 1010 scilicet
854 953 990 1028 quoniam
1017 968 1219 1029 quaecumque
1247 951 1363 1010 nomina
1391 948 1515 1011 ablativo

228 1072 298 1112 casn
328 1054 443 1140 numeri
470 1050 626 1127 singularis
656 1071 673 1112 o
702 1050 798 1112 littera
828 1054 1037 1120 terminantur,
1073 1053 1145 1112 haec
1176 1052 1338 1113 secundum
1367 1050 1515 1129 analogiae.

228 1161 338 1215 rectam
363 1156 483 1214 rationis
498 1153 681 1231 disciplinam
704 1154 799 1214 dativo
819 1173 889 1215 casu
908 1156 1024 1215 numeri
1044 1153 1201 1232 singularis
1223 1172 1241 1212 o
1258 1153 1352 1214 littera
1372 1153 1515 1215 deliniun-

228 1266 286 1318 tur.
318 1258 387 1315 item
410 1255 447 1316 ab
466 1255 521 1315 hac
536 1255 632 1353 mula,
652 1256 699 1316 his
720 1264 749 1316 et
770 1256 807 1317 ab
830 1257 876 1316 his
896 1256 1046 1348 mulabus)
1068 1256 1181 1317 scilicet
1200 1257 1337 1335 quoniam
1359 1273 1516 1334 quaecum·

227 1376 284 1436 que
313 1359 432 1418 nomina
456 1356 581 1418 ablativo
608 1376 678 1417 casu
706 1360 822 1419 numeri
848 1356 1005 1435 singularis
1033 1378 1048 1418 a
1077 1358 1173 1419 littera
1200 1359 1411 1425 terminantur,
1445 1357 1516 1420 haec

190 1459 389 1526 resecandum
425 1459 575 1536 analogiae
605 1467 717 1520 rectam
744 1462 866 1520 rationis
897 1458 1081 1537 disciplinam
1114 1460 1210 1520 dativo
1239 1467 1268 1520 et
1295 1458 1420 1521 ablativo
1447 1477 1516 1519 casu

228 1563 343 1622 numeri
370 1560 491 1645 pluralis
516 1562 541 1621 is
567 1559 672 1622 litteris
693 1561 881 1622 deliniuntur.
927 1563 995 1622 item
1019 1561 1054 1623 ab
1076 1560 1133 1621 hoc
1154 1563 1271 1637 iugero,
1303 1561 1410 1621 horum
1435 1563 1516 1638 iuge·

227 1680 308 1730 rum;
332 1662 442 1723 scilicet
465 1664 603 1741 qnoniam
623 1681 826 1742 quaecumque
847 1665 966 1723 nomina
989 1663 1113 1724 ablativo
1137 1681 1205 1724 casu
1229 1664 1344 1723 numeri
1359 1661 1517 1742 singularis

227 1785 244 1825 o
268 1765 364 1825 littera
385 1767 589 1833 terminantur,
611 1764 686 1826 haec
704 1766 864 1826 secundum
888 1763 1039 1841 analogiae
1062 1773 1172 1826 rectam
1195 1766 1316 1825 rationis
1332 1763 1515 1844 disciplinam

177 1865 178 1873 ’
226 1869 360 1943 genetivo
381 1885 451 1929 casu
474 1868 589 1928 numeri
612 1866 732 1944 pluralis
754 1885 839 1927 orum
860 1867 965 1928 litteris
987 1868 1176 1929 deliniuntur.
1208 1869 1250 1926 sic
1273 1873 1303 1926 et
1320 1872 1418 1926 cetera
1439 1866 1515 1933 talla,

190 1995 214 2034 u
229 1988 304 2050 quae
327 1977 429 2031 contra
451 1967 600 2046 analogiae
620 1978 731 2030 rectam
754 1970 875 2029 rationis
898 1964 1083 2048 disciplinam
1103 1971 1228 2029 miscent
1248 1986 1300 2047 per
1319 1985 1405 2028 casus
1426 1967 1515 2029 decli·

228 2073 378 2132 nationum
400 2069 520 2138 formas,
546 2069 679 2131 anomala
702 2078 770 2130 sunt
791 2069 974 2148 appellanda.

312 2173 353 2233 tte
379 2175 552 2234 inmutante.
597 2175 746 2234 inmotans
774 2171 937 2232 anomaliae
963 2190 1017 2250 per
1045 2171 1270 2233 declinationem
1296 2177 1340 2233 est
1366 2173 1458 2241 ratio,
1483 2180 1516 2233 nt

227 2282 296 2352 puta
321 2274 370 2334 ldc
389 2274 528 2353 luppiter,
553 2274 640 2334 huius
664 2273 748 2334 loris.
793 2275 834 2333 sic
857 2282 887 2335 et
905 2283 1002 2335 cetera
1025 2273 1106 2343 talia,
1136 2294 1210 2353 quae
1235 2282 1338 2335 eontra
1363 2274 1515 2353 analogiae

227 2386 336 2437 rectam
357 2378 478 2437 rationis
500 2376 682 2462 disciplinam
708 2378 853 2436 inmutcut
873 2394 927 2455 per
946 2394 1031 2438 casus
1053 2375 1281 2437 declinationum
1302 2376 1421 2451 lprmas
1444 2395 1514 2437 ano·

187 2476 302 2547 carnola
325 2487 393 2537 sunt
416 2476 597 2556 appellanda.

311 2580 352 2640 lle
379 2580 539 2644 deficiente,
584 2580 721 2640 deficiens
753 2580 914 2641 anomaliae
948 2599 1003 2660 per
1034 2580 1259 2642 declinationem
1289 2586 1333 2640 est
1358 2583 1449 2649 ratio,
1482 2589 1515 2643 nt

227 2690 295 2761 puta
323 2682 380 2742 lroc
406 2682 487 2742 oetas
520 2689 548 2741 et
576 2690 674 2742 cetera
706 2682 786 2749 talia;
824 2683 935 2744 scilicet
963 2684 1101 2763 quoniam
1132 2682 1210 2744 haec
1233 2691 1336 2742 contra
1364 2681 1514 2762 analogiae

225 2792 335 2845 rectam
368 2785 491 2843 rationis
522 2782 705 2862 disciplinam
738 2803 795 2843 non
827 2803 882 2864 per
910 2803 1012 2846 omues
1042 2804 1126 2846 casus
1159 2788 1189 2845 iu
1218 2783 1413 2845 declinatione
1447 2802 1514 2863 per·

224 2893 369 2947 severant.

186 3015 210 3056 25
310 2988 358 3047 Sic
384 2985 441 3049 iam
470 2995 499 3048 et
526 3007 579 3066 per
609 2996 722 3048 ceteras
750 2997 848 3066 partes
876 2990 1017 3050 orationis
1039 2988 1170 3066 analogia
1201 2987 1244 3048 rel
1267 2988 1410 3049 anomalia
1442 3007 1513 3049 cou-

223 3089 378 3151 siderauda
401 3098 457 3157 est,
482 3089 537 3149 hoc
557 3098 600 3149 est
624 3098 668 3158 nt,
695 3109 896 3170 (praecumquc
920 3108 987 3168 pars
1008 3093 1149 3151 orationis
1176 3109 1272 3170 neque
1291 3093 1394 3151 miscet
1417 3110 1513 3170 neque

222 3193 347 3253 inmutat
374 3200 423 3252 out
450 3192 547 3252 (inficit
574 3210 628 3270 per
649 3192 853 3252 declinationis
874 3191 1072 3271 disciplinam,
1101 3194 1135 3253 ad
1164 3191 1327 3267 analogiam
1357 3195 1510 3271 pertineat

222 3313 297 3373 qnae
331 3311 399 3354 vero
427 3296 530 3354 miscet
556 3292 601 3354 vel
634 3295 759 3355 inmutat
788 3302 842 3356 aut
866 3295 964 3356 delicit
997 3313 1050 3372 per
1082 3293 1285 3355 declinationis
1316 3294 1511 3372 disciplinam,

222 3396 355 3458 anomala
381 3399 418 3456 sit
443 3395 626 3475 appellanda.
671 3415 749 3457 nunc
775 3400 862 3458 etiam
888 3396 945 3457 hoc
968 3414 1133 3461 monemus,
1158 3397 1236 3473 qood
1266 3395 1398 3474 analogia
1421 3399 1511 3458 mari·

183 3527 208 3564 ao
222 3517 300 3559 marn
324 3507 436 3577 partem
460 3501 601 3561 orationis
624 3503 785 3567 contineat,
815 3499 957 3560 anomalia
981 3518 1051 3559 vero
1074 3499 1210 3577 aliquam.
1256 3499 1292 3558 de
1315 3497 1460 3559 anomalia
1483 3508 1510 3559 et

221 3600 362 3677 analogia,
384 3600 389 3682 1
408 3609 550 3679 quantum
569 3603 644 3661 ratio
667 3601 815 3680 poscebat,
838 3603 1035 3662 tractavimus.

740 3789 788 3847 DE
811 3787 990 3847 Ll'lTElllS.

306 3905 413 3965 littera
437 3912 481 3965 est
500 3902 675 3964 elementum
698 3907 777 3963 roris
800 3905 978 3966 articulatae.
1024 3905 1216 3991 elemeulltum
1238 3917 1334 3968 autem
1359 3914 1403 3968 est
1424 3909 1505 3969 unius

220 4008 428 4086 cuiusque·rei
458 4008 588 4087 initium,
618 4024 711 4083 aquo
735 4008 859 4067 sumitur
887 4010 1100 4069 incrementum
1129 4019 1158 4069 et
1185 4011 1215 4068 in
1235 4010 1312 4088 qrrod
1342 4010 1504 4072 resolvitur.

180 4134 206 4174 aa
220 4108 327 4169 accidit
351 4109 402 4167 uni
422 4109 529 4187 cuique
549 4106 663 4168 litterae
685 4104 791 4168 nomen
812 4109 906 4186 ligura
929 4117 1066 4187 potestas.
1114 4130 1219 4171 nomeu
1247 4110 1361 4173 litterae
1384 4122 1503 4192 estque

220 4209 392 4289 appellatur.
437 4228 508 4270 sane
530 4227 638 4270 nomen
657 4212 745 4270 unius
767 4213 910 4290 cuiusque
931 4211 1044 4273 litterae-
1066 4231 1169 4273 omnes
1189 4216 1259 4274 artis
1280 4213 1398 4282 latores,
1423 4232 1502 4294 prae·

219 4313 362 4391 cipueque
384 4312 489 4378 Varro,
518 4321 623 4372 neutro
650 4330 758 4389 genere
786 4314 927 4392 appellari
955 4314 1157 4375 iudicaverunt
1187 4324 1215 4375 et
1240 4323 1337 4395 aptotc
1367 4317 1502 4378 declinari

218 4416 376 4475 iusserunt.
421 4422 540 4492 aptoton
564 4424 608 4474 est
630 4423 742 4482 autern,
765 4417 881 4494 quaudo
905 4436 1011 4478 nomeu
1032 4436 1085 4496 per
1108 4437 1211 4478 ornnes
1233 4437 1318 4479 cusos
1341 4438 1401 4478 uuo
1424 4419 1500 4479 selte-

218 4524 295 4577 mate
316 4515 496 4585 declinatur,
526 4524 647 4594 utputa
669 4517 725 4577 hoc
747 4537 779 4586 a,
807 4517 893 4578 huius
915 4540 944 4584 a.
972 4520 1040 4580 huic
1063 4540 1093 4588 a,
1116 4520 1172 4580 hoc
1192 4542 1222 4585 a,
1245 4539 1262 4579 o
1285 4541 1316 4587 a,
1340 4520 1377 4581 ab
1400 4522 1457 4583 lroc
1480 4542 1499 4582 a,

124 4641 127 4646 ⁸
178 4640 204 4680 ro
218 4620 260 4679 sic
282 4626 311 4678 et
325 4627 490 4679 ceterarum
506 4618 671 4680 litterarum
696 4623 812 4680 uomina
835 4639 944 4697 genere
959 4631 1064 4682 neutro
1085 4631 1181 4700 aptote
1204 4632 1233 4682 et
1248 4641 1372 4683 numero
1394 4633 1499 4684 tanturn

286 4773 510 4822 :lestinmisccns
529 4772 566 4822 tto
626 4772 660 4823 26
678 4788 759 4836 neque
775 4775 888 4824 inmiscet
908 4776 945 4825 Ilo
1006 4777 1040 4825 29
1057 4772 1100 4840 sit]
1120 4786 1178 4825 sunt
1196 4776 1232 4826 lio
1303 4775 1336 4827 30
1354 4777 1498 4827 orationist

218 4843 360 4892 rutionisll
430 4843 462 4894 34
480 4843 505 4890 in
524 4843 592 4908 quod
609 4859 623 4892 o
641 4850 666 4893 ct
683 4843 813 4894 Diornedec
827 4860 855 4908 p.
875 4845 925 4895 tta
945 4847 969 4894 in
989 4861 1039 4909 quo
1057 4846 1081 4895 R
