3346 5506
452 384 660 446 EXPLdeT.
682 386 720 447 IN
744 386 921 447 llONd'l'Vll
945 386 1015 447 LIB.
1040 387 1051 446 l
1333 394 1392 458 501

1186 497 1344 548 emme

105 573 290 639 intrinsecus¹
319 580 349 633 et
381 573 562 633 extrinsecus
594 571 721 652 plurale,
754 581 788 634 ut
816 575 910 635 nostri
939 575 1036 635 vestri.
1080 576 1258 636 intrinsecus
1288 577 1394 638 dicitm·

104 672 184 754 quod
213 680 259 735 cst
286 675 317 734 in
339 692 464 753 persona
486 673 678 754 possidentis,
710 677 893 738 extrinsecus
915 675 950 736 ad
973 694 1130 754 personam
1153 681 1282 755 possessi
1303 682 1392 758 pcrti-

106 782 166 836 uet.
212 777 238 836 si
266 784 363 836 autem
388 796 464 857 quae
492 777 676 855 possidemus
699 785 799 839 nostra
822 786 904 848 sunt,
928 795 1019 858 quare
1042 778 1179 839 dicuutur
1202 782 1393 852 extrinsecus,

106 887 137 939 et
158 895 253 956 quare
275 878 305 939 in
327 896 455 957 persona
477 879 654 959 possidentis
675 880 869 941 intrinsecus?
891 880 959 959 quia
981 878 1058 959 quod
1081 881 1211 957 pertinet
1231 883 1268 943 ad
1290 902 1392 962 perso·

105 999 175 1042 nam
197 980 376 1061 possidentis
397 999 516 1060 semper
538 999 605 1042 cum
628 982 692 1061 ipso
714 990 772 1050 est,
795 981 825 1041 id
849 990 893 1043 est
919 980 997 1061 quod
1020 982 1050 1041 in
1072 983 1135 1060 ipso
1157 984 1326 1061 possidente
1349 995 1417 1045 est-³>

103 1100 224 1162 semper
257 1101 322 1144 cum
352 1085 417 1163 ipso
450 1090 502 1143 est.
548 1079 619 1143 illud
648 1091 746 1143 autem
774 1083 853 1163 qnod
881 1081 1048 1162 possidetur
1079 1086 1184 1144 merito
1212 1088 1393 1147 extrinsecus

104 1183 230 1253 dicitur,
254 1186 321 1264 quie
344 1191 440 1264 potest
463 1203 528 1245 cum
552 1183 602 1244 illo
625 1186 711 1245 etiam
734 1203 793 1245 non
816 1202 894 1255 esse,
917 1203 932 1246 a
956 1204 1015 1265 quo
1037 1186 1210 1266 possidetur.
1254 1205 1325 1265 ergo
1348 1190 1391 1248 iu·

104 1287 252 1347 trinsecus
279 1285 428 1364 singulare
456 1294 486 1346 et
513 1287 695 1347 extrinsecus
722 1284 871 1365 singulare
894 1305 978 1349 meus
1000 1287 1128 1348 ostendit
1155 1288 1232 1367 quod
1261 1297 1289 1348 et
1316 1308 1392 1351 unus

102 1386 252 1466 possideat
274 1395 303 1449 et
325 1407 416 1449 unum
439 1388 637 1468 possideatur,
661 1390 837 1451 intrinsecus
859 1386 972 1468 plurale
988 1397 1018 1450 et
1039 1390 1222 1452 extrinsecus
1243 1389 1391 1469 singulare

103 1499 205 1552 noster
227 1489 357 1552 ostendit
383 1489 491 1551 multos
512 1489 665 1570 possidere
688 1498 718 1551 et
739 1509 829 1552 unum
851 1489 1009 1569 possideri,
1043 1492 1219 1553 intrinsecus
1241 1490 1389 1570 singulare
1405 1506 1429 1546 1⁰

103 1601 133 1654 et
161 1594 345 1655 extrinsecus
372 1589 485 1671 plursle
513 1593 571 1653 mei
600 1593 640 1652 tui
668 1592 796 1653 ostendit
824 1610 915 1652 unum
944 1592 1095 1669 possidere
1118 1600 1147 1653 et
1168 1591 1276 1654 multos
1298 1597 1390 1673 possi-

104 1694 181 1765 deri,
205 1695 383 1755 intrinsecus
406 1701 435 1754 et
457 1695 639 1756 extrinsecus
662 1693 774 1772 plurale
797 1694 890 1756 nostri
911 1693 1040 1755 ostendit
1068 1693 1146 1772 quod
1168 1695 1302 1756 etmulti
1324 1715 1390 1777 pos·

103 1795 201 1857 sident
233 1803 264 1856 et
294 1794 378 1857 multi
410 1795 607 1876 possidentur.
650 1797 723 1857 istae
750 1802 819 1857 sunt
847 1803 985 1876 quattuor
1006 1796 1121 1874 species
1147 1799 1389 1876 possessivorum.

104 1915 171 1959 ecce
193 1895 363 1978 qualitatem
385 1898 603 1976 pronominum.
648 1899 823 1976 pronomine
846 1899 944 1958 omnia
966 1898 1003 1956 ita
1027 1915 1060 1957 se
1082 1897 1206 1959 liabent:
1238 1907 1287 1958 aut
1309 1901 1389 1960 linita

104 2008 171 2061 sunt
191 2008 244 2060 aut
263 1999 387 2061 infinita.
419 2017 493 2079 quae
515 2000 626 2061 infinita
648 2006 730 2072 sunt,
753 2007 804 2060 aut
826 1998 1002 2077 generaliter
1023 2000 1136 2061 infinita
1159 2008 1236 2066 sunt,
1260 2009 1293 2061 ut
1313 2004 1387 2081 quis,
1403 2017 1427 2056 rs

104 2110 149 2163 aut
175 2103 275 2163 miuus
302 2120 390 2181 quam
418 2101 514 2171 linita,
543 2108 575 2161 ut
602 2102 679 2181 ipse,
708 2109 758 2162 aut
780 2102 955 2179 possessiva,
979 2109 1012 2163 ut
1040 2097 1046 2184 Ι
1075 2119 1168 2162 meus.
1212 2104 1388 2181 pronomina

103 2203 180 2266 linita
214 2205 270 2264 tria
301 2210 371 2265 sunt
402 2209 530 2273 tantum,
564 2211 597 2264 ut
624 2220 679 2281 ego
708 2210 738 2263 tu
766 2200 830 2270 ille;
859 2202 971 2263 infinita
999 2202 1086 2273 haec,
1115 2205 1180 2283 quis
1208 2202 1301 2283 qualis
1324 2203 1389 2264 talis

104 2312 228 2386 quantus
251 2312 347 2366 tantus
369 2313 475 2384 quotus
498 2312 590 2373 totus,
614 2312 728 2382 septem
750 2312 819 2364 snm
841 2311 969 2374 tentum;
992 2307 1091 2365 minus
1107 2323 1194 2385 qnam
1209 2306 1289 2366 linita
1306 2305 1388 2375 haec,

100 2406 161 2488 ipse
182 2409 239 2469 iste
260 2407 309 2467 hic
331 2405 455 2493 isidem
477 2407 532 2467 sui.
577 2407 739 2485 possessiva
761 2415 830 2468 sunt
852 2406 926 2467 haec
947 2408 1091 2486 quinque,
1122 2425 1206 2468 meus
1229 2415 1297 2468 tuus
1318 2427 1388 2468 srrrrs

100 2519 201 2572 noster
228 2515 332 2570 vester.
366 2506 476 2588 absque
505 2508 551 2568 his
579 2526 617 2569 ne
643 2526 734 2570 unum
765 2507 884 2588 quidem
912 2506 1001 2569 habet
1027 2509 1130 2570 Latina
1159 2507 1300 2580 elocutio,
1331 2511 1427 2570 nisiw

96 2609 175 2674 lorte
198 2611 397 2690 conpositum,
422 2617 454 2670 ut
474 2610 607 2690 qudsquis
628 2608 733 2688 aliquis
747 2610 839 2689 siquis
854 2611 1000 2690 quispiam
1022 2618 1051 2672 et
1073 2610 1157 2680 talia;
1180 2618 1280 2672 tamen
1303 2613 1387 2689 origo

91 2710 189 2794 ipsius
212 2721 257 2774 est
277 2711 314 2774 ab
337 2731 372 2774 eo
394 2711 472 2792 quod
495 2713 634 2791 estquis.
664 2713 719 2773 ista
741 2719 810 2773 sunt
831 2729 903 2790 ergo
924 2713 955 2773 in
970 2730 1070 2774 rerum
1093 2721 1197 2774 natura
1211 2714 1387 2792 pronomina

88 2810 172 2880 XXl.
204 2812 289 2876 multi
312 2814 414 2875 dicunt
435 2822 465 2874 et
487 2812 542 2874 alla
564 2832 650 2894 posse
672 2814 814 2893 reperiri;
837 2813 889 2873 sed
911 2812 1017 2875 falsum
1039 2822 1092 2876 est.
1130 2816 1193 2894 ipsa
1216 2815 1293 2874 onim
1317 2815 1387 2875 lrinc

86 2921 252 2986 oriuntur,
275 2935 350 2997 quae
372 2914 415 2975 illi
436 2923 549 2994 putant.

181 3019 314 3081 lliximus
343 3018 431 3078 etiam
453 3034 563 3095 genera
584 3016 735 3087 accidere,
764 3024 793 3077 et
814 3024 882 3076 sunt
903 3023 947 3077 tot
968 3016 1045 3086 lere,
1068 3023 1138 3096 quot
1160 3019 1311 3077 nominum
1335 3036 1385 3076 ex·
1399 3032 1424 3071 es

75 3129 183 3204 cepto
215 3121 370 3199 epicoeno:
400 3117 606 3189 masculinum,
636 3126 668 3180 ut
688 3119 728 3189 is;
757 3117 946 3186 femininum,
976 3125 1007 3178 ut
1029 3136 1079 3186 ea;
1110 3126 1263 3189 neutrum,
1286 3126 1319 3179 ut
1338 3119 1385 3188 id;

72 3236 271 3294 commune,
295 3229 327 3282 ut
348 3219 442 3301 qualis
464 3220 543 3288 talis;
567 3221 699 3282 omnium
720 3220 810 3281 trium
833 3238 991 3298 generum,
1016 3227 1048 3280 nt
1069 3237 1123 3298 ego
1146 3227 1187 3280 tu.
1218 3220 1284 3281 dico
1307 3222 1384 3281 enim

70 3339 166 3409 ego,
193 3323 265 3385 dicit
287 3330 317 3384 et
339 3321 447 3383 lemine
472 3341 542 3401 ego,
567 3321 637 3393 dicit
659 3328 688 3382 et
710 3322 890 3401 mancipium
913 3340 978 3401 ego.
1022 3323 1092 3382 item
1115 3326 1147 3382 tu
1169 3321 1235 3382 dico
1258 3323 1329 3392 viro,
1354 3331 1385 3385 tu

69 3426 162 3492 dico
187 3426 336 3495 feminae,
361 3431 390 3486 tn
414 3424 480 3485 dico
503 3424 659 3502 mancipio.
704 3425 820 3484 numeri
841 3432 910 3485 sunt
932 3424 999 3492 duo,
1023 3421 1179 3501 singularis
1201 3429 1231 3483 et
1253 3422 1384 3501 pluralis.

65 3526 189 3613 figura
213 3535 263 3589 aut
285 3524 409 3606 simplex
432 3533 476 3586 est
498 3536 547 3587 aut
569 3525 734 3605 conposita:
757 3524 897 3604 simplex,
921 3535 954 3587 ut
968 3526 1048 3605 quis,
1071 3526 1235 3604 conposita,
1260 3534 1292 3584 ut
1306 3526 1384 3606 quis·
1398 3539 1424 3580 ao

67 3635 169 3714 quis.
217 3637 246 3690 et
267 3629 458 3707 interrogavit
479 3626 639 3698 Filocnlus,
664 3629 727 3687 ‘est
748 3635 779 3687 et
799 3626 847 3688 hic
869 3625 917 3688 illa
940 3628 1015 3688 ratio
1037 3627 1212 3704 figurarum,
1237 3634 1269 3687 ut
1290 3627 1328 3687 sit
1349 3645 1384 3687 ex

67 3731 213 3799 duobus
233 3731 372 3808 integris,
396 3748 432 3790 ex
454 3728 568 3791 duobus
590 3730 737 3809 corruptis
759 3736 789 3790 et
810 3728 914 3791 taliat’
937 3728 1104 3809 respondit,
1127 3731 1205 3790 ‘estz
1235 3726 1327 3788 habes
1349 3747 1385 3788 ex

71 3833 212 3900 duobus
238 3833 376 3911 integrm,
405 3839 437 3892 nt
463 3833 613 3912 quisquis,
643 3849 679 3892 ex
707 3830 822 3893 duobus
849 3833 1011 3911 corruptis,
1035 3841 1067 3893 ut
1088 3830 1181 3900 idem,
1210 3849 1246 3891 ox
1269 3832 1384 3908 integro

71 3947 116 4002 et
140 3942 302 4014 corrupto,
332 3942 363 3995 ut
385 3935 544 4015 quispiam,
574 3951 610 3994 ex
633 3941 772 4012 corrupto
795 3940 824 3994 et
845 3935 974 4011 integro,
999 3940 1030 3994 ut
1053 3931 1172 4014 aliquis;
1201 3939 1231 3992 et
1252 3949 1383 4010 prorsus,

77 4042 272 4116 cuicumque
302 4036 408 4096 accidit
434 4036 543 4115 ligura,
572 4037 649 4096 inest
670 4034 744 4099 haec
765 4037 841 4097 ratio
864 4034 1103 4115 quadripertita’.
1148 4052 1293 4114 personae
1314 4052 1382 4113 pro·
1396 4048 1422 4088 ³⁵

79 4141 251 4224 nominum
270 4147 340 4199 sunt
360 4145 436 4207 tres,
460 4138 554 4217 prima
577 4137 705 4200 secunda
728 4140 832 4201 tertia:
856 4139 1017 4216 primam
1040 4155 1102 4216 ego,
1126 4134 1264 4206 secunda,
1288 4144 1320 4196 ut
1342 4143 1383 4205 tu,

85 4242 199 4312 tertia,
223 4246 256 4300 ut
277 4237 335 4300 ille.
380 4240 446 4318 quis
467 4257 632 4318 pronomen
654 4239 743 4302 hodie
766 4248 879 4302 tantum
902 4240 1019 4318 generis
1041 4237 1195 4300 masculini
1218 4245 1270 4298 est,
1315 4256 1384 4298 nam

88 4341 172 4427 apud
195 4341 323 4403 maiores
345 4342 509 4402 communis
531 4343 648 4420 generis
676 4341 744 4404 luit:
774 4340 865 4402 habes
892 4342 923 4401 in
945 4341 1084 4402 Terentio
1112 4342 1177 4420 quis
1198 4341 1318 4418 generis
1340 4340 1382 4401 le·

94 4445 215 4516 miniui,
234 4438 240 4526 Ι
260 4445 359 4524 ‘quis
381 4451 418 4504 tu
440 4444 496 4503 cs’
519 4444 614 4523 inquit
635 4443 816 4506 ‘meliert

162 4596 296 4661 5semper
314 4597 340 4646 in
358 4597 415 4663 ipso
432 4603 470 4647 est
487 4597 546 4646 item
564 4596 633 4661 quud
648 4597 674 4646 ln
693 4595 840 4662 possidente
857 4601 897 4647 est
912 4594 939 4645 F
1006 4594 1116 4647 uscos
1133 4593 1269 4659 quslltetes
1286 4608 1382 4661 prouo-

10 4682 31 4721 ι
98 4668 193 4718 minum
213 4665 238 4715 L
257 4669 283 4716 et
298 4668 476 4733 pronominum
493 4666 640 4730 qualitatem
657 4667 683 4718 1?
699 4681 759 4718 ecoe
774 4664 852 4718 uste
869 4663 1048 4732 musalms
1060 4662 1249 4720 calinen-s
1296 4663 1333 4717 2⁰
1350 4679 1383 4715 ue

98 4752 173 4788 nuum
192 4736 297 4800 quidem
319 4737 396 4786 letina
417 4737 525 4786 ducatio
544 4735 651 4800 (locutio
670 4734 707 4801 L)
724 4735 773 4791 hs
787 4750 821 4787 ns
837 4748 916 4789 m
936 4732 1013 4776 Μ’·
1346 4734 1383 4776 'fl

97 4809 237 4872 epicoenon
255 4805 327 4857 ΜΒ
394 4805 426 4858 31
446 4805 566 4874 illogelus
583 4806 631 4859 ns
647 4804 792 4873 philocalus
807 4804 837 4859 1
881 4818 887 4829 ·
906 4802 916 4840 ¹

96 4891 187 4943 geum
210 4877 278 4928 dixit
296 4874 426 4928 Terentius
439 4875 551 4928 Eusssoed.
568 4875 615 4928 llll
633 4878 661 4944 4,
679 4874 715 4931 1⁰
728 4872 799 4935 hm
812 4888 856 4931 Ὁβ
