3314 5506
234 359 290 420 tlt
817 358 928 426 enom

280 488 302 529 p.
315 474 360 516 w.
371 474 397 514 to
412 473 437 514 ll.
923 498 926 503 <
1133 504 1137 511 -
1297 487 1320 530 p·
1333 474 1424 521 Η
1435 475 1464 521 V.

313 545 354 607 lle
371 542 488 607 causali.
519 543 642 606 causalis
663 547 770 623 speciei
791 548 1014 608 coniunctiones
1035 555 1105 607 sunt
1123 563 1249 608 numero
1262 548 1367 627 viginti
1379 556 1506 628 quattuor

228 645 293 716 lrae,
317 649 342 706 si
361 645 494 724 simplex,
517 648 572 708 etsi
587 648 758 725 composita,
782 650 869 708 etiam
887 645 1057 726 compositi,
1081 649 1194 710 etiamsi
1209 651 1381 727 composita,
1401 652 1508 713 umetsi

228 751 398 827 composita,
422 750 545 810 sitameu
560 751 731 828 composita,
755 750 900 828 siquidem
916 752 1086 827 composita,
1102 749 1221 829 quando
1236 748 1371 829 simplex,
1386 734 1506 831 manto

227 849 345 929 quidem
367 852 537 929 composita,
560 859 704 930 quatenns
724 853 893 930 composita,
917 853 988 932 quin
1006 850 1139 930 simplex,
1161 852 1324 930 quinetiam
1344 857 1518 933 eompmim

202 954 273 1018 ssin
287 949 301 1035 ΙΙ
316 951 453 1031 simplex,
482 953 626 1014 sinautem
655 956 829 1032 composita,
858 955 991 1015 sinetiam
1014 955 1188 1031 composita,
1215 971 1268 1015 seu
1289 951 1430 1033 simplex,
1455 957 1506 1017 sire

227 1056 404 1134 composita,
430 1072 498 1114 nam
521 1053 661 1133 simplex,
688 1073 815 1134 uanique
838 1057 1015 1135 composita,
1044 1056 1073 1115 ni
1096 1054 1236 1133 simplex,
1265 1056 1323 1116 nisi
1345 1058 1505 1137 composita,

227 1156 309 1216 nisisi
329 1157 499 1234 composita,
522 1156 574 1217 sed
596 1157 728 1236 simplex,
751 1165 904 1237 praeterea
929 1158 1099 1237 composita.

266 1284 269 1287 “
311 1257 353 1318 lle
374 1256 521 1318 rationali.
558 1257 707 1320 rationalis
728 1260 837 1338 speciei
859 1240 1081 1319 coniunctiones
1101 1265 1169 1319 suut
1192 1276 1317 1321 numero
1339 1260 1504 1337 vigintitres

226 1359 296 1427 hae,
316 1358 510 1438 quamobrem
537 1362 712 1439 composita,
736 1363 907 1439 praesertim
931 1361 1106 1438 composita,
1130 1360 1199 1421 item
1221 1360 1362 1440 simplex,
1385 1363 1502 1440 itemque

189 1484 214 1526 n
227 1463 398 1538 composita,
422 1461 459 1522 ita
479 1460 613 1540 simplex,
636 1463 734 1542 itaque
756 1466 926 1542 composita,
950 1464 1017 1542 quia
1040 1463 1211 1540 composita,
1234 1465 1375 1540 quoniam
1397 1480 1503 1541 eampo·

226 1564 296 1633 sita,
319 1563 577 1643 quoniamquidem
597 1567 774 1643 composita,
797 1572 978 1647 quapropter
997 1564 1174 1643 composita,
1197 1581 1376 1643 quamquam
1396 1581 1502 1643 compo

112 1693 118 1705 ·
227 1666 290 1734 sita,
312 1665 422 1743 quippe
444 1664 583 1744 simplex,
606 1667 706 1745 atquin
730 1669 907 1746 composita,
929 1667 1058 1744 alioquin
1081 1667 1257 1746 composita,
1282 1666 1362 1727 euim
1381 1665 1502 1746 simplex,

227 1769 336 1829 etenim
352 1768 522 1846 composita,
545 1771 694 1830 enimvero
715 1772 886 1849 composita,
910 1787 981 1847 ergo
996 1766 1130 1847 simplex,
1153 1767 1220 1828 ideo
1234 1769 1407 1846 composita,
1427 1768 1503 1846 igitur

157 1910 159 1915 -
226 1870 397 1947 composita,
420 1867 533 1930 seilicet
554 1874 723 1950 composita,
747 1881 877 1932 ceterum
898 1869 1031 1949 simplex,
1054 1877 1212 1948 propterea
1234 1871 1408 1950 composita.
1444 1887 1504 1932 sane

188 1993 213 2034 ss
226 1971 283 2031 hoc
306 1989 468 2039 monemus,
487 1973 564 2051 quod
588 1973 644 2033 liae
666 1981 726 2034 tres
749 1975 987 2040 coniunctiones,
1011 1972 1039 2032 id
1060 1978 1104 2032 est
1122 1972 1201 2032 euim
1225 1972 1334 2032 etenim
1355 1973 1502 2033 enimvero.

226 2081 255 2134 et
269 2073 394 2135 causalis
412 2063 521 2152 speciei
543 2077 893 2153 retineantpotestatem.
928 2075 979 2134 sed
1003 2092 1060 2153 qua
1076 2074 1112 2135 de
1127 2091 1216 2135 causa
1235 2073 1292 2135 hae
1311 2091 1402 2154 supra
1417 2073 1503 2142 diens

225 2184 286 2237 tres
308 2177 529 2238 coniunctiones
551 2185 580 2238 et
603 2175 760 2238 causalium
782 2175 910 2236 habeant
930 2182 1121 2254 potestatem,
1143 2174 1201 2235 hoc
1223 2176 1253 2236 iu
1273 2177 1357 2235 sonis
1376 2174 1502 2237 tractabi-

226 2295 302 2342 mus.
345 2280 415 2338 item
439 2286 521 2346 sont,
549 2280 597 2356 qui
621 2280 745 2355 figurate
772 2278 898 2355 legerint
919 2280 982 2338 sine
1005 2285 1033 2338 et
1058 2285 1162 2356 putent
1188 2277 1428 2340 coniunctionem
1449 2294 1502 2338 esse

222 2379 405 2440 rationalem.
451 2398 542 2458 quare
572 2381 629 2441 hoc
652 2398 819 2450 monemus,
848 2381 926 2459 quocl
954 2381 1017 2440 sine
1036 2396 1195 2458 numquam
1224 2396 1278 2456 pro
1307 2380 1502 2441 coniunctione

186 2501 213 2542 so
227 2482 322 2542 veniat
347 2483 376 2541 in
399 2480 549 2551 oratione:
578 2490 606 2542 et
633 2483 698 2543 ideo
728 2501 787 2543 uon
817 2500 937 2543 necesse
963 2491 1008 2543 est
1034 2483 1156 2543 eandem
1185 2481 1262 2541 iuter
1291 2481 1502 2544 coniunctiones

224 2583 382 2644 inmittere.

308 2684 349 2745 llo
371 2685 483 2745 ordine.
517 2685 590 2745 ordo
612 2687 851 2751 coniunctionum
874 2695 918 2747 est
951 2705 1009 2764 quo
1032 2694 1176 2764 apparent
1194 2685 1420 2747 coniunctiones
1438 2702 1502 2764 quse

223 2789 365 2865 praeponi
388 2786 515 2848 debeant
535 2795 657 2857 tantum,
679 2807 755 2867 qnae
770 2788 917 2865 subiungi,
941 2807 1016 2867 quae
1038 2789 1180 2867 praeponi
1203 2795 1233 2847 et
1247 2785 1397 2865 subiungi.
1428 2803 1502 2865 prae·

223 2896 372 2967 ponuntur
395 2891 616 2951 coniunctiones
638 2909 762 2950 numero
782 2900 849 2951 octo
869 2890 924 2950 hae
946 2897 1067 2959 tantum,
1089 2896 1118 2950 at
1139 2908 1173 2950 ac
1195 2895 1239 2949 ast
1259 2890 1321 2950 sire
1340 2906 1393 2950 seu
1408 2887 1502 2950 relsin

184 2993 376 3052 aesinantem.
421 2990 637 3069 subiunguntur
666 2993 886 3053 coniunctiones
918 3010 1043 3052 numero
1072 2992 1202 3069 quinque
1230 2990 1286 3050 hae
1314 2996 1441 3058 tantum,
1474 3006 1503 3047 ve

222 3112 280 3172 que
299 3100 398 3153 autem
420 3095 497 3153 enim
517 3101 644 3174 quoq'ne.
680 3102 709 3154 at
728 3113 796 3154 nero
820 3101 1042 3173 praeponuntur
1063 3101 1092 3154 et
1113 3092 1333 3171 subiunguntur
1354 3093 1412 3153 iam
1433 3099 1502 3152 cete·

223 3213 273 3256 rae
295 3196 531 3265 coniunctiones,
561 3198 692 3274 exceptis
713 3196 825 3256 scilicet
844 3195 899 3256 illis
921 3214 1008 3273 snpra
1032 3197 1164 3273 scriptis,
1188 3212 1264 3273 qnae
1285 3200 1504 3273 praeponuntur

222 3304 334 3358 tantum
368 3296 411 3357 rel
444 3298 671 3375 subiunguntur.
718 3306 820 3376 putant
848 3298 964 3376 quidam
1000 3316 1066 3356 nimi
1096 3298 1332 3357 coniunctionem
1370 3295 1503 3374 praeponi

221 3407 331 3460 tautum
355 3401 442 3460 modo
457 3397 471 3483 ΙΙ
486 3409 632 3479 oportere.
666 3401 715 3479 qui
737 3402 762 3460 si
782 3418 871 3460 sonos
892 3388 1026 3463 sentiant.
1048 3397 1218 3474 intellegent
1238 3416 1306 3459 nam
1328 3378 1504 3459 coniunctio}

182 3520 288 3563 sortem
314 3511 343 3563 et
370 3502 554 3563 subiunctam
585 3504 700 3581 pondus
725 3521 812 3580 posse
837 3504 900 3562 soni
930 3503 1073 3562 sustinere
1083 3523 1099 3573 t,
1126 3518 1184 3578 quo
1211 3518 1285 3560 sono
1314 3507 1344 3561 et
1365 3497 1504 3578 Vergilius

220 3604 344 3664 eandem
371 3605 521 3665 subiunxit
542 3605 643 3666 (licens

622 3706 737 3766 solam
759 3725 835 3767 troni
859 3706 1031 3783 perfidus
1054 3704 1119 3767 ille

420 3815 455 3868 te
475 3807 615 3876 oolere;

219 3915 249 3968 et
271 3908 335 3968 ideo
355 3908 411 3968 hoo
434 3927 602 3976 monemus,
631 3910 708 3988 qnod
730 3928 796 3969 nam
821 3911 988 3969 coniunctio
1012 3928 1070 3970 non
1090 3917 1204 3970 tantum
1226 3909 1428 3989 praeponendi
1454 3906 1502 3969 secl

181 4016 250 4069 aei
267 4009 462 4088 subiungendi
484 4009 590 4070 lrabeat
611 4019 793 4088 potestatem.
814 4014 819 4088 Ι

304 4100 345 4173 ll‘e
366 4113 470 4189 ligura.
516 4114 607 4190 ligura
641 4114 898 4174 coniunctionibus
926 4115 1030 4174 accidit
1059 4116 1100 4174 sic
1125 4114 1167 4173 uti
1196 4120 1225 4173 et
1246 4114 1354 4174 ceteris
1375 4110 1503 4192 puutos

218 4215 374 4283 orationis,
398 4214 533 4292 simplex
565 4223 594 4275 et
626 4218 794 4293 composita.
840 4215 962 4294 simplex
995 4218 1086 4293 ligura
1118 4217 1361 4276 coniunctionum
1394 4222 1441 4277 est
1465 4221 1503 4281 tl.

217 4319 377 4396 composita
399 4320 461 4378 etsi.
508 4337 585 4378 nunc
607 4316 716 4399 quibus
737 4318 779 4377 rel
801 4327 872 4396 quot
895 4319 988 4378 rnorlis
1006 4320 1056 4378 liat
1077 4320 1169 4395 figura
1193 4318 1373 4396 composita,
1396 4319 1454 4378 ian
1473 4317 1504 4376 iu

217 4421 336 4481 nomine
358 4421 426 4480 satis
449 4422 645 4482 tractavimus.

285 4627 302 4675 4
318 4626 456 4688 quinetiam
475 4629 616 4691 composita
634 4642 679 4676 om,
697 4625 730 4684 R,
749 4627 810 4676 odd.
830 4627 855 4676 B
951 4626 1022 4676 5sin
1042 4623 1150 4691 simplex
1168 4641 1183 4675 o
1199 4625 1241 4676 siu
1258 4640 1341 4692 comp.
1362 4627 1398 4688 B,
1416 4642 1462 4678 oss.
1479 4624 1504 4676 ll

287 4695 316 4745 lt
336 4696 499 4746 tractabimus
519 4715 534 4745 r
550 4698 714 4746 tractauimus
732 4697 781 4747 RB
884 4699 917 4746 2⁶2
936 4698 1141 4747 coniunctionum
1162 4696 1187 4745 B
1209 4697 1436 4748 coniunctionisll

215 4765 249 4885 ‘20
267 4779 347 4885 soqqxls1
363 4767 494 4887 qizqonum
514 4768 538 4816 B
606 4767 640 4818 30
659 4781 736 4832 posse
753 4769 809 4816 soni
830 4768 854 4816 B
872 4769 1029 4833 possessioni
1048 4767 1072 4817 ll
1087 4767 1261 4832 possessionis
1278 4783 1294 4815 r
1356 4764 1499 4835 Vergilius]

132 4885 139 4900 x
241 4853 280 4887 ea.
382 4845 388 4859 '
