3314 5506
230 361 273 426 62
820 360 933 422 Pnuui

299 477 364 521 ‚nu
373 477 397 519 u
412 476 438 518 a
1310 487 1332 529 p.
1346 475 1393 519 stc
1403 476 1429 517 u
1444 474 1472 517 v.

231 491 309 609 nudo
329 548 402 609 baec
421 547 523 607 cadom
547 548 664 607 nomina
686 548 804 624 generis
825 544 938 607 scilicet
957 543 1125 614 masculini,
1149 534 1224 624 quaa
1246 546 1375 608 diximus
1395 548 1427 607 in
1444 550 1521 626 posi·

231 650 289 710 tivo
309 649 403 726 gradu
423 648 602 709 nominativo
624 665 693 708 casu
719 649 836 709 numeri
855 645 1012 724 singularis
1034 665 1070 707 us
1090 644 1195 738 littaris
1218 647 1351 717 deliniri,
1373 650 1399 709 si
1418 667 1521 729 supcr-

230 747 333 810 lativos
354 750 463 828 gradus
484 767 519 810 cx
540 768 571 810 sc
595 748 692 810 iaccrc
713 755 846 826 possunt,
866 750 895 808 in
921 746 1047 809 ablativo
1065 766 1135 809 casu
1147 750 1273 810 numeri
1294 747 1417 827 pluralis
1432 753 1523 813 simus

231 849 357 930 syllabas
379 851 528 930 accipiunt
555 857 585 910 ct
601 848 810 928 superlativum
831 849 955 927 gradum
980 848 1098 927 generis
1119 849 1164 909 sui
1192 849 1367 923 ostendunt,
1399 860 1522 932 utputa

205 951 280 1014 uhic
298 952 404 1013 doctus
424 950 461 1012 ab
482 951 529 1012 his
550 951 644 1012 doctis
666 950 714 1012 hic
734 951 920 1013 doctissimus
941 952 1038 1011 iacere
1061 949 1175 1011 debeat.
1219 969 1299 1013 nuno
1323 951 1400 1014 hacc
1420 953 1522 1014 cadero

229 1070 319 1132 supra
341 1054 410 1114 dicti
436 1053 553 1131 generis
575 1055 692 1114 nomina
720 1055 749 1113 in
770 1070 858 1133 supra
880 1052 958 1112 dicto
980 1070 1049 1112 casu
1078 1053 1150 1112 sima
1175 1051 1302 1132 syllabas
1321 1053 1472 1133 accipiunt
1494 1061 1523 1116 ct

229 1153 438 1232 superlativum
462 1153 586 1231 gradum
609 1155 727 1231 generis
750 1153 881 1215 feminini
903 1151 1071 1223 ostendunt,
1094 1160 1209 1231 utputa
1233 1154 1281 1215 bic
1296 1153 1401 1216 ductus
1422 1155 1461 1217 ab
1477 1155 1522 1218 bis

230 1255 326 1315 doctis
356 1255 429 1315 baec
463 1254 629 1314 doctissima
658 1254 757 1316 iaccru
792 1253 906 1316 debeat.
951 1261 981 1313 at
1008 1272 1077 1314 vero
1107 1253 1180 1316 hacc
1208 1255 1310 1316 eadam
1340 1256 1524 1335 supradicti

231 1357 349 1434 generis
372 1357 491 1415 nomina
514 1357 543 1416 in
564 1374 653 1435 supra
676 1356 753 1417 dicto
776 1372 844 1417 casu
868 1358 972 1417 simum
992 1355 1117 1435 syllabas
1139 1358 1287 1436 accipiunt
1309 1363 1344 1418 ct
1365 1357 1522 1437 superlati·

192 1475 299 1523 rovum
324 1455 448 1536 gradum
478 1458 595 1536 generis
617 1459 715 1519 neutri
739 1458 912 1528 ostendunt,
944 1465 1067 1536 utputa
1095 1455 1144 1517 hic
1166 1457 1269 1518 doctus
1295 1457 1403 1520 abbis
1428 1459 1522 1521 doctis

230 1557 296 1618 boc·
310 1557 510 1618 doctissimum
532 1557 631 1621 iacere
653 1558 768 1621 debeat

252 1694 255 1699 ·
315 1657 400 1719 Nunc
419 1661 449 1718 in
468 1659 524 1720 hac
537 1659 641 1730 launna,
665 1679 721 1740 qua
741 1660 869 1721 diximus
890 1660 1007 1739 generis
1025 1658 1177 1721 masculini
1194 1660 1313 1721 nomina
1336 1663 1366 1723 iu
1380 1660 1521 1744 polisitivo

229 1759 324 1837 gradu
346 1762 525 1821 nominativo
547 1780 615 1822 casu
636 1763 753 1822 numeri
775 1760 931 1840 singularis
953 1780 988 1823 ns
1008 1761 1111 1821 litteris
1133 1756 1257 1831 deliniri,
1279 1754 1443 1840 dusaritim,
1465 1782 1521 1844 qua

229 1861 266 1921 de
284 1879 371 1921 causa
394 1862 512 1924 sobrius
539 1864 654 1941 positivi
680 1863 790 1939 gradus
815 1866 853 1925 sit
878 1870 1000 1924 tantum.
1045 1863 1100 1923 bac
1125 1863 1161 1923 dc
1188 1880 1292 1933 causa,
1315 1866 1470 1944 quonism,
1497 1867 1521 1927 si

191 1986 215 2028 u
229 1962 347 2024 sobrius
368 1964 531 2026 secundum
552 1973 742 2043 pracceptum
762 1983 849 2043 suprs
872 1965 971 2025 datum
991 1965 1124 2043 genetivo
1140 1983 1209 2025 casu
1228 1966 1344 2026 numcri
1363 1966 1522 2046 singularis

207 2053 263 2152 'or
284 2063 424 2145 syllabam
446 2068 584 2147 accipiat,
608 2083 712 2125 sonum
731 2074 830 2127 tamen
852 2067 1040 2144 comparativi
1062 2067 1172 2145 gradus
1200 2066 1299 2127 lacera
1327 2083 1386 2126 non
1412 2076 1517 2146 potest.

227 2172 260 2226 ut
277 2173 347 2244 puta
369 2166 417 2228 hic
438 2166 558 2227 sobrius
578 2166 666 2227 buius
686 2166 792 2237 sobrii,
813 2167 862 2228 bic
883 2166 926 2228 vel
947 2166 1019 2228 irasc
1040 2165 1183 2237 sobriior;
1213 2175 1243 2228 st
1260 2167 1327 2228 idco
1349 2167 1469 2231 sobrius
1489 2177 1518 2232 ct

167 2335 173 2346 ,
228 2275 326 2329 catera
350 2266 416 2329 talia
440 2267 653 2347 comparativus
674 2269 784 2346 gradus
806 2270 903 2330 lacera
923 2267 1129 2348 probibentur.

312 2369 389 2430 Sanc
411 2368 469 2430 boc
491 2386 653 2439 monemus,
676 2371 755 2451 quod
777 2373 806 2430 in
830 2371 885 2432 bau
904 2372 1015 2441 forma,
1034 2388 1091 2449 qna
1114 2369 1244 2444 diximus
1263 2372 1383 2447 pencris
1404 2390 1518 2434 masur·

188 2492 216 2535 ao
228 2469 280 2530 lini
298 2472 418 2531 nomina
441 2472 469 2530 in
492 2470 616 2548 positivo
640 2471 741 2554 graidu
764 2473 940 2532 nominativo
957 2490 1027 2533 casu
1047 2473 1163 2556 numeri
1180 2470 1338 2550 singularis
1358 2492 1394 2535 us
1416 2472 1518 2536 littaris

226 2571 350 2641 deliniri,
372 2571 445 2632 baec
467 2573 522 2632 tria
547 2575 663 2633 nomina
683 2575 881 2652 reperiuntur,
906 2592 982 2651 quaa
1000 2592 1054 2652 par
1069 2573 1179 2650 gradus
1200 2573 1373 2636 conlationis
1394 2584 1518 2656 propter

225 2691 315 2735 sonos
336 2674 458 2752 padum,
483 2675 531 2753 qui
554 2674 665 2736 scilicet
687 2676 836 2754 pertinent
857 2674 892 2734 ad
915 2683 1008 2736 matra
1031 2675 1074 2736 vel
1097 2683 1276 2743 structuras,
1297 2675 1434 2739 anomala
1451 2678 1515 2738 dstn

226 2784 296 2836 sunt
322 2777 504 2853 comparari,
539 2775 637 2836 idest
664 2775 761 2837 bonos
792 2776 886 2837 maius
912 2795 1045 2856 magnos.
1091 2776 1200 2837 iaciunt
1230 2778 1307 2838 enim
1341 2797 1377 2839 cx
1408 2795 1516 2857 genus

225 2876 387 2938 masculino
409 2878 438 2937 iu
468 2879 592 2955 positivo
614 2878 708 2955 gradu
733 2877 829 2938 bonus
852 2877 947 2938 malus
970 2895 1109 2957 magnus,
1136 2879 1164 2937 in
1190 2880 1390 2956 comparativo
1412 2879 1517 2943 melior

187 3001 214 3043 u
228 2988 257 3041 et
279 2978 400 3048 melius,
423 2981 508 3056 peior
532 2987 560 3040 st
579 2981 679 3058 peius,
708 2980 801 3039 maior
828 2989 857 3041 et
885 2981 992 3049 maius;
1022 2979 1133 3042 scilicet
1154 2981 1290 3059 quoniam
1318 2982 1416 3042 omnis
1437 3001 1516 3044 cum·

224 3081 372 3160 parativus
394 3081 504 3158 gradus
525 3081 584 3141 duo
613 3081 686 3143 baec
707 3098 816 3158 genera
840 3084 985 3150 continet,
1014 3083 1043 3143 id
1061 3088 1106 3142 sst
1128 3099 1286 3142 commune
1313 3090 1342 3143 ct
1368 3091 1514 3146 neutrum.

223 3182 274 3243 scd
302 3182 421 3262 quando
450 3182 523 3243 hacc
550 3184 716 3243 communis
743 3191 772 3244 ct
799 3184 917 3263 qnando
947 3185 1045 3245 neutri
1072 3185 1190 3262 genonis
1219 3183 1278 3244 sivc
1306 3184 1515 3248 adverbiorum

224 3302 289 3346 csso
315 3285 518 3354 dinoscantur,
552 3286 581 3345 in
610 3284 815 3364 superioribus
845 3287 903 3346 iarn
933 3288 1002 3346 sotis
1031 3287 1229 3346 tractavimus.
1273 3286 1304 3345 in
1335 3272 1515 3365 §superlativo

223 3387 351 3465 optimus
372 3388 517 3476 pessimus
540 3389 694 3448 maximus.
740 3389 782 3449 sic
808 3396 838 3449 ct
860 3406 914 3466 per
936 3388 1108 3448 femininum
1131 3394 1158 3448 ct
1180 3393 1319 3448 neutrum
1339 3405 1436 3466 genus
1462 3407 1516 3452 occ

185 3503 282 3548 moon
302 3497 339 3559 ct,
364 3491 440 3549 sicin
460 3489 622 3562 docuimus,
642 3508 800 3550 commune
818 3489 891 3550 baso
914 3490 968 3549 tria
990 3490 1208 3569 suprascripta
1231 3490 1349 3550 nomina
1371 3507 1427 3569 pcr
1449 3510 1516 3572 grn-

222 3588 278 3651 dus
300 3590 472 3651 conlationis
493 3597 615 3670 propter
637 3610 727 3672 supra
746 3592 840 3652 dictos
861 3591 968 3670 pedum
991 3578 1238 3652 sonos'anomalc
1260 3590 1326 3651 data
1346 3601 1418 3652 sunt
1435 3611 1515 3654 com·

220 3692 329 3768 paruri.
373 3708 445 3752 sanc
467 3696 552 3753 etiam
572 3693 630 3753 hoc
652 3694 688 3754 de
712 3695 757 3754 bis
778 3693 874 3754 tribus
901 3694 1130 3771 suprascriptis
1156 3691 1325 3752 nominibus
1351 3695 1514 3772 quaeritur,

222 3809 279 3869 qua
302 3792 339 3853 dc
352 3787 448 3853 'causa
468 3801 590 3870 proptor
609 3793 717 3872 pedum
741 3813 831 3856 sonos
852 3795 893 3854 sic
912 3792 1045 3855 anomala
1067 3793 1196 3855 debcant
1216 3796 1391 3872 comparari.
1422 3812 1515 3875 quus

220 3890 278 3952 hoo
301 3910 465 3961 monemus,
487 3892 567 3972 quod
589 3894 663 3955 hacc
684 3913 750 3955 curn
773 3894 891 3975 syllabis
911 3901 941 3954 ol
961 3895 1133 3957 accentibus
1151 3898 1182 3956 in
1196 3897 1298 3956 rostris
1321 3904 1515 3977 conpetenter

182 4013 208 4054 so
221 3993 422 4055 tractabimus.

307 4095 391 4155 Nunc
413 4095 499 4157 ctiam
522 4095 580 4157 boc
602 4114 756 4157 monemus
778 4099 805 4157 in
829 4097 884 4158 bac
908 4099 1000 4159 lorma
1023 4100 1141 4176 generis
1164 4099 1333 4168 masculini,
1357 4118 1415 4179 qna
1440 4101 1514 4162 disi-

220 4212 287 4258 mus
308 4198 337 4256 in
356 4197 479 4274 positivo
495 4198 589 4276 gradu
608 4199 785 4260 nominativo
808 4217 877 4260 casn
896 4201 1012 4261 numeri
1030 4200 1188 4277 singularis
1208 4204 1327 4261 nomina
1351 4221 1387 4264 us
1408 4202 1515 4266 litteris

103 4330 106 4337 ·
220 4300 349 4368 dcbvriri,
374 4300 452 4379 quod
475 4317 510 4361 cv
529 4319 562 4361 ea
585 4298 685 4378 plures
705 4302 786 4369 soni,
811 4302 838 4361 id
860 4309 904 4362 cst
925 4301 1050 4381 plurima
1079 4303 1213 4372 nomina,
1235 4303 1349 4380 possint
1368 4303 1513 4367 exbiberi.

220 4401 257 4463 da
279 4402 373 4462 torma
394 4402 511 4479 generis
531 4401 693 4469 masculini,
718 4420 773 4480 qua
794 4405 823 4463 iu
845 4405 968 4481 positivo
990 4403 1082 4481 gradu
1105 4406 1283 4465 nominativo
1303 4423 1373 4466 casu
1395 4409 1515 4469 numeri

162 4518 206 4560 ,ao
219 4504 378 4582 singularis
401 4506 520 4563 uomina
543 4522 577 4563 us
601 4503 704 4565 littaris
726 4504 842 4565 ‹leborita
872 4523 958 4582 quom
978 4507 1014 4565 ad
1037 4505 1157 4565 modum
1179 4525 1213 4566 ex
1240 4524 1272 4567 ss
1295 4507 1403 4567 iaciant
1430 4525 1514 4571 com-

292 4749 320 4798 17
340 4746 458 4814 sobriior]
474 4749 573 4800 sobrios
591 4750 630 4800 liu
699 4751 728 4801 21
752 4751 911 4814 reperiuntur
929 4767 942 4799 u
961 4753 1084 4818 repperiri
1104 4752 1126 4802 Il
1196 4754 1230 4804 27
1249 4750 1324 4819 liaeo]
1342 4751 1385 4802 bic
1402 4753 1441 4805 uu

218 4819 252 4869 28
271 4819 433 4869 dinoscantur
450 4820 658 4870 rdisnoscantur
675 4822 698 4872 R
718 4820 863 4871 dinoscatur
880 4837 894 4870 o
