3314 5506
646 382 852 446 turnultus
873 382 886 442 l
905 381 1030 442 'll-25
1440 385 1473 445 ii

274 499 367 540 raam·
384 497 410 539 r.
1290 499 1388 542 ,ιιιιι
1405 499 1429 539 ι.

190 512 316 649 scobem
337 572 439 631 iuncta
458 571 555 637 inierit,
578 571 654 631 sicut
675 570 762 631 (locui
783 573 812 630 in
831 569 908 638 libro
929 572 1035 650 primo.
1074 588 1114 631 'ro
1134 511 1288 632 ternrinatl
1310 570 1481 649 producun-

191 680 236 733 tur
261 675 294 733 in
319 673 474 750 genetivo,
505 674 608 734 (icero
626 672 911 741 Ciceronis,·l'arro
935 672 1087 741 Varronis,
1115 674 1172 735 tiro
1193 673 1306 734 tironis.
1351 690 1481 737 nnnmo

188 773 316 836 litteram
337 775 368 834 in
385 776 521 853 genetivo
547 783 578 837 et
602 777 632 836 io
651 775 789 836 omnibus
812 775 929 838 casibus
955 777 1107 855 utriusque
1129 776 1246 837 numeri
1268 775 1380 853 perdit,
1405 774 1481 836 baec

186 895 257 937 earo
283 877 378 938 buius
403 879 517 945 carnis,
546 886 669 956 excepto
696 878 828 938 vocativo
855 877 1012 954 singulari,
1041 896 1160 937 ocaro.
1205 896 1239 937 so
1266 876 1479 954 producuntur,

187 979 266 1039 nno
286 977 424 1046 Nasonis,
447 978 515 1041 Piso
535 978 659 1040 Pisonis.
703 986 749 1039 to:
771 979 873 1041 Latina
895 979 1013 1056 quidem
1034 979 1152 1040 nomina
1171 978 1227 1039 hac
1249 977 1358 1058 syllaba
1380 979 1481 1041 termi-
1507 1001 1520 1040 s

185 1089 254 1140 nata
283 1081 315 1141 in
345 1082 483 1157 genetivo
513 1081 725 1160 corripientur,
757 1079 850 1143 Britto
873 1080 1012 1143 Brittonis
1046 1080 1152 1163 [Sento
1174 1081 1327 1142 Santonis:
1362 1081 1480 1141 nomina

183 1191 256 1244 srmt
274 1184 419 1261 gentium.
461 1184 580 1244 nomina
600 1182 757 1245 mulierum
779 1186 960 1246 Graecarum
982 1191 1034 1243 ont
1056 1183 1260 1262 producuntur
1279 1190 1330 1244 aut
1351 1202 1370 1244 n
1390 1182 1481 1245 babe-

184 1284 263 1345 bunt
291 1285 324 1345 iu
352 1284 504 1360 genetivo,
536 1284 635 1345 blanto
656 1285 801 1347 blantonis
827 1284 871 1346 vel
898 1283 1028 1354 biamus,
1062 1286 1134 1345 Leto
1155 1284 1275 1347 betonis
1304 1283 1348 1345 rel
1368 1281 1481 1366 letnsJ.

184 1406 239 1446 vo:
259 1404 323 1446 noo
339 1388 438 1447 inveni
457 1385 513 1446 hac
529 1386 639 1467 syllaba
660 1405 766 1447 nomen
783 1385 901 1466 aliquod
918 1389 1115 1448 terminatum
1153 1405 1207 1448 xo:
1230 1387 1356 1449 nechao
1373 1385 1481 1467 syllaba

184 1489 286 1549 iuveni
308 1489 423 1549 boilum
446 1506 555 1550 nornen
572 1490 628 1549 nisi
649 1487 821 1557 barbarum,
845 1488 924 1568 quod
946 1488 1043 1549 audivi
1066 1489 1154 1549 Briso
1169 1490 1313 1551 Brittonis.
1353 1507 1405 1549 no:
1427 1489 1482 1551 bac
1496 1509 1521 1551 vo

184 1608 307 1669 qnoque
336 1589 446 1669 syllaba
481 1590 593 1654 nullum
622 1609 729 1652 nomen
764 1592 883 1669 repperi
912 1590 1101 1651 terminatum
1132 1591 1187 1650 nisi
1215 1608 1305 1653 unum
1337 1589 1483 1655 barbarae

183 1692 313 1752 civitatis
332 1692 442 1753 lectum
463 1694 492 1752 in
515 1692 662 1761 Sallustio,
686 1692 771 1752 Vizzo
793 1692 935 1753 Virronis.

271 1794 312 1854 l‘:
340 1793 398 1855 bac
419 1794 515 1856 littera
544 1794 657 1856 nullum
681 1814 788 1856 nornen
816 1796 930 1855 linitum
958 1796 1053 1874 potnit
1079 1795 1219 1872 reperiri,
1248 1796 1316 1873 quia
1342 1813 1398 1855 uec
1425 1794 1482 1857 bac

182 1894 285 1957 littera
306 1914 415 1956 nomen
436 1896 553 1974 aliquod
576 1898 750 1958 terminatur
774 1900 887 1962 ratione
907 1914 997 1974 snpra
1019 1904 1187 1956 monstrata.

271 1998 297 2057 ll
323 1996 422 2058 littera
445 2000 563 2059 nomina
592 2000 746 2060 terminata
772 1997 863 2060 nrulta
894 2009 971 2059 sunt.
1015 1997 1072 2057 hoc
1099 2004 1198 2057 tameo
1223 1996 1300 2058 scire
1327 1996 1478 2068 debenus
1493 2016 1518 2059 ts

183 2099 264 2178 quod
286 2101 407 2176 generis
426 2101 523 2161 omnis
546 2102 663 2161 numina
686 2100 812 2162 rlittera
832 2101 984 2162 terminata
1008 2107 1036 2160 et
1058 2099 1155 2159 rrerrtri
1176 2097 1265 2161 solius
1287 2099 1391 2161 tertiae
1412 2108 1480 2167 snm

182 2199 403 2261 declinationis.
449 2219 517 2262 narn
547 2204 572 2262 is
599 2201 709 2281 syllaba
735 2203 837 2262 finient
862 2202 1044 2279 genetivum,
1076 2200 1125 2262 bio
1149 2210 1178 2262 et
1198 2201 1272 2262 baec
1297 2207 1327 2262 et
1345 2201 1404 2261 boc
1424 2219 1479 2280 par

183 2302 275 2364 buius
297 2303 388 2380 paris,
415 2305 512 2382 impar
532 2305 608 2382 impa
616 2302 625 2386 l
633 2305 683 2373 ris,
703 2305 827 2365 cadaver
845 2304 1004 2372 cadaveris,
1026 2304 1110 2365 iecur
1129 2304 1244 2374 iecoris,
1267 2310 1391 2381 excepto
1409 2321 1479 2374 utro,

183 2404 265 2482 quod
290 2413 495 2483 monoptotum
516 2414 574 2474 est,
598 2406 654 2465 boc
675 2406 717 2475 ir,
743 2407 911 2482 significans
931 2405 1118 2466 medietatem
1140 2404 1269 2485 palmae,
1293 2423 1369 2484 quae
1387 2405 1477 2467 auam

184 2505 250 2565 vola
278 2507 403 2577 dicitur,
430 2509 542 2570 Graece
569 2504 706 2586 otono,
730 2510 849 2584 generis
883 2525 952 2568 vero
984 2506 1137 2568 masculini
1165 2515 1194 2569 ct
1222 2507 1353 2569 seminini
1381 2505 1477 2569 solum
1491 2526 1517 2566 ao

181 2609 298 2670 incerta
317 2616 401 2678 sunt,
425 2628 464 2670 au
484 2609 632 2671 secundae
653 2610 712 2669 sint
733 2607 935 2670 (inclinationis
955 2617 984 2670 et
1005 2611 1141 2687 genetivo
1160 2610 1170 2669 i
1191 2609 1338 2679 liniantur,
1360 2627 1398 2671 an
1419 2619 1478 2671 tor·

182 2710 242 2770 tiae
263 2709 479 2782 declinationis,
499 2720 532 2772 ot
550 2714 575 2772 is
593 2712 702 2792 syllaba
725 2712 921 2773 terminentur
940 2712 1092 2789 genetivo;
1121 2711 1248 2790 ideoque
1274 2730 1329 2791 per
1350 2711 1479 2789 singule·

183 2830 250 2872 ru·
279 2810 444 2873 litterarum
472 2831 489 2874 r
512 2813 638 2874 litteram
671 2815 905 2875 antecedentium
931 2813 1058 2894 syllabas
1085 2813 1278 2877 decurrentes
1311 2814 1478 2884 doceamus,

182 2932 260 2993 quae
280 2914 340 2974 sint
362 2913 566 2976 declinationis
587 2917 744 2990 secundae,
766 2935 843 2996 qnae
860 2918 973 2976 tertiae.

268 3019 310 3076 Ar
333 3034 409 3095 pura
431 3016 543 3079 nullum
565 3036 673 3078 nomen
697 3021 815 3098 repperi
837 3019 1033 3082 terminatum.
1071 3035 1104 3078 er
1126 3034 1200 3096 pura
1222 3019 1377 3081 terminata
1399 3037 1477 3081 mas·
1490 3035 1517 3077 as

184 3117 282 3178 culina
304 3119 456 3180 metandae
475 3129 544 3180 sunt
564 3118 777 3188 declinationis,
797 3138 871 3197 puer
893 3122 993 3198 pneri;
1019 3109 1158 3181 feminina
1178 3120 1282 3181 tertiae
1299 3129 1368 3181 sunt
1388 3118 1477 3183 decli·

183 3221 319 3288 canonis,
345 3218 452 3281 mulier
467 3219 608 3292 mulieris,
629 3231 659 3283 et
674 3223 757 3300 siqua
776 3221 860 3292 talia;
883 3224 981 3284 omnia
999 3231 1096 3283 tantm
1119 3222 1328 3300 corripientur.
1361 3223 1476 3302 inpura

184 3339 275 3382 naum
295 3321 503 3384 indeclinabile
526 3323 570 3384 rel
593 3332 798 3403 monoptotnm
820 3326 955 3403 repperi,
977 3324 1035 3385 boc
1058 3325 1098 3393 ir,
1121 3332 1224 3385 contra
1246 3324 1388 3386 rationem
1405 3341 1476 3385 nen·

184 3431 299 3485 trorum
328 3426 481 3487 nominum
504 3444 519 3488 r
546 3425 642 3489 littera
671 3427 907 3495 terminatorum,
935 3444 1011 3504 qnae
1041 3427 1154 3494 omnia,
1182 3427 1259 3487 sicut
1286 3432 1354 3488 anta
1380 3425 1476 3496 docui

186 3528 290 3587 tertiae
309 3533 382 3586 sunt
401 3526 613 3596 declinationis,
635 3529 664 3590 id
688 3536 733 3590 est
754 3530 888 3604 genetivo
910 3529 936 3588 is
957 3526 1066 3607 syllaba
1089 3528 1293 3589 terminantur.
1337 3525 1379 3587 Or
1401 3544 1516 3606 puram

184 3627 301 3688 inventa
330 3629 450 3704 generis
474 3630 628 3692 masculini
650 3639 680 3692 et
706 3631 839 3693 feminini
867 3633 969 3692 tertiae
993 3636 1063 3691 sunt
1088 3627 1291 3691 declinationis
1310 3629 1352 3693 ris
1376 3632 1476 3691 terni·

185 3733 283 3791 mutia
306 3729 489 3807 genetivum,
513 3752 532 3793 o
552 3735 581 3793 in
605 3735 785 3795 nominativo
807 3741 959 3812 correpta,
982 3734 1012 3793 in
1037 3733 1173 3810 genetivo
1192 3731 1350 3811 producta,
1378 3731 1428 3793 bio
1447 3740 1478 3793 et

185 3829 255 3893 baec
277 3830 386 3893 melior
412 3833 499 3895 buius
521 3834 658 3896 melioris.
704 3855 740 3896 nr
758 3854 832 3914 pura
864 3835 977 3896 nullum
999 3853 1107 3895 nomen
1135 3835 1254 3913 repperi
1277 3834 1475 3896 terminatum.

184 3931 235 3995 bar
257 3935 419 3997 terminata
441 3937 542 3997 tertiae
563 3944 633 3998 snnt
661 3937 878 3999 declinationis:
907 3938 949 3997 ris
971 3937 1082 3999 iaciunt
1101 3936 1284 4013 genetivum,
1313 3936 1371 3996 hoc
1391 3934 1478 4001 iubat

184 4036 310 4106 iubaris;
338 4036 524 4117 splendorem
548 4039 605 4099 diei
628 4040 784 4116 signifieat,
813 4038 957 4118 Vergilius
987 4038 1134 4099 ‘iubare
1162 4043 1322 4107 exorto',
1350 4054 1515 4099 numerous

185 4155 302 4218 semper
324 4138 476 4216 singulari.

267 4240 329 4301 lier
351 4243 506 4303 terminata
530 4244 627 4302 omnia
657 4249 687 4303 et
708 4244 909 4322 corripiuntur
931 4250 961 4304 et
980 4242 1128 4304 secundae
1150 4250 1220 4302 sunt
1238 4241 1475 4326 declinationis!

184 4361 248 4404 uam
276 4353 329 4406 aut
356 4342 404 4404 bri
432 4343 538 4403 sacient
565 4346 745 4423 genetivum,
782 4355 812 4405 ut
841 4344 963 4406 coluber
992 4341 1123 4413 colubri,
1157 4343 1302 4407 Cantaber
1327 4342 1476 4416 Cantabri,

247 4515 411 4568 dbrittoois.
431 4527 464 4563 no
483 4527 533 4565 non
546 4515 631 4565 inueni
648 4517 827 4579 superscriptis
844 4519 876 4567 iia
900 4531 965 4580 pune
983 4517 1131 4578 interpositu
1143 4523 1200 4566 artat
1212 4517 1257 4580 itu,
1274 4525 1363 4567 sanato
1374 4525 1476 4566 mueto-

184 4585 221 4634 ais
234 4587 338 4635 nomina
349 4593 411 4635 som
426 4585 542 4649 gentium
560 4600 708 4650 graecarum
727 4598 770 4636 ant
784 4588 957 4652 producuntur
976 4595 1020 4635 unt
1034 4602 1050 4635 ιι
1064 4585 1192 4636 habebunt
1211 4587 1235 4635 iu
1252 4587 1372 4651 genetiuo
1389 4595 1476 4638 manto

182 4657 306 4705 musonis
320 4654 361 4705 ael
377 4667 482 4705 maurus
499 4653 606 4705 teotonis
619 4656 658 4705 nel
677 4655 775 4706 ier-tous
788 4657 829 4707 B:
845 4657 923 4706 Sento
938 4653 1066 4708 Santonis.
1084 4658 1189 4706 nomina
1206 4657 1339 4707 mulierum
1353 4669 1477 4721 muscae

248 4725 280 4775 ta
299 4724 363 4774 Viso
384 4724 494 4775 Viaorvis
513 4738 531 4780 ς
548 4737 555 4776 :
573 4726 608 4774 ad
628 4726 753 4777 Tdraeiue
768 4727 852 4777 urbem
873 4727 983 4777 Bizonen
1007 4727 1103 4776 rettulit
1119 4725 1234 4776 Krr'tziua
1251 4728 1276 4777 iu
1294 4725 1401 4777 Sallust.
1416 4725 1476 4777 tier.

178 4794 270 4857 [ηρ.
283 4811 311 4859 p.
330 4795 384 4846 3⁴3
474 4795 507 4844 at
533 4794 623 4844 mulier
645 4797 761 4847 mitilenis
782 4806 841 4859 post
864 4796 988 4848 feminina
1009 4794 1086 4846 lubet
1105 4797 1129 4846 B
1213 4797 1287 4860 siqua
1307 4794 1358 4845 alia
1381 4794 1408 4847 B

178 4862 212 4915 ³5
231 4862 371 4930 Vergilius]
393 4862 465 4914 Aen.
486 4862 532 4913 llil
551 4862 601 4916 130
668 4864 711 4917 88.
722 4876 749 4915 nt
764 4864 871 4917 Calaber
887 4865 991 4917 Calabri
1008 4864 1134 4917 cantaber
1152 4865 1272 4917 Cantabri
1287 4864 1433 4917 Patrobios:
1448 4873 1476 4917 ut
