3314 5506
219 364 281 424 aro
795 358 937 441 paoni]

286 478 401 520 .rur.ra
414 478 438 518 r.
1333 474 1424 517 ,Μ
1437 473 1460 517 u

219 492 394 628 paebultima
423 546 532 628 syllaba
561 546 658 609 brevis
691 547 851 616 inuenitur,
885 553 917 607 ut
944 545 1074 607 clamitet
1098 547 1254 626 quaeritet
1297 487 1416 609 obem
1442 562 1496 607 ren

220 653 440 728 coniugationes
462 650 532 711 huic
551 650 664 710 lormae
684 649 880 719 consentiunt,
903 656 937 708 ut
952 646 1161 726 paenultimam
1180 647 1301 710 brevem
1319 646 1459 715 babeant,
1479 665 1496 707 u

370 754 425 814 ire
449 750 552 833 [iter]
577 770 696 831 neque
717 750 760 812 ab
782 758 887 812 terra
908 757 1057 811 moneat
1077 768 1103 811 c.
1125 749 1149 810 i.

218 862 248 916 et

193 980 206 1019 a
370 956 499 1017 audiat
519 955 609 1016 haee
630 956 782 1034 genitor
805 955 866 1033 qui
887 953 1041 1016 foedera
1063 954 1083 1015 i.
1102 970 1154 1015 s..

219 1058 373 1118 novissima
398 1059 483 1118 etiam
506 1055 624 1136 syllaba,
646 1073 721 1134 quae
743 1063 755 1115 t
774 1054 871 1118 littera
893 1062 1073 1118 consonante
1095 1072 1213 1135 semper
1234 1055 1345 1126 linitur,
1368 1056 1400 1116 in
1419 1057 1496 1118 omiti

219 1159 275 1219 bus
295 1158 392 1218 brevis
413 1165 464 1218 est.
506 1159 534 1217 in
557 1157 694 1218 omnibus
715 1165 813 1219 autem
834 1157 1090 1235 coniugationibus
1112 1174 1237 1218 numero
1255 1155 1364 1235 plurali
1386 1174 1496 1236 person

219 1260 347 1320 secunda
370 1258 581 1338 paenultimam
603 1258 744 1338 syllabam
768 1277 885 1337 semper
910 1257 1028 1337 longam
1051 1266 1081 1320 et
1098 1257 1232 1320 ultimam
1254 1258 1376 1321 brevem
1398 1261 1496 1340 recipit

220 1368 252 1421 nt
271 1360 425 1422 elamatote
447 1368 596 1421 monetote
615 1360 744 1422 auditote
766 1361 927 1422 scribitote.

183 1487 208 1527 ro
306 1462 439 1541 Optativo
468 1462 555 1523 modo
582 1469 714 1542 tempore
742 1464 890 1541 praesenti
922 1468 951 1523 et
977 1463 1136 1539 praeterito
1160 1460 1337 1541 imperfecto
1362 1463 1496 1542 producti

221 1563 476 1642 coniugationibus
503 1565 599 1642 prima
622 1582 750 1643 persona
780 1564 937 1643 singularis
961 1561 1170 1642 paenultimam
1193 1562 1314 1642 longam
1340 1572 1371 1627 et
1397 1574 1496 1645 postte

221 1685 298 1727 mam
327 1663 448 1726 brevem
477 1665 580 1735 babel,
613 1667 724 1727 utinam
754 1684 884 1727 amarem
908 1665 1047 1726 docerem
1072 1664 1223 1734 audirem;
1261 1667 1349 1727 tertia
1377 1674 1496 1745 corrept

221 1769 342 1846 corripit
372 1766 597 1846 paenultimam,
628 1775 662 1828 ut
688 1769 850 1846 arriperem
881 1769 1041 1847 cingerem.
1086 1766 1217 1828 secunda
1245 1784 1374 1845 persona
1399 1767 1496 1831 duabu

220 1869 316 1946 longis
345 1871 534 1939 terminatur,
570 1871 680 1929 utinam
708 1887 823 1930 amares
856 1887 993 1931 moneres
1024 1868 1151 1930 audires.
1196 1867 1253 1929 hae
1280 1869 1361 1929 euim
1388 1869 1496 1931 vocales

184 1970 328 2048 inquibus
360 1971 526 2048 coniugatio
551 1971 695 2047 producta
722 1971 922 2047 cognoscitur,
955 1971 1064 2050 ubique
1098 1969 1224 2050 produci
1250 1968 1362 2032 debent
1395 1979 1496 2049 praeter

222 2075 336 2133 tertiam
365 2080 548 2150 correptam,
576 2089 651 2150 quae
677 2091 692 2131 e
719 2071 845 2133 litteram
872 2079 1039 2150 correptam
1069 2074 1183 2151 recipit.
1228 2073 1315 2133 tertia
1345 2091 1415 2134 vero
1443 2090 1496 2135 eou-

222 2176 330 2252 iugatio
362 2182 499 2250 correpta
528 2170 736 2250 paenultimam
766 2175 901 2252 corripit,
940 2175 1052 2235 utinam
1079 2176 1223 2251 cingeres.
1268 2174 1355 2235 tertia
1387 2192 1496 2254 persona

221 2275 377 2352 singularis
410 2275 524 2351 primae
557 2276 710 2335 consentit.
755 2274 861 2354 plurali
889 2292 1014 2338 numero
1044 2277 1139 2354 prima
1170 2282 1200 2335 et
1219 2274 1350 2335 secunda
1384 2294 1496 2354 persora

221 2377 353 2435 omnium
373 2376 609 2452 coniugationum
627 2374 640 2457 ss
654 2376 864 2453 paenultimam
886 2376 1004 2455 longam
1027 2387 1055 2438 et
1070 2376 1201 2439 ultimam
1218 2374 1341 2438 breve·
1356 2380 1496 2457 recipiunt

182 2499 208 2538 ao
222 2484 254 2536 nt
275 2478 386 2537 utinam
406 2474 601 2537 clamaremus
625 2466 803 2548 clamaretis,
827 2496 1016 2539 moneremus
1038 2480 1213 2546 moneretis,
1237 2479 1409 2540 audiremus
1430 2479 1496 2541 audi

221 2580 304 2648 retis,
332 2595 506 2656 raperemus
537 2581 688 2656 raperetis.
710 2576 820 2661 {tertia
852 2597 977 2657 persona
1009 2581 1038 2639 in
1071 2579 1224 2658 productis
1254 2580 1496 2658 coniugationibu

221 2679 429 2759 paenultimam
452 2679 597 2757 producit,
619 2681 647 2740 in
670 2682 753 2741 tertia
777 2689 913 2758 correpta
935 2681 1072 2759 corripit,
1097 2682 1208 2741 utinam
1231 2682 1395 2758 cingerent
1440 2690 1496 2743 tem

221 2800 294 2861 [tore
316 2782 474 2860 praeterito
497 2781 628 2858 perlecto
650 2788 678 2841 et
699 2781 987 2861 plusquamperfecto
1009 2780 1147 2843 omnihus
1167 2782 1424 2861 coniugationibus
1444 2802 1496 2864 per

221 2902 292 2945 sona
311 2884 405 2961 prima
428 2882 584 2962 singularis
607 2891 784 2961 postremam
807 2883 928 2944 brevem
951 2883 1052 2953 babet,
1075 2883 1205 2945 secunda
1227 2902 1354 2962 persona
1375 2882 1493 2962 longam

182 3006 207 3046 aa
222 3004 254 3046 es
273 2987 350 3046 enim
374 2983 484 3064 syllaba
506 2985 648 3064 producta
669 2987 856 3054 terminatur,
886 2991 917 3046 ut
939 3003 1069 3046 amasses
1091 2985 1233 3046 audisses.
1277 2988 1362 3047 tertia
1386 3005 1496 3066 person

221 3090 332 3164 primae
354 3087 499 3162 congruit.
544 3085 698 3165 pluraliter
717 3088 746 3146 in
769 3086 906 3147 omnibus
929 3086 1185 3165 coniugationibus
1207 3087 1302 3164 prima
1322 3089 1496 3169 secundaqu

221 3206 346 3268 persona
368 3186 574 3266 paenultimam
596 3188 714 3266 longam
742 3197 771 3248 et
794 3196 972 3267 postremam
996 3188 1116 3250 brevem
1143 3187 1248 3259 babet,
1277 3197 1310 3250 ut
1332 3208 1496 3252 amassemu

221 3292 381 3358 amassetis,
403 3291 603 3368 rapuissemus
626 3291 805 3368 rapuissetis.
837 3298 970 3368 tempore
987 3291 1087 3352 luturo
1105 3292 1201 3369 prima
1213 3307 1350 3368 ,persona
1368 3291 1496 3368 paenulti

221 3411 299 3453 mam
321 3390 462 3471 syllabam
489 3393 518 3451 iu
540 3387 676 3451 omnibus
698 3392 954 3468 coniugationibus
977 3393 1114 3471 corripit,
1144 3393 1257 3453 utinam
1278 3391 1427 3454 clamitem
1450 3412 1496 3454 mo

182 3513 305 3554 noricam
335 3495 451 3555 audiam
483 3494 614 3570 eripiam.
660 3496 683 3554 si
711 3512 781 3554 vero
810 3495 904 3572 prima
930 3493 1011 3555 verbi
1042 3492 1151 3573 syllaba
1181 3495 1211 3553 in
1240 3492 1422 3571 paenultimo
1447 3494 1496 3555 loc

221 3596 324 3666 luerit,
355 3613 410 3673 pro
435 3603 539 3655 natura
564 3596 610 3655 sui
637 3594 722 3674 longa
751 3596 911 3665 iuvenitur,
944 3597 1056 3656 utinam
1082 3595 1223 3663 clamem,
1250 3596 1361 3656 utinam
1386 3595 1493 3657 dorrem

221 3715 237 3756 a
260 3695 356 3757 littera
374 3698 544 3776 corripitur,
568 3703 601 3755 ut

374 3795 531 3857 llumina
554 3814 668 3856 amem
689 3796 882 3876 silvasque
905 3799 1100 3877 inglorius

221 3897 322 3958 ultima
346 3899 477 3958 onmium
500 3915 618 3976 semper
645 3897 742 3959 brevis
765 3906 817 3959 est.
862 3901 891 3960 iu
913 3918 1039 3979 persona
1061 3899 1190 3961 secunda
1213 3900 1316 3961 eadem
1341 3902 1398 3961 erit
1425 3916 1496 3979 paen

182 3998 321 4058 asrrltima
347 3997 472 4078 syllaba,
506 4016 581 4076 quae
608 4000 636 4058 in
662 4001 756 4079 prima
779 4001 877 4061 luerit.
922 4002 1050 4063 secunda
1080 4020 1222 4081 persona,
1257 4005 1318 4063 sive
1343 4021 1376 4063 es
1400 4005 1496 4064 siren

221 4099 345 4179 syllabas
368 4100 520 4168 habuerit,
550 4098 665 4160 ultimas
687 4102 833 4179 producit.
878 4104 906 4162 iu
931 4106 1016 4163 tertia
1042 4121 1169 4182 persona
1196 4102 1377 4183 paenultima
1404 4101 1496 4184 syllak

222 4202 322 4261 eadem
352 4220 426 4282 quae
453 4202 484 4261 in
506 4203 708 4281 superioribus
736 4206 805 4274 erit,
837 4204 937 4266 ultima
966 4223 1036 4266 vero
1064 4225 1182 4286 semper
1210 4206 1317 4266 brevis.
1364 4203 1496 4284 pluralitr

221 4310 318 4364 autem
341 4311 370 4364 et
392 4305 486 4382 prima
510 4312 538 4364 et
558 4305 686 4365 secunda
710 4325 835 4384 persona
863 4308 893 4366 iu
921 4307 1058 4368 omuibus
1085 4307 1343 4386 coniugationibus
1370 4304 1496 4385 paenul!

221 4424 299 4466 mam
321 4405 439 4482 longam
460 4408 566 4486 recipit
588 4414 618 4468 et
640 4407 771 4469 ultimam
793 4407 927 4476 breuem,
953 4416 983 4469 ut
1006 4410 1115 4470 utinam
1139 4411 1283 4471 donemus
1304 4409 1427 4477 donetis,
1449 4426 1496 4468 unt

182 4525 207 4563 ao
222 4526 344 4568 neamus
365 4510 522 4578 moneatis,
546 4509 699 4570 audiamus
721 4511 860 4578 audiatis,
887 4509 1020 4589 legamus
1042 4510 1154 4588 legatis,
1200 4515 1289 4572 tertia
1318 4513 1423 4571 tertiae
1444 4526 1493 4587 pe

220 4628 309 4671 senae
332 4609 475 4688 singulari
494 4611 524 4670 iu
546 4611 724 4689 paenultima
745 4610 855 4690 syllaba
877 4612 978 4673 similis
1001 4614 1156 4674 invenitur.

290 4754 370 4821 3ire]
394 4757 472 4821 Verg.
487 4770 573 4821 georg.
597 4757 669 4806 1457
740 4754 1185 4821 aniruttu]Verp.Aen.x11200
1256 4759 1288 4809 14
1305 4772 1421 4809 moneres
1437 4748 1496 4805 eud

222 4841 262 4875 res
282 4839 396 4874 marteres
414 4826 439 4874 B
510 4825 572 4874 bare
590 4825 614 4873 lt
701 4824 734 4876 33
752 4824 867 4890 fleturiua]
893 4829 970 4891 Vcrg.
987 4844 1076 4892 georg.
1098 4829 1117 4876 ll
1136 4827 1187 4879 486
1273 4826 1308 4878 40
1326 4830 1496 4879 tertiana-t
