3314 5506
680 370 890 431 PRAEFATIO
1338 388 1430 435 xxm

133 554 258 639 medes)
282 562 350 618 siae
372 561 498 619 alterius
519 562 686 634 euripicen,
713 568 744 618 nt
766 576 876 619 accuso
898 578 933 618 as
955 567 996 619 at.
1035 564 1182 632 infinitiva
1204 581 1278 623 sane
1300 568 1432 639 parilitas

132 671 191 737 est,
215 664 246 720 iv
270 679 333 736 aaa
362 663 440 721 lvaec
462 665 602 721 universa
633 660 765 734 confusa
790 669 875 734 sunt,
911 669 944 722 ut
971 665 1100 737 lepere’:
1137 660 1246 725 Diom.
1273 670 1349 741 338,
1380 674 1430 733 17.

131 759 211 823 ibid.
234 759 259 822 f.
276 766 316 828 93
341 765 388 823 vel
408 765 572 823 secunaum
594 764 724 823 Probum
746 767 848 823 activa
870 782 907 822 ea
928 772 999 824 sunt
1020 783 1098 840 quiae
1119 767 1280 826 annmtaeat
1303 763 1336 847 (l.
1354 786 1431 843 petae

132 868 297 924 ‹inemtancat
318 873 419 925 actum
441 872 573 925 nostrum
594 861 793 946 sianificant),
817 884 884 926 cum
907 869 969 927 alio
985 875 1092 940 apente
1112 870 1151 927 sit
1172 871 1226 941 arei
1240 872 1372 944 patitur,
1397 878 1431 931 ut

131 984 311 1028 accusans.
357 970 544 1026 extrinsecus
565 970 642 1026 enim
665 974 807 1042 expectat
823 971 1001 1043 patientem.
1045 972 1090 1029 sic
1106 973 1232 1044 passiva
1253 978 1336 1044 sunt,
1361 990 1428 1031 eum

133 1072 196 1128 olio
209 1072 345 1145 patiente
353 1087 450 1144 penes
465 1071 558 1130 alium
579 1073 617 1129 sit
637 1071 877 1143 administratio,
902 1077 935 1130 ut
949 1087 1075 1130 accersor
1091 1073 1256 1131 accusaris.
1287 1080 1429 1148 expectat

131 1173 211 1230 euim
233 1174 422 1232 extrinsecus
444 1179 590 1245 repentem.
634 1177 744 1231 neutra
765 1178 835 1230 sunt
856 1189 933 1245 onae
956 1190 973 1231 o
995 1175 1098 1232 littera
1120 1176 1331 1233 terminantur.
1376 1177 1429 1234 sca

131 1275 299 1334 secundum
324 1274 453 1333 hohern
477 1268 534 1353 (cs.
559 1269 598 1333 de
621 1268 726 1333 differ.
750 1292 781 1353 p.
806 1277 882 1348 201,
908 1269 961 1354 15)
985 1282 1124 1334 neutrum
1147 1278 1332 1348 innomine,
1357 1294 1428 1336 nerv-

132 1379 213 1436 trale
235 1379 266 1435 in
290 1377 380 1436 verbo
401 1378 513 1436 rectius
535 1376 677 1436 animas:
706 1371 814 1434 Diom.
839 1379 915 1450 336,
938 1377 988 1440 26.
1032 1372 1112 1436 ibid.
1135 1371 1160 1436 f.
1184 1382 1225 1442 94
1246 1379 1301 1436 secl
1320 1395 1337 1436 e
1358 1396 1427 1437 con·

132 1480 233 1538 trario
256 1478 373 1537 Probus
394 1479 538 1550 adfirmat
565 1484 680 1553 tempus
701 1480 732 1535 in
754 1494 786 1536 se
810 1473 884 1557 (per
905 1494 937 1536 se
957 1472 1148 1558 Diomedes)
1171 1481 1285 1538 nullum
1308 1483 1428 1540 omnino

132 1583 313 1656 diremptum
335 1586 397 1653 est,
426 1597 494 1639 cum
513 1595 570 1654 per
591 1595 623 1638 se
644 1582 675 1638 ia
698 1595 730 1638 sc
750 1580 915 1638 revolvitur
937 1573 973 1653 (Ι.
996 1576 1184 1660 revolvatur)
1208 1586 1237 1639 et
1257 1583 1295 1640 sit
1316 1599 1428 1657 perpe·

131 1693 214 1743 tuum
239 1679 275 1762 (l.
293 1676 458 1762 perpetuo)
483 1683 598 1741 anitum
619 1689 649 1740 et
671 1682 868 1741 individuum.
906 1682 962 1740 sed
983 1685 1123 1756 quoniam
1145 1691 1232 1743 aetus
1253 1691 1354 1742 noster
1376 1701 1427 1743 va-

131 1789 235 1844 riatur
256 1801 312 1843 aec
333 1786 412 1843 illem
433 1800 550 1858 semper
570 1791 628 1857 est,
658 1785 814 1843 individuo
836 1789 969 1858 tempore
992 1778 1027 1863 (l.
1050 1780 1192 1862 tempori)
1212 1802 1271 1859 per
1297 1792 1426 1863 metony-

132 1890 223 1946 miam
249 1894 356 1962 partes
383 1888 525 1959 temporis
546 1887 693 1961 inponere
713 1886 856 1958 solemus,
881 1901 941 1944 non
964 1891 1078 1960 tempus
1100 1888 1273 1947 divisiones.
1319 1890 1427 1947 etenim

132 1997 186 2048 ant
208 1991 328 2062 opimus
350 1994 405 2047 aut
427 1991 529 2047 acturi
548 2005 658 2048 sumus.
689 1988 761 2046 ltine
776 1988 858 2060 quoa
872 1990 990 2060 opinus
1004 1990 1034 2047 ia
1050 1995 1112 2048 tres
1130 1992 1289 2063 partiones
1304 1984 1340 2070 (l.
1351 2007 1426 2065 por·

131 2086 241 2168 tiorres)
265 2091 428 2150 dividimus
454 2096 484 2149 et
510 2091 636 2150 dicimus
665 2091 783 2148 instans
806 2092 1007 2163 praeteritum
1031 2088 1182 2161 futurum.
1228 2094 1344 2151 instans
1371 2100 1424 2165 est,

131 2193 215 2268 quod
235 2201 264 2250 et
278 2208 445 2268 praesens,
475 2209 541 2251 ema
569 2193 645 2266 qvid
670 2193 803 2251 manime
824 2192 958 2264 opimum
982 2196 1197 2267 praeteritam,
1230 2196 1427 2266 cumjacere

132 2296 294 2353 desinimus
308 2300 337 2352 et
351 2301 452 2353 aetram
463 2296 653 2368 perficimus·
672 2293 828 2366 futurum,
852 2310 919 2353 cura
935 2311 996 2353 non
1011 2295 1111 2354 adhuc
1126 2312 1219 2368 apere
1233 2297 1423 2368 instituimus,

130 2398 184 2455 sea
204 2405 328 2455 acturos
349 2413 404 2455 nos
420 2398 633 2470 promittimus.
678 2397 708 2454 in
727 2397 897 2470 praeterito
919 2397 978 2455 auo
1000 2403 1135 2473 tempora
1156 2403 1225 2456 sunt
1247 2400 1423 2470 artificalia.

132 2505 215 2557 ortes
236 2501 315 2557 enirn
336 2499 524 2571 exipentibus
542 2497 661 2570 fabulis
688 2505 717 2556 et
746 2498 834 2557 rebus
856 2501 932 2557 actis
958 2500 1054 2557 seculi
1075 2493 1111 2579 (l.
1133 2496 1270 2580 saecula)
1294 2501 1424 2575 reperie-

131 2608 212 2659 runt.
244 2598 446 2674 inperfectum
467 2601 597 2682 scilicet,
623 2601 656 2658 iel
677 2606 721 2658 est
742 2615 800 2658 non
824 2605 886 2658 tara
910 2593 946 2679 (l.
963 2594 1036 2678 iam)
1055 2599 1244 2674 perfectum,
1270 2610 1302 2661 ut
1321 2604 1349 2660 si
1370 2604 1424 2660 ali·

131 2704 206 2777 quid
232 2705 365 2775 opimus,
397 2703 479 2775 quoti
506 2718 566 2760 non
589 2703 782 2776 perficientes
804 2718 899 2774 apere
927 2703 1102 2775 desinimus,
1133 2704 1212 2761 uncle
1232 2705 1289 2763 lnoc
1311 2710 1426 2778 tempus

130 2805 332 2864 inchoativum
356 2805 487 2871 nicilum
513 2802 702 2878 perfectum,
733 2804 790 2863 lvoc
811 2811 855 2862 est
875 2821 943 2863 cave
962 2803 1072 2876 facere
1093 2806 1254 2864 desinimus
1275 2813 1304 2864 et
1325 2813 1425 2864 actum

128 2909 318 2982 perficimus,
353 2907 435 2979 quod
463 2906 520 2963 alii
551 2906 760 2978 absolutiorem,
795 2907 851 2964 alii
875 2908 1052 2977 infinitivum
1080 2909 1202 2975 dicant;
1232 2909 1306 2982 plus
1333 2917 1424 2981 quarn

130 3017 230 3067 anatem
247 3006 440 3082 perfectum,
470 3007 552 3081 quoa
572 3009 798 3066 vetustissimum
821 3008 940 3080 dicunt,
970 3025 1036 3068 cum
1065 3027 1124 3068 noa
1151 3011 1246 3069 solum
1268 3010 1343 3082 quia
1363 3011 1425 3082 epi·

129 3129 212 3183 mus,
239 3111 295 3170 secl
317 3112 411 3184 lonpa
436 3111 664 3184 intercapedine
690 3111 903 3169 inveteraverit
925 3111 1027 3169 nolis:
1056 3107 1164 3170 Diom.
1188 3115 1264 3187 335,
1294 3115 1345 3174 21.
1369 3107 1423 3170 'in

129 3209 242 3273 codice
264 3207 418 3272 Leidensi
449 3205 527 3270 bibl.
555 3205 646 3291 publ.
671 3214 731 3275 136
760 3229 844 3270 saec.
869 3204 903 3269 X
924 3205 947 3270 f.
973 3216 1033 3277 143
1060 3215 1129 3272 item
1157 3215 1286 3272 ostendit
1308 3214 1425 3273 Probus

129 3332 192 3375 esse
214 3331 314 3373 omnes
338 3329 502 3389 personas,
533 3313 636 3372 dicens
664 3313 702 3371 dc
727 3315 913 3388 usurpativis
935 3316 1147 3387 ‘usurpativas
1169 3311 1205 3394 (Ι.
1229 3310 1422 3393 usurpativa)

128 3419 243 3492 species
263 3422 308 3474 est
329 3415 419 3474 liuius
444 3416 540 3486 motii,
569 3431 637 3475 cum
666 3417 791 3475 dicimus
819 3416 945 3489 lepenav
961 3418 1131 3491 proticiscit
1154 3412 1190 3495 (l.
1208 3411 1360 3497 proficit),
1391 3418 1424 3474 id

129 3526 174 3578 est
195 3520 267 3577 dum
288 3520 378 3591 levit,
407 3518 529 3590 lepenai
553 3534 648 3577 causa
676 3519 771 3590 venit,
806 3519 903 3576 idest
924 3518 1076 3592 vileant,
1108 3519 1266 3592 Inpendam
1293 3519 1349 3577 tibi
1368 3524 1421 3590 esi,

129 3622 164 3680 inl
183 3629 229 3680 est
248 3635 368 3680 necesse
389 3627 432 3678 est
454 3628 486 3679 ut
506 3621 600 3692 lepos.
631 3621 678 3678 leis
699 3621 775 3678 enim
794 3618 866 3691 fere
887 3620 1006 3679 casibus
1027 3628 1216 3694 usurpantur
1237 3621 1320 3680 aicta
1342 3620 1426 3694 quod

130 3740 186 3782 usu
207 3724 349 3781 exerceri
368 3738 426 3795 quo
453 3722 542 3781 modo
566 3723 623 3781 lnoc
645 3727 741 3795 pacto
763 3722 875 3794 lenitur
897 3724 1136 3781 demonstratur'
1162 3717 1199 3802 (f.
1223 3729 1421 3796 usurpantur,

129 3826 310 3899 usurpativa
333 3825 432 3896 dicia,
457 3824 540 3898 quoa
554 3841 609 3882 usu
624 3826 764 3882 exerceri
776 3825 858 3898 orroei
871 3825 929 3883 noc
944 3830 1041 3899 paeto
1059 3825 1172 3899 lenitur
1186 3819 1424 3903 demonstrant)

129 3922 238 3986 Dium.
262 3928 339 4001 395,
364 3929 415 3990 30.
460 3920 572 3984 sedin
595 3920 741 3984 hiscum
763 3920 955 3984 manifestus
983 3921 1026 3985 sit
1046 3943 1222 3986 consensus
1244 3920 1422 4000 Diomedis,

127 4047 193 4090 non
215 4024 331 4088 dubito
355 4045 396 4086 ex
419 4022 532 4086 eodem
554 4022 644 4087 sonte
666 4031 812 4107 repetere
833 4021 905 4116 illu,
936 4021 1089 4088 Consent.
1112 4047 1144 4109 p.
1168 4032 1246 4093 2051
1273 4030 1422 4103 quaedum

127 4149 198 4191 vero
219 4132 297 4191 talia
318 4136 403 4201 sunt,
429 4135 618 4188 celaenarum
640 4128 762 4201 luorum,
785 4131 864 4188 sicut
879 4129 997 4189 Probus
1012 4131 1058 4188 vir
1073 4132 1260 4190 doctissimus
1282 4132 1420 4202 aarvotat,

126 4236 306 4304 admittant,
337 4239 371 4290 ut
397 4232 485 4305 alveo
513 4238 626 4290 aestuo.
670 4247 766 4305 neque
793 4232 887 4302 enim,
917 4234 1026 4306 inquit,
1058 4230 1167 4290 latine
1189 4233 1301 4292 elicitur
1323 4234 1423 4292 volcas

124 4338 315 4396 antinoitas
335 4335 402 4408 qun
424 4340 543 4393 aestuat
564 4339 617 4392 aut
638 4334 733 4406 olpet,
762 4350 830 4393 cum
859 4334 918 4393 lvoc
939 4351 979 4392 en
1000 4336 1176 4393 necessitate
1192 4351 1253 4410 pro
1275 4336 1424 4409 qualitate

123 4439 267 4516 ternpnris
297 4437 422 4495 evenire
449 4437 604 4494 viaeatur:
631 4429 740 4494 Diom.
764 4438 841 4511 337,
872 4439 922 4498 10.
967 4430 1079 4516 Pomp.
1102 4453 1135 4516 p·
1159 4439 1220 4501 367
1249 4436 1341 4495 naves
1365 4435 1422 4495 lnoc

121 4547 151 4602 ia
172 4541 298 4601 Probo:
320 4536 441 4610 salsum
463 4544 520 4610 est,
551 4539 640 4610 dicit,
670 4539 753 4612 quod
773 4539 893 4609 dicunt,
923 4539 1043 4596 verbum
1066 4539 1217 4614 deponens
1237 4555 1300 4596 esse
1327 4539 1365 4597 ab
1387 4555 1423 4597 eo

119 4647 201 4721 quaa
220 4660 287 4705 non
311 4641 449 4714 deponat
470 4656 487 4696 r
508 4640 655 4713 litteram,
679 4642 769 4714 qnasi
788 4645 860 4698 eata
882 4641 1090 4715 antiphrasin,
1114 4656 1173 4715 qno
1194 4641 1282 4699 mocio
1303 4639 1423 4701 Parcas

118 4750 155 4807 ab
179 4765 219 4809 eo
248 4743 339 4822 quod
367 4757 428 4800 non
452 4750 602 4816 parcunt,
637 4759 696 4816 quo
722 4740 811 4800 modo
839 4741 965 4800 elicimus
996 4744 1097 4802 lucum
1126 4743 1164 4801 alr
1191 4759 1226 4802 eo
1253 4744 1335 4817 quod
1361 4761 1421 4803 aon

115 4853 235 4920 luceam
258 4848 308 4908 εἰς
332 4851 363 4902 el
385 4844 552 4919 deponens:
574 4839 683 4904 Dioni.
700 4847 777 4919 337,
801 4845 852 4907 24.
882 4840 916 4903 in
937 4839 1049 4904 codice
1071 4840 1218 4904 Parisino
1235 4847 1315 4911 7191
1340 4841 1364 4905 s.
1381 4848 1421 4910 92
