3346 5506
537 404 734 467 lNSTlTVTb
758 405 899 467 attrivit
922 405 1090 468 rra-775
1404 411 1464 473 165

235 535 253 575 p.
264 521 305 566 20⁴.
315 522 340 563 ⁹⁶
354 521 380 564 ii.
1243 538 1266 577 p.
1280 525 1370 566 ete—ee
1386 524 1413 566 v,

198 594 379 663 seneticam
402 592 569 661 docuisses,
591 594 703 653 utinam
726 592 892 661 docuisset;
922 596 1038 655 numeri
1060 595 1182 672 pluralis
1211 597 1323 656 utinam
1345 596 1464 658 docuis-

197 714 279 764 tcnus,
300 695 411 757 utinam
427 693 613 764 docuissetis,
638 697 747 756 utinam
768 694 954 755 docuissent:
978 697 1082 758 eodem
1099 699 1187 759 modo
1211 705 1344 777 tempore
1363 699 1463 760 iraturo

197 797 287 859 numeri
307 795 464 876 singularis
486 797 598 856 utinam
622 797 755 865 doceam,
779 797 890 857 utinam
914 798 1036 867 doceaS,
1061 800 1172 861 utinam
1190 800 1308 870 doceat;
1346 803 1462 861 numeri

196 898 291 979 dualis
318 900 430 960 utinam
453 898 629 970 doceamus,
659 901 772 960 utinam
795 899 938 968 doceatis,
968 901 1078 961 utinam
1102 902 1236 962 doceant.
1281 902 1369 962 modo
1391 919 1461 962 con·

195 1002 296 1063 iunctim
324 1009 458 1078 ternpore
480 1002 630 1079 praesenti
656 1001 715 1061 sive
738 1002 858 1061 instanti
884 1003 1000 1062 numeri
1021 1002 1178 1080 singularis
1206 1023 1273 1065 cum
1295 1004 1340 1065 vei
1362 1004 1386 1064 si
1408 1005 1460 1065 do·
1487 1031 1500 1069 e

196 1120 269 1174 cum,
288 1121 355 1165 cum
377 1101 423 1163 rel
443 1103 469 1162 si
492 1101 614 1171 doceas,
637 1121 704 1164 cum
730 1103 773 1162 vei
796 1104 821 1162 si
843 1102 963 1171 doceat;
993 1106 1109 1167 numeri
1129 1104 1254 1183 pluralis
1281 1125 1347 1166 eum
1370 1104 1415 1167 vei
1437 1108 1462 1167 si

196 1204 335 1274 dommus,
356 1221 424 1265 cum
447 1202 491 1265 vei
513 1204 537 1264 si
558 1203 697 1275 doceatis,
720 1221 788 1264 cum
809 1203 853 1264 vei
872 1205 896 1264 si
919 1205 1058 1265 doceant:
1088 1207 1192 1267 eodem
1216 1207 1303 1268 modo
1327 1216 1461 1287 tempore

196 1308 325 1386 praeterito
352 1306 452 1386 specie
479 1306 653 1384 imperfecta
684 1307 744 1366 sive
771 1305 868 1366 miuus
892 1325 980 1386 quam
1003 1307 1133 1386 perfecta
1156 1308 1199 1369 vei
1221 1309 1385 1370 inchoativa
1406 1326 1460 1369 uu-

197 1410 250 1470 tueri
265 1405 418 1487 singtdaris
438 1426 505 1468 cum
528 1407 572 1469 vel
593 1409 618 1468 si
640 1409 789 1478 docerem,
815 1427 881 1468 eum
903 1408 948 1470 vel
971 1409 995 1468 si
1017 1409 1149 1481 doceres,
1171 1430 1237 1472 curn
1262 1410 1306 1470 vel
1328 1412 1354 1471 si
1372 1410 1460 1472 doce·

196 1517 239 1579 reb
266 1511 380 1572 numeri
403 1507 547 1593 plurafllis
574 1528 640 1570 eum
663 1509 707 1571 vel
729 1510 753 1570 si
775 1510 965 1580 doceremus
997 1529 1064 1571 cum
1085 1510 1130 1573 vei
1153 1513 1177 1573 si
1200 1513 1361 1580 doceretis,
1391 1530 1459 1573 cum
1475 1536 1499 1575 ro

197 1610 228 1672 vd
242 1613 263 1673 ei
277 1613 431 1674 docerent:
455 1612 559 1673 eodem
580 1611 669 1672 modo
691 1612 794 1673 eodem
815 1621 951 1692 tempore
974 1614 1073 1690 speeie
1094 1615 1226 1692 perfecta
1248 1616 1308 1676 sive
1327 1611 1462 1675 absoluta

197 1716 285 1776 numeri
306 1714 465 1792 singularis
494 1732 560 1774 cum
583 1712 628 1775 vei
650 1715 674 1773 si
698 1713 864 1783 docuerim,
893 1731 960 1774 eum
984 1712 1028 1775 vei
1049 1716 1074 1776 si
1096 1717 1249 1785 docueris
1279 1734 1346 1777 cnm
1368 1715 1415 1777 vel
1436 1717 1462 1776 si

197 1813 316 1885 iuverim
351 1817 468 1877 numeri
490 1814 612 1894 pluralis
639 1834 705 1876 eum
729 1815 774 1876 vei
796 1817 820 1876 si
847 1815 1051 1886 docuerimus,
1082 1837 1149 1879 cum
1177 1817 1222 1878 vei
1243 1818 1267 1878 si
1290 1819 1459 1889 docueritis,

198 1934 245 1977 run
261 1916 301 1980 vei
323 1920 349 1980 si
370 1917 541 1979 docuerint:
576 1918 681 1979 eodem
704 1917 792 1979 modo
820 1918 924 1978 eodem
944 1925 1079 1996 tempore
1106 1920 1205 1998 speeie
1233 1918 1459 1998 plusquamper-

198 2017 251 2080 iecta
266 2020 321 2082 eive
341 2019 526 2081 recordativa
544 2017 589 2080 vel
609 2027 710 2081 exacta
738 2020 853 2080 numeri
875 2019 1033 2098 singularis
1052 2039 1118 2081 cum
1142 2020 1188 2082 vei
1207 2017 1212 2104 Ι
1231 2022 1257 2082 si
1280 2021 1456 2093 docuissem,
1472 2043 1496 2084 ιε

198 2136 245 2181 cen
262 2121 302 2184 vei
321 2123 345 2183 oi
368 2121 533 2192 docuisses,
562 2141 629 2183 cum
656 2122 701 2183 vei
723 2124 748 2181 si
776 2121 942 2190 docuisset;
983 2123 1099 2182 numeri
1125 2122 1249 2202 piuraiis
1276 2141 1343 2184 cum
1366 2121 1412 2183 vei
1434 2124 1459 2184 si

198 2219 383 2294 docuissemus,
407 2242 474 2285 cum
495 2222 540 2283 vei
560 2225 585 2284 si
604 2224 792 2292 docuissetis,
821 2242 888 2284 cum
911 2222 957 2284 vei
976 2225 1000 2284 si
1023 2224 1206 2286 docuissent:
1243 2225 1348 2286 eodem
1370 2226 1459 2287 modo

197 2326 301 2403 tenpore
319 2327 420 2388 iuturo
441 2327 557 2386 numeri
578 2325 735 2402 singularis
758 2345 824 2386 cum
844 2324 888 2385 vei
903 2327 927 2386 si
950 2326 1090 2396 docuero,
1113 2345 1181 2387 cum
1199 2326 1245 2387 vei
1264 2327 1289 2386 si
1308 2327 1457 2396 docueris,

198 2427 304 2491 novet
323 2431 349 2490 si
371 2427 520 2496 docuerit;
555 2429 671 2489 numeri
693 2427 816 2506 pluralis
841 2447 908 2488 cum
930 2426 975 2489 vei
999 2430 1023 2488 si
1047 2429 1250 2498 docuerimus,
1278 2448 1345 2490 cum
1365 2428 1410 2489 vei
1434 2429 1458 2489 si

198 2523 338 2600 demeritis,
367 2548 435 2592 cum
459 2528 503 2590 vel
526 2531 550 2590 si
577 2530 740 2592 docuerint.
787 2530 875 2591 modo
902 2529 1084 2608 inpersoneii
1107 2531 1239 2591 numeris
1267 2538 1296 2591 et
1321 2532 1498 2610 persbnisao

198 2630 298 2694 coniods
320 2641 457 2712 tempore
483 2633 632 2709 praesenti
659 2633 718 2693 sive
747 2634 865 2693 instanti
894 2634 1033 2702 docetur,
1068 2633 1173 2694 eodem
1202 2632 1291 2694 modo
1323 2642 1458 2711 tempore

197 2735 325 2805 praeterito
354 2712 647 2813 specie'imperiecta
676 2736 735 2795 sive
764 2737 861 2795 miuus
884 2753 972 2814 apuam
994 2736 1125 2813 porieeta
1153 2733 1198 2794 vel
1222 2735 1385 2796 inchoativa
1405 2735 1458 2796 do·

197 2827 298 2905 rebatur,
319 2835 423 2898 eodem
439 2836 527 2897 modo
552 2836 656 2898 eodem
678 2843 813 2916 tempore
835 2838 932 2916 specie
951 2837 1083 2917 perfecta
1106 2837 1165 2898 sive
1182 2836 1315 2899 absoluta
1337 2836 1457 2898 doctum

197 2937 427 2999 contrariare
454 2939 586 3017 perieeta
611 2939 671 2999 sive
698 2938 830 3000 absoluta
858 2939 976 3000 doctum
1005 2939 1072 3008 init,
1108 2940 1212 3001 codem
1234 2940 1324 3001 modo
1353 2940 1457 3000 codem

196 3035 299 3115 tenpore
321 3041 421 3119 specie
442 3039 732 3119 plusquamperfecta
759 3042 819 3102 sive
841 3041 1024 3102 recordativa
1052 3039 1097 3102 vei
1120 3049 1221 3103 exacta
1248 3042 1368 3102 doctum
1393 3047 1496 3102 oratu

196 3140 218 3192 ti
233 3138 358 3204 duriore
387 3142 677 3226 plusquamperfecta
707 3141 752 3202 rel
781 3143 964 3204 recordativa
994 3143 1039 3203 vei
1068 3152 1170 3205 exacta
1202 3145 1321 3205 doctum
1351 3143 1456 3215 iuerat,

195 3236 271 3305 ntem
291 3243 378 3307 modo
407 3250 541 3322 ternpore
564 3245 664 3305 iuturo
691 3243 854 3305 docebitur.
900 3245 1026 3324 gerundi
1045 3256 1115 3306 suut
1136 3245 1225 3317 baec,
1250 3245 1378 3307 docendi
1405 3244 1458 3304 do·

195 3342 263 3405 itudo
280 3346 445 3409 docendum
465 3345 595 3407 doctum.
639 3352 772 3424 tempora
798 3348 1022 3426 participiorum
1047 3348 1203 3408 trabuntur
1231 3347 1345 3407 abhoc
1366 3345 1457 3406 verbo

193 3444 261 3508 adiro
289 3450 363 3520 duo,
398 3466 540 3529 praesens
571 3454 600 3509 et
630 3449 776 3517 iratorum,
807 3467 949 3528 praesens
982 3449 1106 3518 docens,
1139 3450 1271 3510 sutorum
1304 3447 1455 3509 docturus.

192 3553 274 3612 tenen
291 3552 327 3614 ab
350 3552 408 3612 boc
430 3549 521 3611 verbo
543 3551 576 3610 et
598 3551 712 3619 docter,
735 3550 890 3630 appellatio
912 3551 1055 3611 doctriua.
1469 3570 1495 3610 ao

254 3651 410 3714 declinatio
438 3653 552 3731 passiva
578 3653 725 3713 secundae
752 3654 975 3731 coniugationis.
1021 3653 1129 3714 doceor
1159 3651 1281 3713 verbum
1306 3653 1457 3731 passivum

190 3738 318 3817 btuuro
339 3756 400 3816 sive
421 3756 639 3832 pronuntiative
660 3755 749 3816 modo
772 3756 882 3818 dictum
901 3757 1044 3835 temporis
1060 3755 1226 3835 praesentis
1246 3755 1307 3816 sive
1321 3755 1457 3818 instantis

188 3856 281 3918 tmen
300 3855 458 3935 singularis
480 3857 592 3934 figurae
609 3859 788 3936 compositae
810 3876 954 3938 personae
976 3859 1089 3937 primae
1112 3858 1327 3935 coniugationis
1349 3875 1456 3918 secun-

187 3940 243 4024 dm,
264 3960 340 4038 quod
365 3956 563 4020 declinabitur
590 3961 641 4021 sic.
686 3961 774 4021 modo
803 3961 957 4021 indicativo
986 3962 1046 4020 sive
1075 3960 1292 4039 pronuntiative
1322 3968 1456 4038 tempore

185 4057 311 4122 ineam
338 4061 400 4123 sive
421 4061 542 4122 instanti
569 4063 686 4124 numeri
716 4063 872 4141 singularis
902 4063 1012 4124 doceor
1034 4063 1150 4123 doceris
1171 4061 1308 4131 docetur,
1339 4061 1494 4123 numeriae

186 4144 288 4224 idttaiis
314 4164 458 4226 docemur
490 4163 638 4226 docemini
665 4165 826 4226 docentur:
848 4161 861 4247 ΙΙ
884 4165 988 4225 eodem
1017 4164 1105 4225 modo
1138 4171 1271 4242 tempore
1292 4165 1454 4242 praeterito

186 4261 266 4326 ‘istic
284 4265 456 4347 imperfecta
483 4266 544 4327 sive
570 4269 669 4329 miuus
690 4286 778 4349 quam
800 4267 931 4344 perfecta
958 4265 1001 4326 vel
1024 4267 1189 4327 inchoativa
1216 4267 1333 4327 numeri
1354 4265 1454 4343 singu·

187 4342 245 4420 ¹³¹&
260 4365 385 4429 docebar
406 4367 562 4431 docebaris
585 4369 764 4440 docebatur,
785 4371 903 4429 numeri
922 4368 1044 4448 pluralis
1066 4367 1248 4429 docebamur
1270 4366 1455 4428 ducebamini

188 4444 364 4532 mutor:
400 4471 506 4532 eodem
533 4471 622 4533 modo
649 4472 753 4533 eodem
783 4479 916 4552 tempere
944 4474 1044 4551 specie
1073 4470 1204 4550 perfecta
1234 4472 1294 4530 sive
1322 4469 1455 4530 absoluta

190 4564 283 4631 'hart
299 4572 457 4650 singularis
481 4573 586 4637 doctus
608 4593 673 4637 sum
702 4575 806 4635 doetus
828 4594 859 4634 es
882 4573 986 4634 doetus
1009 4582 1067 4644 est,
1093 4575 1210 4633 numeri
1232 4569 1355 4651 pluralis
1375 4571 1455 4632 docti
1469 4583 1495 4625 to

237 4812 261 4856 ὓ
369 4819 486 4875 HM
540 4822 589 4875 to
609 4819 674 4889 eret]
696 4820 799 4871 fuitne
854 4823 887 4871 27
906 4820 968 4869 boec
987 4836 1033 4870 one
1051 4821 1083 4880 it,
1102 4821 1165 4874 odd.
1186 4821 1210 4869 B
1262 4818 1298 4870 30
1315 4817 1454 4885 appellatio

393 4884 408 4912 '¹
475 4886 511 4945 18
526 4888 625 4959 agone
638 4891 764 4959 simplicis
779 4893 862 4942 editor
879 4891 1080 4943 Vindobonensis
