3314 5506
658 393 869 455 PRAEFATIO
886 446 891 456 .
1285 408 1409 456 xxxvn

106 586 221 660 probat
242 586 350 658 pedem
375 588 437 643 etc.
460 600 535 642 nam
558 579 598 643 de
626 580 767 642 numeris
796 587 829 641 et
856 579 1026 642 structuris
1056 581 1211 644 orationis
1243 581 1409 645 Donatum

109 684 280 768 scripsisse
302 680 395 744 nullo
418 690 550 745 auctore
571 688 709 745 constat.

193 783 272 863 Qtra
293 784 421 847 ratione
443 783 635 868 interpretes
650 782 773 845 Donati
795 783 828 844 in
852 781 1051 867 exponendis
1073 793 1106 847 et
1119 781 1322 848 illustrandis
1338 784 1408 848 eius

108 887 295 972 praeceptis
318 885 440 948 versati
462 885 541 964 sint,
564 905 639 947 curn
661 904 704 947 ex
725 884 963 947 commentariis
986 883 1020 946 in
1042 882 1103 948 hoc
1125 884 1289 949 volumine
1311 885 1406 949 editis

108 988 263 1073 adparet,
286 995 357 1050 tum
378 988 483 1070 magis
507 986 610 1049 exiis
633 985 688 1071 qui
711 994 822 1064 postea
844 985 980 1049 edentur
1000 984 1179 1069 adparebit.
1208 988 1318 1072 itaque
1333 1009 1407 1051 cum

108 1090 152 1153 ad
173 1099 349 1175 utramque
371 1096 474 1152 artem
495 1109 530 1150 se
552 1084 769 1172 adplicarent,
796 1095 829 1150 et
851 1086 892 1151 de
914 1096 986 1152 octo
1008 1086 1156 1172 partibus
1179 1089 1332 1152 orationis
1355 1088 1406 1153 bis

108 1190 364 1275 disputaverunt
385 1199 418 1253 et
439 1187 565 1274 reliqua
586 1210 624 1252 eo
647 1188 775 1266 ordine,
799 1211 862 1274 quo
885 1188 970 1275 apud
987 1189 1153 1253 Donatum
1176 1190 1298 1274 scripta
1318 1191 1406 1254 inve-

109 1293 261 1370 niebant,
290 1293 453 1376 persecuti
481 1301 567 1354 sunt.
615 1312 813 1376 quamquam
840 1292 958 1354 mirum
986 1299 1122 1355 nonest
1149 1292 1182 1356 in
1209 1290 1293 1355 libro
1316 1313 1407 1377 prae·

109 1395 223 1458 sertim
246 1395 281 1457 in
302 1392 422 1457 scholis
444 1400 583 1457 tractato
611 1390 772 1478 quaedam
801 1391 905 1456 abiis
928 1391 981 1456 vel
1004 1394 1124 1456 omissa
1145 1390 1197 1466 vel
1220 1392 1332 1456 addita
1353 1392 1406 1456 vel

108 1497 205 1561 aliter
227 1496 388 1580 disposita
409 1516 495 1575 esse,
518 1495 603 1558 sicut
617 1495 650 1558 in
665 1495 745 1579 ipsis
760 1495 883 1558 Donati
906 1494 1071 1558 codicibus
1094 1494 1216 1558 factum
1238 1516 1309 1558 esse
1324 1493 1406 1558 vidi·

107 1622 192 1662 mus.
223 1596 387 1683 duplicem
409 1604 519 1660 autem
542 1596 581 1660 de
603 1605 676 1659 octo
699 1594 846 1679 partibus
869 1595 1122 1680 disputationem
1137 1621 1157 1660 a
1171 1597 1301 1660 Donato
1316 1597 1406 1661 insti·

107 1712 214 1766 tutam
238 1720 325 1777 esse,
355 1699 491 1762 alteram
517 1696 700 1761 breviorem
723 1705 756 1761 et
776 1698 970 1762 institutioni
997 1719 1172 1783 puerorum
1200 1698 1405 1779 destinatam,

108 1803 248 1867 alteram
270 1799 448 1864 doctiorem
471 1807 598 1863 etcum
620 1798 746 1885 reliqua
767 1809 836 1863 arte
858 1800 1077 1879 coniunctam,
1105 1800 1214 1864 multis
1237 1799 1405 1864 confirma-

108 1914 230 1969 verunt
251 1902 456 1967 testimoniis.
500 1923 584 1987 quae
611 1902 764 1987 quoniam
791 1923 923 1965 causam
946 1903 1064 1966 erroris
1087 1900 1276 1986 praebuisse
1298 1901 1403 1983 video,

108 2017 146 2071 ut
166 2004 375 2091 grammatici
397 2002 517 2067 librum
538 2002 661 2067 Donati
688 2001 853 2067 diversum
881 2003 923 2067 ab
951 2024 988 2067 eo
1017 2025 1112 2089 quem
1134 2026 1220 2067 stunc
1247 2003 1404 2068 habemus

107 2108 185 2174 olim
208 2109 329 2192 legisse
350 2104 575 2184 crederentur,
598 2102 739 2189 exempli
760 2127 860 2168 causa
881 2104 1065 2169 adscribam
1087 2104 1183 2185 baec,
1205 2106 1318 2192 Pomp.
1337 2131 1367 2189 p.
1384 2116 1403 2176 4

108 2211 160 2274 ed.
176 2207 276 2274 Lind.
299 2213 415 2271 idcirco
437 2214 525 2270 etiarn
549 2212 686 2271 Donatus
708 2212 778 2269 inde
799 2211 953 2271 inchoavit
974 2213 1012 2271 ab
1035 2214 1109 2288 ipsis
1125 2212 1286 2287 partibus·
1302 2213 1405 2286 perite

108 2324 137 2376 et
157 2316 274 2376 callide
294 2315 426 2374 exclusit
446 2315 500 2372 illa
522 2316 622 2373 omnia
645 2314 682 2371 tle
704 2329 790 2384 uoce,
821 2314 859 2371 dc
886 2314 989 2372 littera
1018 2318 1050 2372 et
1071 2333 1101 2394 p.
1125 2316 1144 2378 8
1167 2330 1241 2388 erpo
1262 2315 1404 2387 quoniam

109 2417 283 2490 benefecit
305 2416 444 2475 Donatus
466 2423 562 2474 ortem
584 2416 666 2475 illam
686 2417 823 2490 priorem
844 2415 978 2475 scribere
999 2403 1183 2488 infantibus,
1203 2419 1403 2491 posteriorem

109 2520 263 2581 omnibus:
285 2524 330 2577 est
351 2519 429 2576 euim
450 2518 574 2577 robusta
596 2525 625 2576 ct
646 2518 739 2576 utilis.
770 2517 892 2577 inchoat
913 2532 933 2575 a
954 2519 1063 2577 litteris
1084 2519 1142 2576 ista
1152 2519 1311 2595 particula
1325 2534 1405 2592 quae

109 2623 233 2682 uberior
253 2627 298 2679 cst
319 2625 349 2679 ct
370 2609 460 2678 babet
480 2624 660 2695 tractatum,
690 2613 781 2678 Serv.
804 2616 839 2678 in
860 2614 946 2678 Don.
971 2624 1046 2694 440,
1071 2622 1111 2684 19
1138 2626 1167 2679 et
1193 2627 1296 2679 cetera
1325 2637 1404 2694 puae

108 2728 138 2783 in
160 2722 373 2799 superioribus
394 2721 477 2779 dicta
498 2726 585 2780 sunt:
611 2722 642 2778 in
662 2721 882 2795 posterioribus
903 2722 980 2779 illud
1001 2723 1111 2794 adicit,
1140 2717 1186 2780 ib.
1210 2727 1286 2796 44],
1310 2726 1350 2787 29
1372 2725 1404 2781 in

108 2827 324 2886 coniunctione
351 2823 429 2882 nibil
454 2824 578 2897 penitus
604 2825 676 2882 noui
700 2826 819 2898 posuit,
854 2826 909 2883 secl
935 2826 979 2882 ita
1006 2824 1057 2882 bic
1083 2826 1161 2883 sicut
1189 2825 1220 2883 in
1247 2826 1403 2899 superiore

104 2934 200 3004 parte
221 2927 381 2998 tractauit,
413 2919 458 2984 ib.
482 2927 543 2989 443
550 2967 558 2999 ,
592 2927 611 2987 9
639 2926 671 2983 in
699 2932 797 2985 autem
820 2932 849 2984 et
868 2927 922 2985 sub
944 2942 1005 2999 qua
1027 2927 1147 2985 ratione
1172 2932 1340 2999 seruentur,
1370 2929 1403 2986 ia

108 3030 269 3106 asperiore
297 3035 365 3086 arte
395 3031 559 3086 tractatum
587 3032 645 3100 cst,
675 3023 788 3107 Pomp.
812 3046 844 3107 p.
868 3030 930 3093 359
957 3030 1104 3103 pleraque
1125 3029 1200 3088 (licit
1221 3043 1299 3101 qrcac
1321 3036 1349 3086 et
1370 3030 1403 3088 in

107 3132 267 3207 superiore
288 3136 356 3188 arte
376 3130 565 3201 maumonii,
585 3129 736 3203 pleraque
758 3131 860 3203 addit,
885 3125 930 3189 ib.
947 3148 978 3210 p.
995 3132 1056 3194 369
1079 3131 1136 3189 boc
1157 3136 1202 3190 cst
1223 3132 1306 3204 quod
1327 3131 1401 3204 lepi-

107 3251 173 3294 mus
192 3235 286 3291 etiam
308 3234 339 3291 in
362 3239 430 3291 arte
450 3233 618 3306 superiore.
653 3227 790 3312 adparet
811 3227 896 3291 enirn
917 3248 980 3290 non
1004 3227 1046 3290 ad
1069 3238 1296 3312 campartem,
1319 3248 1402 3312 quae

107 3335 142 3396 in
164 3331 288 3394 maiore
309 3328 392 3394 libro
415 3329 649 3414 expositionem
672 3330 812 3412 partium
841 3330 987 3415 proxime
1010 3329 1181 3408 antecedit,
1203 3327 1284 3392 llaec
1306 3330 1402 3414 perti-

107 3456 200 3514 nere,
224 3431 284 3497 sed
306 3431 349 3496 ad
371 3431 525 3495 minorem
549 3430 723 3504 editionem
746 3429 786 3493 de
807 3441 879 3494 octo
899 3428 1047 3515 partibus
1063 3431 1217 3494 orationis
1232 3430 1403 3495 referenda

109 3558 189 3600 esse.
236 3533 295 3598 sed
317 3555 390 3598 cum
418 3541 551 3619 propter
577 3530 779 3618 frequentem
808 3530 989 3595 scholarum
1017 3553 1112 3595 usum
1140 3530 1204 3595 alia
1231 3531 1400 3619 quaedam,

108 3659 193 3725 quae
208 3658 230 3700 a
244 3635 375 3700 Donato
390 3643 531 3698 tractata
545 3655 608 3698 non
625 3643 732 3712 erant,
755 3655 828 3697 cunr
852 3634 920 3696 eius
945 3632 1069 3696 artibus
1092 3635 1264 3698 coniuncta
1283 3644 1401 3715 essent,

109 3737 275 3803 interdum
302 3736 383 3801 haec
413 3757 557 3821 quoque,
590 3743 755 3821 tamquam
783 3735 905 3799 Donati
939 3742 1062 3814 essent,
1096 3736 1138 3799 ab
1170 3737 1402 3822 interpretibus
1496 3808 1502 3821 ⁴

109 3850 241 3926 recepta
269 3848 302 3903 et
329 3838 568 3902 commentariis
597 3837 747 3922 exposita
775 3846 859 3901 sunt.
907 3837 982 3900 hino
1008 3836 1162 3901 videntur
1190 3860 1228 3902 ea
1254 3839 1403 3925 prosecta

109 3966 200 4023 esse,
231 3961 316 4027 quae
338 3938 485 4003 Iulianus
507 3937 685 4003 Toletanus
707 3962 739 4024 p.
765 3947 804 4006 14
827 3938 877 4002 ed.
901 3939 993 4004 Rom.
1016 3939 1146 4003 Donato
1170 3941 1298 4021 tribuit,
1329 3949 1403 4007 aicit

110 4057 209 4109 tamen
232 4049 387 4119 Donatus,
420 4048 550 4106 orditum
573 4052 616 4105 cst
637 4046 727 4105 buiris
748 4047 796 4103 rei
819 4048 960 4121 exempla
981 4049 1131 4121 reperire,
1161 4063 1196 4106 eo
1224 4050 1306 4121 quod
1326 4050 1403 4108 baec

109 4154 211 4211 littera
232 4165 325 4224 saepe
346 4149 426 4207 inter
447 4149 565 4208 uocales
584 4149 683 4222 posita
706 4149 815 4220 deficit.
832 4182 875 4191 -
896 4149 971 4208 dicit
993 4149 1143 4220 Donatus,
1168 4149 1309 4209 Latirturn
1331 4168 1402 4210 cero

111 4256 140 4312 in
166 4253 227 4312 bac
248 4251 368 4328 syllaba
396 4267 455 4310 non
480 4256 581 4325 potest
608 4266 714 4310 nomen
742 4252 880 4309 inueniri.
904 4285 947 4294 —
969 4251 1107 4311 Donatus
1134 4253 1209 4311 dicit
1237 4257 1269 4311 ut
1296 4255 1328 4311 in
1355 4254 1402 4313 ln's

111 4357 216 4429 tenpus
237 4355 291 4426 sit,
320 4368 400 4427 quae
421 4369 441 4409 a
463 4355 495 4411 in
514 4355 647 4426 penitioo
675 4358 748 4411 ante
775 4354 910 4413 ultimam
928 4355 1112 4427 producunt.
1157 4371 1232 4412 nam
1255 4352 1362 4414 omnia
1383 4372 1401 4414 e

112 4450 340 4516 commentario
362 4448 418 4513 illo
442 4450 481 4513 de
504 4448 639 4535 syllabis
661 4449 830 4531 finalibus,
853 4452 909 4536 qui
931 4451 965 4514 in
987 4449 1273 4535 explanationibus
1296 4451 1400 4535 Sergii

111 4564 181 4637 post
202 4552 470 4617 commentarium
494 4551 534 4615 de
556 4552 666 4616 littera
686 4575 719 4637 p.
742 4559 819 4632 522,
844 4561 883 4620 12
910 4561 1058 4631 receptus
1086 4561 1151 4632 est,
1179 4555 1282 4638 petita
1309 4563 1399 4616 sunt:

113 4656 153 4718 ct.
174 4652 259 4719 anal.
283 4674 420 4737 gramm.
443 4653 585 4718 Vindob.
609 4676 640 4739 p.
665 4663 736 4724 459.

192 4754 345 4821 Studium
367 4755 489 4820 Donati
511 4756 663 4821 continuo
692 4755 874 4821 scholarum
901 4778 964 4819 usu
991 4766 1221 4843 propagatum,
1253 4760 1337 4822 sicut
1359 4781 1401 4822 ex

112 4880 225 4943 magno
240 4879 376 4922 numero
391 4857 538 4924 codicum
554 4867 586 4924 et
599 4859 902 4924 commentariorum
916 4860 950 4922 in
965 4869 1134 4945 utramque
1150 4868 1252 4924 artem
1268 4862 1400 4946 scripto·
