3314 5506
219 372 281 436 aas
592 416 597 423 .
791 366 943 450 [sancii]

273 474 288 515 l.
305 475 330 516 db
343 475 390 516 cod.
407 475 457 518 [ιιι.

219 571 291 616 vero
318 554 437 617 bumida
465 573 540 636 quae
566 555 677 616 iussum
707 562 752 616 est
777 562 828 616 aut
853 572 930 635 quae
951 553 1106 617 humorem
1128 552 1227 617 babet
1272 556 1348 617 ausis
1365 555 1465 617 animia

220 656 349 736 proelio,
372 657 487 737 gladius
508 655 686 736 generaliter
707 656 825 727 dicitur,
848 674 952 718 mucro
972 658 1004 719 in
1025 675 1126 738 opere.
1170 656 1246 719 baec
1271 655 1329 720 illis
1353 658 1464 721 mauult

219 766 303 829 sunt,
325 760 391 840 quia
413 758 463 820 illa
484 777 539 840 per
560 776 649 821 uuam
671 775 735 820 rem
757 756 848 820 multa
870 758 1050 838 significant,
1072 759 1147 822 baec
1161 777 1215 839 per
1231 757 1464 823 mubaunomron

219 861 398 940 significant,
421 869 501 923 terra
523 860 630 923 bumus
651 856 756 922 solum.

193 976 207 1015 ι
304 963 346 1025 lle
368 964 488 1026 Graecis
515 961 696 1034 nominibus,
726 979 801 1043 quae
827 962 859 1024 in
885 969 1016 1025 nostram
1037 961 1266 1026 declinationem
1288 971 1464 1026 susem

219 1072 287 1127 sunt
308 1066 386 1128 inter
401 1066 543 1127 Graecam
564 1072 652 1146 atque
667 1065 800 1126 ladnam
822 1063 958 1135 iormam,
980 1083 1056 1145 quae
1077 1065 1168 1128 notba
1190 1064 1337 1137 dicuntur,
1357 1064 1465 1128 utlaii·

219 1165 263 1229 ies
284 1169 474 1248 Agamemno.
511 1185 579 1228 cum
601 1167 681 1228 eninr
703 1167 815 1230 Graeca
836 1167 911 1238 sint,
933 1166 1081 1237 Latinam,
1103 1175 1137 1229 ιιι
1158 1166 1301 1240 diximus,
1321 1166 1417 1231 babent
1430 1166 1466 1227 da·

219 1269 421 1340 clinationem,
450 1267 498 1330 bio
523 1271 705 1348 Agamemno
732 1268 820 1330 buius
845 1267 1073 1348 Agamemnonis
1100 1267 1171 1331 buio
1191 1271 1396 1350 Agamemnoni
1411 1269 1466 1331 bno

219 1353 469 1451 Agamemnonem
491 1388 510 1431 o
530 1374 713 1450 Agamemno
734 1368 772 1431 ab
793 1370 850 1431 boc
872 1371 1100 1449 Agamemnone.

180 1487 206 1530 ro
302 1473 486 1553 Homonyma
507 1479 577 1534 sunt
596 1480 630 1533 nt
650 1488 743 1552 nepos
764 1472 851 1534 acies.
895 1471 1002 1534 dicitur
1029 1474 1108 1535 enim
1129 1472 1208 1535 illius
1224 1476 1285 1548 fidia·
1302 1492 1401 1555 nepm:
1416 1472 1467 1534 Aid-

219 1584 267 1638 tur
289 1583 319 1637 et
340 1582 532 1654 consumptor
553 1591 661 1653 nepos,
684 1575 734 1654 qui
755 1592 876 1636 avorum
899 1582 929 1636 et
949 1581 1105 1655 parentum
1120 1575 1243 1638 devorat
1262 1583 1369 1639 terram
1381 1576 1409 1637 in
1422 1591 1468 1636 uo·

219 1694 284 1737 rem
305 1677 423 1757 scorpii,
447 1677 497 1757 qui
520 1674 641 1737 devorat
661 1682 781 1737 terram.
825 1678 943 1755 scorpio
965 1677 1044 1738 enim
1068 1674 1188 1759 [uxor],
1210 1678 1263 1758 qui
1283 1679 1419 1757 Quorum
1433 1693 1468 1736 ra·

218 1787 322 1858 captus
343 1788 388 1840 est
410 1795 548 1849 numero,
578 1795 653 1857 nepa
681 1778 777 1841 dictus
799 1786 852 1839 est
896 1797 955 1859 quo
976 1777 1118 1841 vocabulo
1141 1787 1265 1859 nepotes
1285 1788 1389 1842 terram
1405 1778 1468 1839 dero

219 1889 318 1942 rantes
340 1883 419 1942 drmit
439 1879 542 1941 Cicero
563 1880 594 1940 iu
617 1879 785 1950 Catilinam,
813 1882 913 1960 ‘quis
940 1897 1056 1960 ganeo
1078 1883 1161 1961 quis
1181 1885 1326 1962 nepos’.
1365 1879 1469 1943 similitor

181 1997 205 2040 ra
219 1991 249 2045 et
272 1984 350 2045 acies
372 1981 528 2062 aliquando
551 1983 712 2044 exercitum
727 1983 887 2062 significat,
910 1989 942 2044 ut
962 1982 1199 2063 ‘Tyrrhenas
1219 1991 1344 2045 sterne
1363 1983 1469 2048 aoies’;

217 2083 372 2167 aliquando
395 2083 510 2160 oculos,
532 2092 566 2146 ut
1107 2071 1111 2079 ’

368 2186 438 2247 buc
460 2187 643 2264 geminam
666 2203 763 2247 nunc
786 2185 905 2247 llecte
926 2186 1058 2256 aciem,
1081 2187 1176 2247 banc
1197 2188 1323 2267 aspice
1344 2193 1471 2266 genten.

217 2289 287 2350 item
315 2290 407 2349 ‘stat
432 2287 529 2350 terri
557 2290 660 2351 acies
687 2274 870 2350 mucrone
890 2291 1074 2349 coruseo’.
1096 2296 1165 2349 sunt
1187 2287 1244 2350 alia
1267 2288 1434 2370 quantitatis,
1449 2291 1472 2345 ut

221 2390 342 2469 grandis
363 2388 454 2459 altus;
477 2388 533 2451 alla
555 2390 592 2451 de
613 2388 705 2451 verbo
726 2390 891 2460 nascentia,
914 2397 948 2451 ut
968 2390 1097 2468 scriptor
1118 2388 1219 2451 lector.

180 2506 206 2548 ao
302 2491 345 2553 lie
366 2492 529 2573 epicoenis,
551 2489 582 2551 id
604 2499 649 2553 est
669 2479 859 2571 promiscuis,
888 2493 984 2573 primo
1012 2489 1089 2552 libro
1110 2489 1303 2554 disseminatas
1324 2513 1344 2551 a
1372 2488 1474 2572 quantis

218 2592 360 2656 feminino
381 2611 491 2672 genere
513 2592 636 2655 dicatur.

302 2693 424 2757 Casibus
446 2694 562 2757 articuli
583 2695 722 2758 accidunt
742 2713 797 2776 pro
819 2695 977 2775 generibus
999 2695 1046 2765 bi,
1070 2695 1251 2756 nominativo
1273 2695 1321 2756 bie
1342 2694 1408 2756 baec
1424 2692 1473 2756 boc.

219 2798 346 2877 genitivo
368 2797 469 2868 buius,
493 2797 590 2859 dativo
611 2797 694 2868 bnic,
717 2798 882 2859 acciisativo
897 2799 977 2878 burm¹
991 2796 1068 2859 banc
1082 2797 1155 2869 boo,
1178 2796 1310 2858 vocatim
1330 2815 1357 2868 o,
1378 2793 1476 2858 ablatio

217 2898 620 2962 mmmmmm

182 3019 208 3061 aa
307 3000 419 3073 Quibus
441 2999 547 3063 litteris
569 3003 714 3080 genitivus
736 2999 858 3082 pluralis
879 3003 1065 3064 terminetur.
1109 3019 1313 3083 quaecumque
1334 2998 1477 3063 nominoio

219 3105 345 3183 genitivo
369 3122 438 3164 casn
461 3102 567 3184 plurali
589 3104 599 3163 i
621 3112 689 3166 aute
711 3105 897 3166 novbsimam
921 3102 1062 3184 syllabam
1083 3103 1260 3175 habuerint,
1289 3104 1361 3166 baec
1385 3117 1478 3165 amma

217 3208 277 3267 tivo
304 3205 410 3285 plurali
440 3207 469 3265 in
498 3207 523 3265 is
549 3203 690 3285 syllabam
718 3213 842 3278 exeunt,
871 3215 903 3268 ut
929 3205 1034 3266 barum
1062 3207 1179 3267 navium
1209 3207 1262 3267 bas
1284 3204 1479 3276 boemiorum

217 3309 331 3387 ignium
354 3309 410 3369 bos
430 3308 526 3385 ignis,
550 3307 656 3368 horum
679 3309 811 3370 omnium
834 3308 889 3370 bos
911 3308 1007 3368 omnis
1029 3316 1059 3368 et
1078 3314 1187 3369 cetera.

303 3410 427 3472 Nomina
455 3417 561 3470 neutra
588 3427 707 3489 semper
736 3409 860 3489 plorabo
889 3429 905 3470 a
935 3410 1031 3472 littera
1054 3410 1209 3472 terminata
1232 3428 1304 3472 casu
1324 3408 1479 3472 nominatim

181 3529 206 3571 ao
218 3514 249 3573 iu
272 3529 341 3573 casn
364 3513 491 3590 genitivo
517 3529 584 3572 rum
612 3510 752 3591 syllabam
781 3512 941 3592 accipiunt,
965 3511 1093 3573 daucum
1109 3519 1139 3572 et
1160 3511 1319 3574 ablativum
1339 3514 1371 3574 in
1389 3513 1413 3573 is
1429 3509 1479 3572 mit·

218 3621 297 3685 tunt,
321 3621 354 3675 ut
374 3632 457 3676 arma
479 3623 575 3675 castra
597 3623 673 3674 exta.
715 3615 834 3677 nomina
856 3623 959 3674 neutra
981 3631 1101 3694 semper
1122 3613 1248 3694 pluralia
1270 3616 1298 3675 ia
1319 3613 1420 3676 tinem
1436 3619 1481 3671 ter

219 3717 328 3779 minata
351 3734 421 3778 casu
442 3717 620 3777 nominativo
641 3716 673 3776 in
695 3733 765 3777 casu
787 3717 914 3793 genitivo
937 3735 985 3776 um
1008 3714 1150 3796 syllabam
1171 3716 1337 3796 accipiunt,
1359 3715 1446 3777 dativo
1462 3719 1484 3770 et

219 3816 344 3880 ablativo
366 3819 397 3879 in
420 3816 475 3880 bus
496 3820 654 3879 mittuntur
676 3816 816 3899 [omnia].

303 3920 409 3982 Omnia
436 3920 554 3981 nomina
583 3919 751 3981 inanimalia
785 3920 915 3981 Romana
952 3917 1094 3999 simplicia
1129 3918 1175 3979 nis
1209 3917 1321 3999 syllaba
1354 3918 1483 3981 terminata

290 4154 303 4204 1
324 4152 409 4220 nanee]
434 4120 498 4223 saei
518 4160 542 4208 n
629 4158 705 4209 arria
723 4173 770 4224 per
788 4173 827 4208 em
846 4156 947 4222 (nota
963 4172 1001 4207 am
1021 4154 1124 4221 aeteae)
1142 4169 1219 4206 unam
1240 4157 1322 4207 mura
1336 4159 1361 4209 n
1437 4153 1482 4205 su

220 4231 305 4274 nostra
325 4224 534 4279 declinatioueL
605 4227 668 4278 dut
685 4228 781 4278 achilas
806 4242 975 4295 agamemnon
992 4227 1017 4277 L
1087 4225 1160 4277 8bic
1176 4227 1391 4294 agamemnonL
1448 4223 1483 4276 0⁰

254 4309 379 4345 ameunon
399 4297 423 4346 L
511 4295 545 4348 10
569 4297 749 4348 diciturenim
770 4297 837 4349 fliius
855 4311 937 4364 nepus
958 4299 982 4348 L
1070 4297 1100 4348 11
1119 4305 1254 4362 parentum
1272 4295 1430 4348 deuorautL

218 4310 340 4430 llncpa
363 4366 433 4416 dieta
456 4367 535 4418 estL
606 4369 638 4418 14
652 4367 717 4417 dixit
740 4382 786 4422 om,
807 4369 831 4417 L
900 4368 926 4417 in
944 4365 1053 4416 catelina
1072 4368 1111 4417 L.-
1131 4366 1183 4422 Lis.
1200 4368 1227 4416 io
1244 4367 1319 4420 Catii.
1338 4366 1439 4445 1133

221 4453 253 4506 lo
273 4452 400 4504 exercitus
421 4455 444 4503 L
530 4455 636 4504 tirrenas
657 4454 697 4506 L:
719 4456 797 4519 Verp.
817 4454 882 4504 Aen.
904 4454 949 4505 Vll
968 4451 1020 4504 423
1106 4452 1138 4502 17
1156 4452 1209 4503 buo
1231 4455 1349 4519 geminis
1366 4455 1403 4505 L:
1422 4451 1484 4514 rao.

219 4522 284 4574 Aen.
301 4522 334 4571 Vl
350 4521 403 4575 789
472 4522 504 4575 18
523 4522 584 4590 stat]
606 4526 684 4589 Verg.
695 4525 760 4580 Aen,
775 4525 798 4574 ll
816 4521 868 4575 333
937 4521 972 4573 ’20
989 4523 1071 4588 primo
1089 4519 1166 4587 libro]
1184 4541 1214 4590 p.
1231 4521 1286 4577 433
1302 4525 1343 4574 ed.
1361 4524 1432 4575 iana

219 4593 386 4643 disseruimus
404 4595 414 4642 1
433 4593 600 4644 discernimus
619 4592 660 4644 L:
673 4597 750 4658 plara
764 4596 820 4645 elisa
837 4594 869 4644 de
889 4595 1015 4659 epicoeoia
1034 4593 1169 4644 nombaa'baa
1186 4597 1285 4658 scripto
1297 4594 1379 4657 saciare
1397 4592 1486 4646 W

220 4678 252 4714 eo
267 4679 332 4729 quae
347 4671 476 4725 secantur,
495 4665 544 4713 nisi
557 4664 619 4715 daec
632 4668 715 4727 potina
732 4666 768 4715 ad
780 4680 812 4714 ea
826 4679 892 4729 quoe
908 4663 1027 4723 infredo
1042 4679 1137 4729 genere
1154 4679 1178 4718 o.
1193 4664 1253 4714 linis
1270 4667 1368 4729 mapsa
1380 4671 1486 4727 saiw

220 4734 301 4785 tmere
317 4734 389 4785 dicas
458 4733 492 4786 29
505 4732 614 4784 Nomina
630 4762 664 4773 -
683 4734 716 4788 33
729 4736 863 4785 mittuntur
883 4734 960 4787 Prob.
980 4735 1012 4783 de
1024 4748 1087 4786 aon.
1103 4749 1130 4797 p.
1143 4734 1196 4785 ²17
1207 4734 1249 4786 ed.
1265 4735 1342 4786 de
1409 4733 1486 4786 331*

220 4804 342 4855 minatiuo
361 4812 385 4854 et
402 4819 463 4856 casu
483 4806 507 4855 L
558 4803 592 4855 34
608 4804 697 4856 Omnia
714 4831 749 4840 —
766 4803 826 4871 333,
838 4806 855 4856 3
869 4804 953 4854 standi
976 4811 1093 4867 emoerpt.
1112 4803 1234 4857 Bobieaa.
1250 4805 1298 4859 ool.
1320 4806 1376 4869 lp.
1389 4805 1447 4867 333,
1460 4799 1486 4850 25

220 4874 298 4929 Prob.
311 4876 344 4926 de
361 4891 424 4930 nom.
440 4892 467 4940 p.
484 4873 536 4927 218
552 4876 592 4926 ed.
611 4874 689 4928 Vina.
