3314 5506
631 391 747 453 COllllll.
770 391 808 453 ΙΝ
831 390 1009 452 ouNtTvtt
1398 397 1462 458 413

1241 512 1262 550 p.
1278 499 1335 540 ttto.
1350 496 1376 540 90
1390 498 1413 540 Ρ.

176 580 318 649 ostendit,
342 588 376 642 ut
398 577 514 640 lectito:
538 579 683 657 significat
705 580 782 640 enim
806 597 895 659 saepe
916 576 991 656 lego.
1015 597 1086 658 quas
1101 577 1215 639 formas
1230 577 1362 659 plerique
1379 577 1467 638 veluti

175 683 293 744 inutiles
319 681 451 743 refutare
477 681 591 752 volunt,
620 680 672 742 sed
701 683 914 742 convincuntur
940 681 1099 742 secundum
1123 683 1267 741 rationem
1291 678 1464 741 naturalem.

175 784 265 846 multa
288 787 368 845 euim
390 792 473 854 sunt,
498 802 573 865 quae
595 785 716 864 proprie
740 782 881 864 explicari
901 801 960 845 non
980 791 1104 863 possunt
1118 785 1174 843 uisi
1189 785 1260 843 istis.
1299 783 1465 843 meditativa

174 897 273 949 autem
297 888 393 948 iorma
416 888 447 946 in
469 888 515 947 rio
539 886 661 957 desiuit,
685 894 717 947 ut
738 886 895 964 scripturio
911 888 1052 965 parturio.
1082 886 1245 947 inchoativa
1262 894 1359 946 autem
1375 883 1464 948 verba

173 991 304 1070 quinque
319 988 429 1068 regulis
445 991 648 1059 continentur,
672 1007 796 1069 quarum
812 991 837 1048 si
851 1007 909 1049 una
932 989 1071 1059 deluerit,
1094 988 1258 1049 inchoativa
1282 1005 1341 1046 uou
1364 993 1489 1047 eruut:

172 1090 284 1152 debent
313 1095 391 1153 enirn
420 1093 450 1151 in
480 1111 530 1152 sco
559 1090 699 1171 syllabam
728 1094 809 1152 exire
838 1098 868 1152 et
890 1091 1033 1168 originem
1057 1090 1165 1151 ducere
1187 1111 1203 1151 a
1226 1088 1351 1151 neutrali
1373 1086 1464 1172 verbo

172 1203 202 1254 et
223 1196 329 1255 tertiae
352 1212 417 1255 esse
440 1196 655 1272 coniugationis
677 1201 832 1273 correptae
848 1200 878 1253 et
900 1212 1002 1255 carere
1025 1201 1157 1274 tempore
1179 1193 1312 1273 perlecto
1335 1199 1364 1251 et
1385 1190 1463 1270 plus-

170 1295 410 1376 quamperfecto,
440 1314 542 1357 carere
572 1298 658 1357 etiam
687 1297 843 1376 participio
871 1294 967 1356 ›luturi
996 1298 1145 1376 temporis.
1189 1295 1256 1356 ideo
1289 1302 1385 1354 autem
1419 1294 1463 1352 in-

171 1399 306 1460 choativa
335 1405 438 1458 carent
464 1406 598 1477 tempore
627 1397 774 1479 perlecto,
803 1399 940 1479 quoniam
970 1417 1044 1478 quae
1072 1398 1248 1459 inchoantur
1270 1394 1343 1457 nibil
1366 1395 1463 1474 perle-

171 1509 253 1563 ctum
275 1499 386 1562 babere
409 1498 528 1560 debent.
573 1500 785 1580 frequentativa
807 1499 900 1560 lorma
923 1501 1006 1561 into
1029 1500 1145 1580 quaudo
1168 1501 1240 1569 exit,
1263 1515 1381 1577 semper
1403 1499 1463 1575 pri·
1477 1513 1501 1552 ro

171 1622 238 1665 mae
262 1602 475 1682 coniugationis
498 1611 556 1672 est,
579 1611 613 1663 ut
633 1600 733 1662 lectito
755 1601 883 1671 lectitas
907 1605 1016 1663 cursito
1037 1603 1175 1671 cursitas,
1199 1602 1332 1680 scriptito
1346 1601 1462 1679 scripti-

171 1713 224 1766 tas.
271 1707 297 1765 si
325 1711 422 1765 autem
451 1705 482 1764 in
510 1723 543 1764 so
567 1713 665 1774 creat,
690 1706 777 1766 etiam
800 1706 905 1765 tertiae
929 1722 993 1764 esse
1015 1711 1124 1784 potest,
1155 1711 1188 1763 ut
1209 1703 1320 1763 lacesso
1342 1699 1462 1763 lacessis

171 1815 202 1868 et
223 1806 338 1868 facesso
361 1806 491 1867 lacessis.

257 1909 485 1987 Coniugationes
508 1916 568 1969 tres
590 1916 659 1969 sunt
681 1910 800 1969 nomina
822 1906 965 1969 babentes
986 1907 1023 1968 ab
1046 1906 1150 1969 ordine
1172 1906 1344 1969 litterarum.
1373 1926 1461 1986 quae·

171 2020 278 2073 runtur
306 2019 404 2072 autern
433 2013 562 2091 quinque
591 2010 695 2080 rebus,
725 2010 753 2070 id
777 2018 821 2071 est
842 2009 997 2070 indicativo
1019 2010 1123 2082 modo,
1147 2019 1280 2090 tempore
1301 2011 1460 2090 praesenti,
1476 2027 1499 2066 ra

171 2132 297 2176 nurnero
325 2111 481 2192 singulari,
512 2113 639 2173 secunda
662 2131 805 2193 persona,
836 2120 904 2173 ante
925 2111 1037 2173 litteras
1058 2111 1104 2172 vel
1131 2121 1199 2173 autc
1221 2112 1360 2191 syllabas:
1393 2120 1461 2171 ante

171 2213 285 2277 litteras
312 2217 343 2276 in
372 2213 470 2275 verbis
497 2217 598 2276 activis
626 2224 655 2275 et
683 2213 879 2284 neutralibus,
909 2220 976 2274 aute
1003 2213 1128 2294 syllabas
1156 2217 1186 2274 iu
1214 2217 1334 2284 ceteris,
1363 2215 1461 2274 idest

171 2320 292 2395 passivis
320 2316 526 2377 communibus
552 2316 778 2394 deponentibus
822 2335 894 2394 ergo
924 2315 974 2376 ubi
1001 2315 1141 2386 aluerit,
1170 2318 1265 2397 prima
1293 2318 1460 2401 coniugatio

171 2429 226 2489 cst,
250 2428 285 2481 ut
307 2436 373 2479 amo
396 2438 491 2488 amas;
514 2417 565 2480 ubi
589 2436 620 2487 c,
644 2419 787 2487 secunda,
811 2426 843 2478 ut
865 2417 957 2479 doceo
980 2416 1084 2488 doces;
1106 2418 1157 2480 ubi
1178 2421 1197 2488 i,
1220 2419 1316 2487 tertia,
1340 2427 1372 2480 ut
1393 2417 1460 2496 lego

170 2518 257 2601 legis:
287 2520 339 2581 sed
368 2523 453 2581 tertia
484 2519 659 2601 plerumque
682 2528 712 2581 et
733 2528 870 2599 correpta
893 2533 938 2580 est
959 2528 988 2581 et
1008 2521 1167 2600 producta,
1191 2521 1270 2601 quod
1293 2520 1458 2600 depreben—
1472 2537 1497 2577 aa

168 2623 248 2686 ditur
272 2625 329 2685 bac
351 2624 474 2684 ratione.
519 2624 544 2681 si
567 2631 705 2703 correpta
727 2622 882 2694 fueritin
905 2624 1020 2703 passivo
1043 2631 1109 2683 ante
1131 2627 1264 2683 ultimam
1279 2621 1420 2702 syllabam
1443 2641 1459 2682 e

165 2723 305 2794 babebit,
329 2732 362 2785 ut
382 2723 448 2804 lego
471 2724 558 2803 legis,
581 2724 664 2803 legor
686 2724 808 2804 legeris:
838 2727 863 2785 si
885 2736 982 2786 autem
1005 2725 1148 2803 producta
1169 2725 1272 2801 luerit,
1295 2727 1305 2784 i
1326 2743 1458 2786 reserva·

163 2823 208 2889 bit
237 2829 270 2888 in
299 2829 429 2906 passivo,
458 2836 491 2886 ut
519 2829 616 2887 nutrio
636 2823 649 2909 ss
672 2829 782 2897 nutris,
811 2829 925 2888 nutrior
953 2829 1083 2888 nutriris.
1128 2845 1202 2907 quae
1225 2827 1349 2886 varietas
1371 2828 1457 2886 etiam

161 2927 200 2992 de
230 2930 406 3008 imperativo
434 2928 523 2990 modo
552 2927 712 3007 colligitur:
743 2949 810 2990 nam
839 2931 925 2991 tertia
952 2938 1087 3008 correpta
1116 2929 1147 2988 iu
1175 2947 1191 2987 e
1221 2930 1293 2997 exit,
1322 2935 1354 2988 ut
1382 2927 1458 3006 lege,

161 3033 255 3093 tertia
278 3031 421 3110 producta
444 3033 475 3090 in
499 3033 522 3101 i,
545 3039 578 3091 ut
599 3032 693 3090 nutri:
717 3031 786 3093 item
810 3032 917 3091 inliniti
939 3031 1018 3090 modi
1033 3028 1211 3110 paenultima
1234 3028 1358 3108 syllaba,
1382 3048 1456 3108 quae
1470 3050 1495 3090 aa

161 3137 187 3195 si
212 3131 303 3211 longa
326 3132 428 3204 luerit,
452 3133 625 3213 productum
649 3134 887 3211 coniugatiouem
917 3151 982 3193 esse
1005 3131 1200 3201 demonstrat,
1223 3139 1256 3192 ut
1277 3132 1405 3201 nutrire;
1433 3133 1458 3191 si

161 3232 282 3304 brevis,
305 3243 473 3314 correptam
497 3254 562 3296 esse
584 3236 741 3312 significat,
765 3243 798 3296 ut
820 3234 927 3313 legere.
972 3233 1027 3294 bae
1050 3240 1147 3294 autem
1171 3233 1390 3310 coniugationes
1412 3233 1457 3293 lu·

161 3345 266 3400 turum
290 3345 407 3417 tempus
428 3337 578 3398 indicativi
600 3337 679 3398 modi
701 3338 780 3397 varie
803 3338 931 3397 mittunt.
976 3353 1044 3396 nam
1067 3338 1160 3414 prima
1185 3344 1214 3394 et
1235 3335 1363 3396 secunda
1386 3354 1457 3396 con-

161 3441 332 3519 iugationes
346 3441 377 3499 in
392 3438 431 3500 bo
453 3440 579 3508 ducunt,
603 3447 636 3499 ut
658 3457 724 3499 amo
747 3455 827 3498 amas
849 3436 969 3509 amabo,
993 3439 1085 3498 doceo
1108 3437 1197 3497 doces
1220 3436 1341 3498 docebo.
1371 3439 1456 3498 tertia

161 3560 235 3604 vero
258 3548 395 3621 correpta
422 3544 452 3602 in
481 3561 526 3603 am
550 3550 663 3602 tautum
686 3543 789 3608 mittit,
812 3549 845 3601 ut
870 3539 937 3619 lego
959 3540 1034 3618 legis
1055 3537 1161 3616 legam.
1205 3539 1290 3599 tertia
1313 3538 1455 3617 producta
1468 3560 1494 3600 ao

161 3645 238 3706 duas
261 3642 352 3704 babet
372 3643 489 3723 regulas
512 3643 705 3724 requirendas
727 3641 876 3702 indicativi
898 3641 979 3701 modi
1001 3649 1135 3719 tempore
1157 3642 1317 3719 praesenti:
1342 3643 1367 3700 si
1389 3650 1456 3702 ante

162 3767 183 3807 o
206 3744 342 3807 ultimam
366 3764 383 3805 e
404 3745 494 3807 luerit
515 3754 666 3824 correpta,
694 3745 725 3804 iu
747 3743 785 3804 bo
808 3751 921 3805 tantum
944 3744 1045 3813 mittit,
1068 3749 1101 3802 ut
1123 3760 1195 3802 ereo
1225 3741 1326 3812 eribo:
1357 3744 1382 3802 si
1404 3763 1455 3804 au-

161 3858 223 3910 tem
246 3849 257 3908 i
279 3847 416 3909 babuerit
438 3856 506 3909 aute
528 3867 559 3918 o,
584 3848 714 3909 lutururn
739 3853 854 3923 tempus
876 3854 906 3906 et
927 3847 958 3906 in
981 3865 1027 3906 am
1051 3853 1080 3906 et
1100 3846 1131 3905 in
1154 3842 1192 3904 bo
1213 3845 1314 3914 mittit,
1338 3853 1371 3905 ut
1392 3864 1455 3906 ser-

161 3952 209 4011 vio
233 3952 360 4011 serviam
383 3950 509 4010 servibo.
554 3968 627 4030 quas
649 3948 766 4027 regulas
781 3948 896 4009 Probus
917 3948 1022 4008 artilex
1044 3955 1153 4009 tuetur.

249 4050 414 4113 Verborum
437 4070 546 4130 genera
570 4054 699 4132 quinque
721 4060 804 4121 suot,
834 4053 927 4111 activa
950 4052 1063 4128 passiva
1086 4058 1189 4110 neutra
1213 4051 1378 4111 communia
1402 4049 1452 4110 de·
1466 4070 1492 4110 a:

161 4156 314 4237 ponentis.
359 4172 561 4233 quaecumque
590 4156 650 4215 sint
676 4152 733 4213 illis
761 4151 998 4222 delinitionibus,
1028 4153 1156 4231 quaein
1184 4158 1246 4211 arte
1269 4150 1362 4213 lectae
1385 4162 1454 4213 suut

161 4259 259 4328 varie,
282 4266 397 4326 tarnem
421 4265 562 4336 quantum
585 4255 622 4317 ad
644 4256 871 4334 significationes
886 4256 1029 4334 pertinet,
1053 4253 1150 4313 omnia
1166 4254 1219 4314 ista
1235 4255 1365 4333 quinque
1381 4254 1453 4315 duas

161 4358 275 4422 babent
296 4359 536 4438 significationes,
566 4358 596 4419 id
619 4365 664 4419 est
684 4365 735 4418 aut
756 4359 869 4436 agentis
896 4366 947 4418 aut
973 4357 1120 4435 patieutis.
1163 4356 1233 4416 binc
1256 4355 1400 4436 estquod
1421 4357 1452 4415 in

230 4633 264 4684 21
284 4641 341 4683 avite
357 4632 481 4696 syllabam
501 4633 525 4681 P
541 4631 681 4697 pemdtima
698 4631 829 4697 syllabas*
897 4630 929 4681 at
952 4637 1010 4679 ente
1027 4645 1042 4679 o
1059 4630 1148 4680 ultima
1166 4649 1180 4680 e
1199 4629 1275 4680 luerit
1294 4637 1410 4694 correpto
1427 4630 1454 4679 P

161 4714 218 4754 aute
239 4720 254 4753 o
271 4703 387 4753 ultimum
407 4720 420 4751 e
439 4702 515 4752 luerit
532 4714 674 4768 correptum
693 4716 710 4759 ς
765 4702 800 4752 34
819 4697 926 4766 Probus]
947 4703 1024 4753 instit.
1038 4709 1088 4751 art.
1101 4717 1127 4764 p.
1143 4703 1194 4752 ‹tltt
1213 4702 1255 4750 ed.
1274 4699 1396 4750 Vendat:
1413 4701 1449 4762 cs,

161 4776 273 4840 Pompei.
288 4789 315 4838 p.
332 4773 381 4824 491
470 4772 505 4823 36
529 4788 694 4836 quaecuuque
712 4773 755 4823 ille
771 4773 824 4842 sint
843 4771 1009 4821 diffinitiones
1032 4787 1096 4834 quae
1120 4771 1161 4820 bic
1185 4771 1264 4820 lectae
1287 4777 1360 4818 suut:
1379 4770 1449 4819 uaric

161 4854 245 4894 tamen
264 4852 385 4908 quantum
401 4844 434 4893 ad
448 4843 649 4910 significationes
666 4843 694 4892 id
713 4843 823 4909 pertinet
841 4857 867 4899 ς.
884 4842 997 4905 fortasse
1015 4856 1153 4903 quaecum
1175 4843 1225 4890 sint
1242 4840 1364 4888 -vario

161 4914 227 4965 lecta
242 4916 267 4964 P
334 4912 368 4966 38
385 4913 412 4963 id
431 4922 470 4964 est
487 4921 516 4963 ut
531 4916 631 4981 agentis
647 4914 673 4963 P
