3346 5506
247 368 335 429 -352
487 367 537 429 nu
559 320 820 429 rsnvnornosr
849 366 1069 430 turnucum
1089 366 1350 431 turmarum

273 559 347 615 sauri
359 558 564 614 bleermanniaui
574 558 710 614 volumine
725 559 823 633 primo,
839 575 900 614 curn
911 576 979 614 usus
991 560 1026 615 sit
1038 557 1202 615 editionibus
1213 561 1333 634 antiquis
1347 558 1437 617 tribus
1447 559 1569 618 llomana

273 643 374 699 Veneta
389 645 553 700 decursinua
574 642 706 716 librisque
720 644 832 717 scriptis
847 643 953 699 ‹lirobus
968 642 1055 700 altero
1070 643 1208 700 Laurentii
1223 644 1381 717 Pignoriae‚
1398 654 1495 719 postea
1508 646 1569 703 ble-

273 728 365 784 xandri
382 727 447 783 Estii
463 730 569 802 patricii
584 728 712 790 Patavini.
728 729 815 784 altero
830 744 919 801 coque
939 736 970 783 ut
985 729 1023 784 ait
1036 727 1221 785 vetustissimo
1236 730 1348 785 bistonii
1362 728 1507 804 Seripandi
1520 730 1569 787 ali·

274 813 390 886 qnando.
407 822 501 886 postea
517 813 551 869 ab
568 814 626 886 ipso
643 812 751 868 Ernstio
767 812 880 886 Neapoli
895 815 992 886 erupti,
1010 815 1051 869 bis
1066 813 1231 869 molimentis
1245 814 1325 888 plane
1340 815 1482 887 indignum
1498 832 1569 890 opus

273 897 364 953 edocit
375 905 402 952 ct
414 898 451 954 ita
463 900 527 970 egit,
540 906 570 953 ut
580 896 658 951 fidem
671 897 789 953 bominis
800 914 835 953 ne
843 914 963 959 accuses,
976 914 1095 953 summae
1106 897 1239 955 stultitiae
1249 915 1311 954 curn
1322 915 1438 973 arguere
1449 903 1569 974 cogaris.

272 982 337 1038 Nam
353 990 384 1037 ut
398 984 502 1038 mittam
517 982 709 1054 l'ignorianum
725 982 838 1044 librum,
859 984 902 1037 cui
918 984 977 1056 ipsc
993 981 1119 1038 Ernstius
1133 1000 1189 1038 non
1204 983 1319 1039 multum
1334 983 1446 1047 tribuit.
1468 984 1570 1041 descri-

273 1076 348 1140 pturn
366 1067 476 1123 omnino
491 1083 523 1122 er
535 1067 707 1123 blarcanorae
722 1066 845 1140 excniplo
861 1066 943 1123 bodie
958 1066 1112 1129 llutinensi,
1128 1068 1201 1142 quod
1216 1076 1324 1125 constat
1339 1068 1412 1143 apud
1424 1069 1569 1126 Piuellium

273 1152 372 1208 vidisse
387 1159 415 1207 et
429 1154 583 1208 excussisse
597 1151 767 1224 Pignoriam,
782 1153 984 1207 vetustissimus
1006 1150 1051 1207 ille
1068 1153 1091 1207 si
1106 1151 1158 1207 diis
1172 1152 1263 1227 placet
1277 1152 1490 1227 Seripandianus
1505 1171 1570 1210 sane

274 1254 329 1292 nou
357 1237 408 1291 init
433 1236 565 1310 particula
590 1254 653 1292 casu
679 1235 772 1309 aliquo
788 1236 879 1291 solutn
904 1253 936 1292 cx
951 1236 1119 1309 grammatici
1145 1240 1299 1309 argumenti
1325 1238 1420 1295 codice
1445 1255 1570 1295 summae

274 1323 416 1377 vetustatis
432 1321 638 1383 olimBobiensi
650 1319 938 1394 posteaNcapolitano‚
950 1320 1238 1378 bodieVindobonensi
1251 1321 1288 1393 (n.
1299 1324 1331 1377 16
1340 1319 1440 1399 Ειιι11.),
1456 1324 1485 1380 id
1496 1324 1569 1398 quod

275 1406 406 1479 suspicati
428 1415 493 1462 sunt
508 1405 707 1461 Eicberrleldius
728 1414 756 1461 et
776 1404 953 1461 Emilicberus
975 1402 1054 1479 (anal.
1070 1423 1183 1478 gramm.
1199 1424 1225 1481 p.
1241 1405 1322 1477 llll),
1344 1408 1392 1463 sed
1413 1410 1436 1464 si
1461 1408 1570 1482 quidem

275 1491 373 1552 extitit.
390 1491 509 1564 scriptus
526 1495 562 1547 sit
576 1506 689 1547 necesso
704 1498 747 1546 cst
762 1499 825 1563 post
841 1491 1014 1547 l'errarinum
1029 1491 1138 1547 saeculo
1153 1490 1197 1547 XV
1213 1490 1255 1547 vel
1269 1491 1332 1547 xvi.
1361 1492 1428 1549 Nam
1443 1501 1570 1551 notantm

274 1575 450 1638 laterculum,
473 1593 553 1649 quem
573 1576 635 1632 iudo
651 1574 692 1631 vel
707 1577 819 1632 maxime
840 1575 962 1631 exhibuit
976 1575 1115 1637 Erasmus,
1138 1579 1165 1631 in
1181 1592 1284 1631 summa
1307 1592 1337 1632 re
1357 1594 1413 1632 uon
1432 1577 1570 1635 diversum

276 1678 335 1716 csse
357 1661 576 1717 al'errariniano
598 1660 765 1736 comparatio
782 1660 906 1716 instituta
927 1660 1034 1723 docuit;
1055 1659 1169 1734 exempli
1189 1678 1271 1717 causa
1292 1670 1385 1718 notam
1399 1661 1571 1720 Doureios

278 1745 398 1802 COuSul
411 1745 525 1801 LVllos
540 1740 849 1801 SrlCros‘l'ocioudum
866 1745 993 1811 Uitruuia,
1010 1762 1091 1818 ‹puam
1107 1745 1226 1802 adfuisse
1241 1749 1268 1801 in
1284 1764 1335 1802 suo
1351 1755 1461 1803 vetusto
1476 1747 1571 1804 codice

276 1830 400 1887 Ernstius
417 1839 532 1887 testatur
543 1831 644 1886 diserte
658 1825 693 1904 (p.
703 1827 771 1903 12²7),
786 1830 901 1903 petitam
913 1847 970 1886 carn
982 1846 1013 1885 es
1023 1830 1166 1887 llomitiani
1182 1830 1325 1887 notissimo
1338 1848 1449 1887 nummo
1462 1831 1571 1888 iisdem·

277 1933 330 1989 que
350 1915 439 1971 verbis
461 1915 572 1971 relatam
588 1924 641 1971 tam
658 1916 728 1989 apud
743 1915 891 1971 lucurrdum
914 1932 994 1987 quarn
1008 1916 1080 1988 apud
1095 1915 1275 1971 l'errariuium
1291 1914 1326 1989 (v.
1343 1935 1370 1990 p.
1386 1920 1438 1971 319
1452 1917 1492 1988 n.)
1508 1918 1572 1990 quis

276 2001 370 2057 credet
385 2002 412 2057 in
428 2001 560 2056 eiusmodi
576 2000 693 2057 tabulam
709 2002 793 2073 recipi
808 2001 932 2073 potuisse
948 2008 1010 2055 ante
1025 1999 1163 2056 saeculum
1178 2000 1309 2056 decimum
1325 2002 1470 2075 quintuml
1492 2002 1573 2057 beni·

276 2102 329 2158 quc
344 2086 372 2140 in
388 2086 487 2160 quibus
503 2085 617 2142 discedit
632 2103 647 2141 a
662 2085 806 2141 Ferrariuo
829 2084 912 2141 codex
926 2083 1101 2146 Ernstiauus,
1123 2093 1154 2140 ut
1169 2085 1241 2158 quod
1263 2083 1423 2142 laterculum
1438 2085 1466 2142 in
1480 2086 1571 2160 capita

276 2170 369 2225 dividit
383 2188 439 2226 nou
455 2171 538 2226 editio
554 2169 611 2226 sola
627 2169 778 2231 Ernstiana,
794 2170 915 2243 sedipsc
931 2167 976 2225 illc
991 2170 1024 2226 de
1039 2187 1094 2243 quo
1110 2175 1216 2243 agimus
1231 2169 1300 2225 liber
1314 2172 1442 2244 scriptus.
1459 2187 1525 2227 sane
1539 2188 1572 2227 ea

276 2272 340 2328 prae
352 2271 381 2310 se
393 2257 484 2311 lerum
495 2271 550 2310 non
565 2271 643 2310 verae
658 2256 828 2328 antiquitatis
844 2252 961 2309 indolem
974 2255 1127 2327 genuinam,
1143 2254 1190 2309 sed
1203 2255 1406 2312 recentissimae
1420 2254 1573 2329 interpola·

277 2340 360 2395 tionis
371 2358 425 2397 non
440 2339 520 2396 dubia
531 2340 638 2396 indicia.
651 2370 687 2380 -
701 2339 799 2396 Totum
812 2347 901 2395 autom
912 2338 1029 2394 Probum
1041 2355 1121 2412 quem
1133 2338 1226 2395 dicunt
1237 2338 1436 2413 alphabeticum
1452 2340 1573 2396 abicien-

276 2424 339 2479 dum
350 2441 410 2481 esse
418 2441 470 2498 ego
483 2425 665 2481 demonstravi
682 2426 709 2480 in
720 2426 915 2481 commeutario
932 2425 999 2480 actis
1012 2426 1151 2480 societatis
1159 2424 1306 2481 saxonicae
1318 2420 1351 2501 (a.
1363 2428 1428 2479 1853
1439 2427 1505 2499 p.ttl
1517 2426 1572 2500 sq.)

276 2510 388 2566 inserto.
418 2509 474 2565 Hoc
489 2518 578 2565 autem
595 2510 656 2565 loco
672 2526 834 2582 quamquam
849 2518 1014 2583 personatus
1029 2508 1074 2564 iile
1088 2503 1195 2565 Probus
1210 2512 1300 2583 potuit
1316 2509 1477 2583 simpliciter
1491 2527 1572 2583 prae·

277 2595 389 2650 teruritti
405 2594 505 2668 (neque
520 2595 591 2651 enim
606 2597 659 2651 iam
675 2594 820 2650 verendum
830 2601 881 2655 est.
897 2610 931 2648 ne
946 2611 1002 2649 nou
1016 2602 1145 2668 spernant
1159 2593 1287 2668 deinceps
1301 2603 1486 2651 commentum
1501 2594 1573 2651 illud

276 2679 324 2734 viri
340 2678 438 2750 docti).
462 2688 549 2736 tamen
564 2681 651 2753 magis
667 2680 755 2735 visum
770 2688 812 2734 est
827 2694 884 2733 rem
899 2679 987 2734 (tenuo
1003 2686 1167 2740 retractare.
1189 2679 1305 2752 primum
1321 2679 1386 2753 quia
1400 2680 1506 2736 erroris
1522 2696 1573 2753 per

275 2772 406 2837 quattuor
428 2762 536 2821 saecula
555 2766 699 2839 propagati
719 2765 816 2820 notitia
830 2763 922 2836 aliqua
942 2763 1029 2820 adbuc
1049 2780 1104 2819 non
1120 2770 1194 2818 recte
1208 2763 1361 2826 carebitur,
1382 2763 1480 2820 deinde
1494 2766 1573 2837 quod

274 2858 401 2905 notarum
417 2848 456 2904 illi
473 2849 595 2906 laterculi
612 2848 712 2906 saeculi
734 2848 829 2905 decimi
845 2849 931 2921 quinti
952 2850 1004 2904 etsi
1025 2865 1075 2921 per
1089 2864 1118 2904 se
1138 2847 1248 2903 inutiles
1268 2856 1347 2909 sunt.
1371 2855 1460 2904 tauram
1476 2847 1512 2905 ab
1528 2851 1571 2911 iis.

275 2936 321 3008 qui
337 2937 363 2989 in
379 2937 438 2990 eius
453 2935 553 2990 saeculi
569 2935 779 3007 inscriptionum
796 2934 917 3007 syllogus
938 2933 1099 2989 ordinandas
1121 2934 1277 3006 inquirunt,
1298 2933 1331 2989 ad
1348 2942 1473 3008 tempora
1494 2942 1572 2990 recte

275 3019 465 3076 constituenda
489 3022 627 3093 crisiuque
648 3035 740 3076 earum
762 3017 937 3075 exercendam
958 3035 1012 3074 ιιοιι
1029 3020 1087 3073 siue
1103 3019 1193 3073 sumtu
1215 3018 1306 3092 aliquo
1329 3016 1571 3075 adlubebuntur.*

277 3134 313 3146 —-
331 3105 568 3161 tlotlrolredinuam
585 3114 675 3160 nutem
701 3103 845 3160 ‘notarum
862 3111 889 3159 et
903 3102 1057 3159 litterarum
1073 3103 1251 3176 singularium
1269 3133 1306 3143 -
1335 3111 1389 3158 tam
1406 3103 1432 3158 in
1448 3105 1572 3178 antiquis

276 3188 499 3263 inscriptionibus
515 3207 595 3263 quarn
614 3193 640 3246 iu
656 3192 773 3244 rmnunis
789 3185 1019 3263 explanationeur'
1042 3184 1077 3261 (p.
1096 3188 1282 3258 inti—listi)
1305 3204 1400 3243 recens
1421 3191 1572 3246 concinna·

277 3283 328 3330 tam
345 3291 406 3329 esse
422 3275 482 3329 ideo
499 3292 612 3335 ruoueo.
636 3275 711 3348 quod
725 3275 771 3348 qui
788 3276 837 3330 linc
852 3281 940 3328 aetate
955 3281 1081 3327 notarum
1097 3272 1235 3328 laterculis
1250 3291 1265 3329 a
1280 3272 1419 3346 plerisque
1434 3273 1573 3346 neglectis

276 3376 340 3431 prae
356 3360 455 3414 ceteris
471 3377 564 3416 curam
580 3359 710 3433 impendit
726 3359 899 3415 Goesclrenus
915 3358 1006 3414 nescio
1028 3375 1083 3431 quo
1099 3375 1192 3414 errore
1213 3355 1250 3431 (iu
1265 3357 1351 3430 prael.
1367 3356 1400 3412 ad
1415 3357 1511 3413 Gaium
1529 3359 1572 3415 ed.

278 3447 343 3496 tat-tt>
359 3463 386 3517 p.
403 3444 535 3515 lxxxvi)
551 3446 670 3518 antiquis
686 3460 744 3501 earu
760 3445 952 3500 adnumeravit.

343 3608 358 3641 *
378 3611 470 3659 Eorum
490 3627 575 3669 carisa,
594 3613 616 3659 ai
629 3612 672 3674 qui
693 3609 859 3668 torruerunt,
878 3612 922 3671 qui
938 3612 963 3659 iu
977 3609 1044 3658 barm
1062 3610 1093 3658 de
1112 3617 1226 3658 notarum
1245 3607 1371 3657 laterculis
1389 3610 1572 3672 quaestionem

274 3679 357 3730 riorum
376 3682 512 3743 inquirent,
532 3682 633 3730 codices
652 3681 748 3744 aliquot
767 3680 923 3744 designabo,
943 3695 1007 3743 ‹puos
1027 3680 1059 3728 nd
1078 3695 1133 3728 cnm
1152 3679 1329 3742 aliquomodo
1348 3680 1477 3744 pertinere
1492 3683 1574 3732 antici

274 3749 307 3796 nd
325 3766 365 3798 mc
384 3752 545 3811 rettulerunt,
570 3750 653 3801 mllrnc
673 3765 723 3798 non
742 3752 913 3798 examinatos:
946 3750 1040 3798 llrsruno
1059 3751 1116 3802 Vnt.
1137 3748 1215 3799 2713.
1249 3748 1337 3798 Urbiu.
1356 3751 1417 3801 452.
1448 3747 1572 3804 Ottobon.

273 3820 324 3868 874
342 3821 413 3881 (vide
432 3836 508 3886 supra
526 3837 551 3886 p.
572 3820 646 3879 270),
666 3820 742 3871 utut.
762 3820 865 3868 Parisiis
883 3821 947 3886 llrg.
963 3819 1030 3870 11117
1050 3818 1246 3883 (bubuleos).
1267 3818 1372 3884 Neapoli
1393 3819 1448 3867 int.
1469 3835 1493 3869 n.
1509 3822 1572 3870 ebt.

275 3889 407 3938 dcerduut
424 3892 526 3939 codices
546 3892 676 3940 isidorinni
703 3901 817 3940 uotmum
838 3889 959 3941 interculo
978 3891 1061 3951 arreti,
1087 3900 1115 3938 ut
1137 3899 1196 3939 srrrrt
1215 3890 1295 3938 l'utic.
1314 3888 1375 3940 1123.
1405 3888 1464 3938 Vnt.
1483 3889 1572 3939 llttob.

273 3958 334 4020 477,
354 3959 495 4021 dequibus
515 3963 724 4025 supradiximus
744 3976 770 4024 p.
790 3960 851 4011 303.
