<?xml version="1.0" encoding="UTF-8"?>
<!DOCTYPE html PUBLIC "-//W3C//DTD XHTML 1.0 Transitional//EN"
    "http://www.w3.org/TR/xhtml1/DTD/xhtml1-transitional.dtd">
<html xmlns="http://www.w3.org/1999/xhtml" xml:lang="en" lang="en">
 <head>
  <title>
</title>
<meta http-equiv="Content-Type" content="text/html;charset=utf-8" />
  <meta name='ocr-system' content='tesseract 3.04.00' />
  <meta name='ocr-capabilities' content='ocr_page ocr_carea ocr_par ocr_line ocrx_word'/>
</head>
<body>
  <div class='ocr_page' id='page_1' title='image "./grammaticilatin05keilgoog/grammaticilatin05keilgoog_0283.png"; bbox 0 0 3346 5506; ppageno 0'>
   <div class='ocr_carea' id='block_1_1' title="bbox 227 370 942 457">
    <p class='ocr_par' dir='ltr' id='par_1_1' title="bbox 227 370 942 457">
     <span class='ocr_line' id='line_1_1' title="bbox 227 370 942 457; baseline -0.003 -21"><span class='ocrx_word' id='word_1_1' title='bbox 227 375 289 438; x_wconf 77' lang='lat' dir='ltr'><strong>mo</strong></span> <span class='ocrx_word' id='word_1_2' title='bbox 800 370 942 457; x_wconf 81' lang='lat' dir='ltr'><strong>[vocer]</strong></span> 
     </span>
    </p>
   </div>
   <div class='ocr_carea' id='block_1_2' title="bbox 227 489 1519 643">
    <p class='ocr_par' dir='ltr' id='par_1_2' title="bbox 227 489 1519 643">
     <span class='ocr_line' id='line_1_2' title="bbox 295 489 1469 545; baseline 0 -11"><span class='ocrx_word' id='word_1_3' title='bbox 295 522 300 534; x_wconf 92' lang='lat'>.</span> <span class='ocrx_word' id='word_1_4' title='bbox 316 490 373 532; x_wconf 80' lang='grc'><strong>1381.</strong></span> <span class='ocrx_word' id='word_1_5' title='bbox 383 491 408 533; x_wconf 83' lang='grc'><strong>88</strong></span> <span class='ocrx_word' id='word_1_6' title='bbox 422 489 446 531; x_wconf 85' lang='lat' dir='ltr'><strong>P.</strong></span> <span class='ocrx_word' id='word_1_7' title='bbox 1322 502 1347 545; x_wconf 82' lang='lat' dir='ltr'><strong>p.</strong></span> <span class='ocrx_word' id='word_1_8' title='bbox 1360 489 1395 534; x_wconf 68' lang='lat' dir='ltr'><strong>ll.</strong></span> <span class='ocrx_word' id='word_1_9' title='bbox 1404 490 1431 534; x_wconf 73' lang='grc'><strong>43</strong></span> <span class='ocrx_word' id='word_1_10' title='bbox 1444 489 1469 533; x_wconf 76' lang='lat' dir='ltr'><strong>l..</strong></span> 
     </span>
     <span class='ocr_line' id='line_1_3' title="bbox 227 504 1519 643; baseline 0.001 -18"><span class='ocrx_word' id='word_1_11' title='bbox 227 504 375 625; x_wconf 58' lang='lat' dir='ltr'><strong>iuteprdum</strong></span> <span class='ocrx_word' id='word_1_12' title='bbox 397 563 461 623; x_wconf 89' lang='lat' dir='ltr'><strong>sine</strong></span> <span class='ocrx_word' id='word_1_13' title='bbox 478 560 575 641; x_wconf 88' lang='lat' dir='ltr'><strong>aliqua</strong></span> <span class='ocrx_word' id='word_1_14' title='bbox 599 570 790 632; x_wconf 80' lang='lat' dir='ltr'><strong>consonante,</strong></span> <span class='ocrx_word' id='word_1_15' title='bbox 814 568 847 622; x_wconf 89' lang='lat' dir='ltr'><strong>ut</strong></span> <span class='ocrx_word' id='word_1_16' title='bbox 870 560 1045 623; x_wconf 72' lang='lat' dir='ltr'><strong>‘Oenotri</strong></span> <span class='ocrx_word' id='word_1_17' title='bbox 1063 560 1218 624; x_wconf 86' lang='lat' dir='ltr'><strong>coluere</strong></span> <span class='ocrx_word' id='word_1_18' title='bbox 1237 562 1339 633; x_wconf 87' lang='lat' dir='ltr'><strong>viri’,</strong></span> <span class='ocrx_word' id='word_1_19' title='bbox 1362 560 1519 643; x_wconf 73' lang='lat' dir='ltr'><strong>adunando</strong></span> 
     </span>
    </p>
   </div>
   <div class='ocr_carea' id='block_1_3' title="bbox 146 663 1524 4415">
    <p class='ocr_par' dir='ltr' id='par_1_3' title="bbox 146 663 1524 4415">
     <span class='ocr_line' id='line_1_4' title="bbox 226 663 1519 744; baseline 0.002 -18"><span class='ocrx_word' id='word_1_20' title='bbox 226 663 473 744; x_wconf 81' lang='lat' dir='ltr'><strong>praecedentibus</strong></span> <span class='ocrx_word' id='word_1_21' title='bbox 493 664 733 733; x_wconf 80' lang='lat' dir='ltr'><strong>consonantibus,</strong></span> <span class='ocrx_word' id='word_1_22' title='bbox 756 670 788 724; x_wconf 91' lang='lat' dir='ltr'><strong>ut</strong></span> <span class='ocrx_word' id='word_1_23' title='bbox 807 665 1026 743; x_wconf 81' lang='lat' dir='ltr'><strong>‘praeterea</strong></span> <span class='ocrx_word' id='word_1_24' title='bbox 1047 666 1192 743; x_wconf 74' lang='lat' dir='ltr'><strong>genus&#39;,</strong></span> <span class='ocrx_word' id='word_1_25' title='bbox 1214 670 1266 725; x_wconf 85' lang='lat' dir='ltr'><strong>aut</strong></span> <span class='ocrx_word' id='word_1_26' title='bbox 1280 663 1431 727; x_wconf 84' lang='lat' dir='ltr'><strong>interdum</strong></span> <span class='ocrx_word' id='word_1_27' title='bbox 1449 684 1519 728; x_wconf 81' lang='lat' dir='ltr'><strong>eon·</strong></span> 
     </span>
     <span class='ocr_line' id='line_1_5' title="bbox 226 763 1519 846; baseline 0.002 -18"><span class='ocrx_word' id='word_1_28' title='bbox 226 765 433 846; x_wconf 87' lang='lat' dir='ltr'><strong>sequentibus,</strong></span> <span class='ocrx_word' id='word_1_29' title='bbox 465 773 498 825; x_wconf 91' lang='lat' dir='ltr'><strong>ut</strong></span> <span class='ocrx_word' id='word_1_30' title='bbox 532 768 727 827; x_wconf 79' lang='lat' dir='ltr'><strong>‘aestatem</strong></span> <span class='ocrx_word' id='word_1_31' title='bbox 760 767 1000 846; x_wconf 81' lang='lat' dir='ltr'><strong>increpitans</strong></span> <span class='ocrx_word' id='word_1_32' title='bbox 1032 769 1180 826; x_wconf 91' lang='lat' dir='ltr'><strong>seram’.</strong></span> <span class='ocrx_word' id='word_1_33' title='bbox 1224 763 1405 828; x_wconf 89' lang='lat' dir='ltr'><strong>elementum</strong></span> <span class='ocrx_word' id='word_1_34' title='bbox 1431 769 1519 830; x_wconf 84' lang='lat' dir='ltr'><strong>semi·</strong></span> 
     </span>
     <span class='ocr_line' id='line_1_6' title="bbox 227 864 1520 949; baseline 0.005 -23"><span class='ocrx_word' id='word_1_35' title='bbox 227 867 370 929; x_wconf 88' lang='lat' dir='ltr'><strong>vocalium</strong></span> <span class='ocrx_word' id='word_1_36' title='bbox 400 875 513 946; x_wconf 90' lang='lat' dir='ltr'><strong>septem</strong></span> <span class='ocrx_word' id='word_1_37' title='bbox 541 864 646 928; x_wconf 88' lang='lat' dir='ltr'><strong>litteris</strong></span> <span class='ocrx_word' id='word_1_38' title='bbox 674 874 802 936; x_wconf 89' lang='lat' dir='ltr'><strong>constat,</strong></span> <span class='ocrx_word' id='word_1_39' title='bbox 836 886 913 946; x_wconf 87' lang='lat' dir='ltr'><strong>quae</strong></span> <span class='ocrx_word' id='word_1_40' title='bbox 941 884 995 944; x_wconf 86' lang='lat' dir='ltr'><strong>per</strong></span> <span class='ocrx_word' id='word_1_41' title='bbox 1022 886 1055 928; x_wconf 91' lang='lat' dir='ltr'><strong>se</strong></span> <span class='ocrx_word' id='word_1_42' title='bbox 1082 866 1202 947; x_wconf 89' lang='lat' dir='ltr'><strong>quidem</strong></span> <span class='ocrx_word' id='word_1_43' title='bbox 1229 867 1361 948; x_wconf 79' lang='lat' dir='ltr'><strong>proferri</strong></span> <span class='ocrx_word' id='word_1_44' title='bbox 1385 867 1520 949; x_wconf 73' lang='lat' dir='ltr'><strong>singulae</strong></span> 
     </span>
     <span class='ocr_line' id='line_1_7' title="bbox 200 967 1520 1053; baseline 0.001 -20"><span class='ocrx_word' id='word_1_45' title='bbox 200 994 212 1033; x_wconf 85' lang='lat' dir='ltr'><strong>s</strong></span> <span class='ocrx_word' id='word_1_46' title='bbox 225 976 361 1050; x_wconf 89' lang='lat' dir='ltr'><strong>possunt,</strong></span> <span class='ocrx_word' id='word_1_47' title='bbox 394 971 458 1030; x_wconf 91' lang='lat' dir='ltr'><strong>sine</strong></span> <span class='ocrx_word' id='word_1_48' title='bbox 486 967 577 1029; x_wconf 91' lang='lat' dir='ltr'><strong>vocali</strong></span> <span class='ocrx_word' id='word_1_49' title='bbox 610 976 707 1030; x_wconf 90' lang='lat' dir='ltr'><strong>tamen</strong></span> <span class='ocrx_word' id='word_1_50' title='bbox 741 987 796 1048; x_wconf 90' lang='lat' dir='ltr'><strong>per</strong></span> <span class='ocrx_word' id='word_1_51' title='bbox 823 988 856 1029; x_wconf 88' lang='lat' dir='ltr'><strong>se</strong></span> <span class='ocrx_word' id='word_1_52' title='bbox 885 967 1027 1048; x_wconf 79' lang='lat' dir='ltr'><strong>syllabam</strong></span> <span class='ocrx_word' id='word_1_53' title='bbox 1060 968 1158 1030; x_wconf 87' lang='lat' dir='ltr'><strong>iacere</strong></span> <span class='ocrx_word' id='word_1_54' title='bbox 1187 976 1349 1050; x_wconf 85' lang='lat' dir='ltr'><strong>nequount.</strong></span> <span class='ocrx_word' id='word_1_55' title='bbox 1393 970 1520 1053; x_wconf 80' lang='lat' dir='ltr'><strong>ideoque</strong></span> 
     </span>
     <span class='ocr_line' id='line_1_8' title="bbox 225 1069 1519 1153; baseline 0.002 -22"><span class='ocrx_word' id='word_1_56' title='bbox 225 1070 415 1132; x_wconf 87' lang='lat' dir='ltr'><strong>semivocales</strong></span> <span class='ocrx_word' id='word_1_57' title='bbox 435 1070 545 1132; x_wconf 90' lang='lat' dir='ltr'><strong>dictae:</strong></span> <span class='ocrx_word' id='word_1_58' title='bbox 575 1071 655 1150; x_wconf 90' lang='lat' dir='ltr'><strong>quod</strong></span> <span class='ocrx_word' id='word_1_59' title='bbox 676 1089 731 1150; x_wconf 91' lang='lat' dir='ltr'><strong>pcr</strong></span> <span class='ocrx_word' id='word_1_60' title='bbox 752 1090 783 1131; x_wconf 90' lang='lat' dir='ltr'><strong>se</strong></span> <span class='ocrx_word' id='word_1_61' title='bbox 805 1071 1011 1149; x_wconf 79' lang='lat' dir='ltr'><strong>proferantur,</strong></span> <span class='ocrx_word' id='word_1_62' title='bbox 1041 1069 1201 1132; x_wconf 79' lang='lat' dir='ltr'><strong>vocalitatis</strong></span> <span class='ocrx_word' id='word_1_63' title='bbox 1222 1088 1332 1133; x_wconf 88' lang='lat' dir='ltr'><strong>nomen</strong></span> <span class='ocrx_word' id='word_1_64' title='bbox 1354 1073 1519 1153; x_wconf 54' lang='lat' dir='ltr'><strong>ottingun&amp;</strong></span> 
     </span>
     <span class='ocr_line' id='line_1_9' title="bbox 225 1171 1519 1253; baseline 0.002 -19"><span class='ocrx_word' id='word_1_65' title='bbox 225 1173 303 1253; x_wconf 87' lang='lat' dir='ltr'><strong>quod</strong></span> <span class='ocrx_word' id='word_1_66' title='bbox 327 1191 381 1250; x_wconf 93' lang='lat' dir='ltr'><strong>per</strong></span> <span class='ocrx_word' id='word_1_67' title='bbox 403 1190 435 1233; x_wconf 94' lang='lat' dir='ltr'><strong>se</strong></span> <span class='ocrx_word' id='word_1_68' title='bbox 456 1171 596 1251; x_wconf 76' lang='lat' dir='ltr'><strong>syllabam</strong></span> <span class='ocrx_word' id='word_1_69' title='bbox 619 1190 679 1232; x_wconf 92' lang='lat' dir='ltr'><strong>non</strong></span> <span class='ocrx_word' id='word_1_70' title='bbox 703 1173 818 1241; x_wconf 87' lang='lat' dir='ltr'><strong>iaciant,</strong></span> <span class='ocrx_word' id='word_1_71' title='bbox 843 1173 933 1233; x_wconf 90' lang='lat' dir='ltr'><strong>mutis</strong></span> <span class='ocrx_word' id='word_1_72' title='bbox 955 1171 1066 1233; x_wconf 89' lang='lat' dir='ltr'><strong>similes</strong></span> <span class='ocrx_word' id='word_1_73' title='bbox 1086 1173 1284 1234; x_wconf 75' lang='lat' dir='ltr'><strong>Inveniuntur.</strong></span> <span class='ocrx_word' id='word_1_74' title='bbox 1329 1180 1401 1235; x_wconf 87' lang='lat' dir='ltr'><strong>sunt</strong></span> <span class='ocrx_word' id='word_1_75' title='bbox 1420 1181 1519 1236; x_wconf 83' lang='lat' dir='ltr'><strong>autem</strong></span> 
     </span>
     <span class='ocr_line' id='line_1_10' title="bbox 225 1272 1519 1352; baseline 0.002 -16"><span class='ocrx_word' id='word_1_76' title='bbox 225 1292 350 1336; x_wconf 89' lang='lat' dir='ltr'><strong>numero</strong></span> <span class='ocrx_word' id='word_1_77' title='bbox 375 1281 503 1352; x_wconf 87' lang='lat' dir='ltr'><strong>septem,</strong></span> <span class='ocrx_word' id='word_1_78' title='bbox 530 1273 544 1334; x_wconf 89' lang='grc'><strong>1</strong></span> <span class='ocrx_word' id='word_1_79' title='bbox 565 1273 574 1333; x_wconf 97' lang='lat' dir='ltr'><strong>l</strong></span> <span class='ocrx_word' id='word_1_80' title='bbox 596 1291 625 1334; x_wconf 92' lang='lat' dir='ltr'><strong>m</strong></span> <span class='ocrx_word' id='word_1_81' title='bbox 645 1291 700 1335; x_wconf 92' lang='lat' dir='ltr'><strong>nr</strong></span> <span class='ocrx_word' id='word_1_82' title='bbox 720 1294 735 1335; x_wconf 93' lang='lat' dir='ltr'><strong>s</strong></span> <span class='ocrx_word' id='word_1_83' title='bbox 756 1293 784 1335; x_wconf 82' lang='lat' dir='ltr'><strong>x.</strong></span> <span class='ocrx_word' id='word_1_84' title='bbox 829 1274 1008 1335; x_wconf 90' lang='lat' dir='ltr'><strong>elementum</strong></span> <span class='ocrx_word' id='word_1_85' title='bbox 1041 1280 1191 1336; x_wconf 88' lang='lat' dir='ltr'><strong>mutarum</strong></span> <span class='ocrx_word' id='word_1_86' title='bbox 1216 1272 1384 1337; x_wconf 82' lang='lat' dir='ltr'><strong>litterarum</strong></span> <span class='ocrx_word' id='word_1_87' title='bbox 1412 1286 1519 1339; x_wconf 70' lang='lat' dir='ltr'><strong>norun</strong></span> 
     </span>
     <span class='ocr_line' id='line_1_11' title="bbox 226 1373 1521 1454; baseline 0.002 -17"><span class='ocrx_word' id='word_1_88' title='bbox 226 1377 331 1437; x_wconf 86' lang='lat' dir='ltr'><strong>litteris</strong></span> <span class='ocrx_word' id='word_1_89' title='bbox 349 1382 471 1444; x_wconf 88' lang='lat' dir='ltr'><strong>constat,</strong></span> <span class='ocrx_word' id='word_1_90' title='bbox 495 1375 602 1454; x_wconf 90' lang='lat' dir='ltr'><strong>quibus</strong></span> <span class='ocrx_word' id='word_1_91' title='bbox 626 1384 781 1438; x_wconf 77' lang='lat' dir='ltr'><strong>ornatura</strong></span> <span class='ocrx_word' id='word_1_92' title='bbox 804 1395 890 1437; x_wconf 90' lang='lat' dir='ltr'><strong>suum</strong></span> <span class='ocrx_word' id='word_1_93' title='bbox 908 1373 1082 1437; x_wconf 88' lang='lat' dir='ltr'><strong>vocabulum</strong></span> <span class='ocrx_word' id='word_1_94' title='bbox 1104 1377 1201 1436; x_wconf 87' lang='lat' dir='ltr'><strong>cessit.</strong></span> <span class='ocrx_word' id='word_1_95' title='bbox 1232 1376 1300 1438; x_wconf 88' lang='lat' dir='ltr'><strong>ideo</strong></span> <span class='ocrx_word' id='word_1_96' title='bbox 1320 1377 1401 1438; x_wconf 89' lang='lat' dir='ltr'><strong>enim</strong></span> <span class='ocrx_word' id='word_1_97' title='bbox 1421 1384 1521 1440; x_wconf 80' lang='lat' dir='ltr'><strong>mulae</strong></span> 
     </span>
     <span class='ocr_line' id='line_1_12' title="bbox 191 1477 1521 1558; baseline 0.002 -18"><span class='ocrx_word' id='word_1_98' title='bbox 191 1479 379 1546; x_wconf 73' lang='lat' dir='ltr'><strong>edicuntur,</strong></span> <span class='ocrx_word' id='word_1_99' title='bbox 406 1479 544 1555; x_wconf 85' lang='lat' dir='ltr'><strong>qrroniam</strong></span> <span class='ocrx_word' id='word_1_100' title='bbox 567 1495 621 1558; x_wconf 89' lang='lat' dir='ltr'><strong>per</strong></span> <span class='ocrx_word' id='word_1_101' title='bbox 643 1477 759 1540; x_wconf 89' lang='lat' dir='ltr'><strong>vocales</strong></span> <span class='ocrx_word' id='word_1_102' title='bbox 785 1477 898 1538; x_wconf 84' lang='lat' dir='ltr'><strong>litteras</strong></span> <span class='ocrx_word' id='word_1_103' title='bbox 922 1479 1151 1556; x_wconf 83' lang='lat' dir='ltr'><strong>pronuntiantur</strong></span> <span class='ocrx_word' id='word_1_104' title='bbox 1176 1495 1272 1558; x_wconf 86' lang='lat' dir='ltr'><strong>neque</strong></span> <span class='ocrx_word' id='word_1_105' title='bbox 1297 1478 1385 1541; x_wconf 82' lang='lat' dir='ltr'><strong>etiarn</strong></span> <span class='ocrx_word' id='word_1_106' title='bbox 1414 1496 1470 1558; x_wconf 88' lang='lat' dir='ltr'><strong>per</strong></span> <span class='ocrx_word' id='word_1_107' title='bbox 1488 1497 1521 1542; x_wconf 85' lang='lat' dir='ltr'><strong>se</strong></span> 
     </span>
     <span class='ocr_line' id='line_1_13' title="bbox 225 1579 1520 1661; baseline 0.002 -21"><span class='ocrx_word' id='word_1_108' title='bbox 225 1579 366 1660; x_wconf 80' lang='lat' dir='ltr'><strong>syllabam</strong></span> <span class='ocrx_word' id='word_1_109' title='bbox 388 1579 485 1640; x_wconf 89' lang='lat' dir='ltr'><strong>iacere</strong></span> <span class='ocrx_word' id='word_1_110' title='bbox 507 1588 639 1657; x_wconf 90' lang='lat' dir='ltr'><strong>possunt.</strong></span> <span class='ocrx_word' id='word_1_111' title='bbox 684 1587 754 1641; x_wconf 90' lang='lat' dir='ltr'><strong>suut</strong></span> <span class='ocrx_word' id='word_1_112' title='bbox 772 1587 869 1643; x_wconf 89' lang='lat' dir='ltr'><strong>autem</strong></span> <span class='ocrx_word' id='word_1_113' title='bbox 892 1596 1016 1640; x_wconf 91' lang='lat' dir='ltr'><strong>numero</strong></span> <span class='ocrx_word' id='word_1_114' title='bbox 1038 1579 1190 1649; x_wconf 81' lang='lat' dir='ltr'><strong>novemb</strong></span> <span class='ocrx_word' id='word_1_115' title='bbox 1213 1598 1229 1640; x_wconf 91' lang='lat' dir='ltr'><strong>c</strong></span> <span class='ocrx_word' id='word_1_116' title='bbox 1250 1580 1269 1640; x_wconf 92' lang='lat' dir='ltr'><strong>d</strong></span> <span class='ocrx_word' id='word_1_117' title='bbox 1292 1598 1312 1661; x_wconf 75' lang='lat' dir='ltr'><strong>g</strong></span> <span class='ocrx_word' id='word_1_118' title='bbox 1332 1581 1353 1642; x_wconf 91' lang='lat' dir='ltr'><strong>b</strong></span> <span class='ocrx_word' id='word_1_119' title='bbox 1374 1579 1395 1641; x_wconf 81' lang='lat' dir='ltr'><strong>li</strong></span> <span class='ocrx_word' id='word_1_120' title='bbox 1413 1598 1434 1660; x_wconf 88' lang='lat' dir='ltr'><strong>p</strong></span> <span class='ocrx_word' id='word_1_121' title='bbox 1456 1588 1520 1660; x_wconf 77' lang='lat' dir='ltr'><strong>qt</strong></span> 
     </span>
     <span class='ocr_line' id='line_1_14' title="bbox 225 1681 1521 1763; baseline 0.002 -21"><span class='ocrx_word' id='word_1_122' title='bbox 225 1683 331 1743; x_wconf 89' lang='lat' dir='ltr'><strong>barum</strong></span> <span class='ocrx_word' id='word_1_123' title='bbox 355 1682 486 1742; x_wconf 90' lang='lat' dir='ltr'><strong>omnium</strong></span> <span class='ocrx_word' id='word_1_124' title='bbox 511 1681 617 1742; x_wconf 89' lang='lat' dir='ltr'><strong>diversi</strong></span> <span class='ocrx_word' id='word_1_125' title='bbox 645 1681 780 1743; x_wconf 89' lang='lat' dir='ltr'><strong>elementi</strong></span> <span class='ocrx_word' id='word_1_126' title='bbox 808 1682 972 1743; x_wconf 90' lang='lat' dir='ltr'><strong>litterarum</strong></span> <span class='ocrx_word' id='word_1_127' title='bbox 995 1681 1052 1742; x_wconf 90' lang='lat' dir='ltr'><strong>vim</strong></span> <span class='ocrx_word' id='word_1_128' title='bbox 1082 1689 1276 1762; x_wconf 87' lang='lat' dir='ltr'><strong>naturamque</strong></span> <span class='ocrx_word' id='word_1_129' title='bbox 1300 1698 1356 1763; x_wconf 89' lang='lat' dir='ltr'><strong>per</strong></span> <span class='ocrx_word' id='word_1_130' title='bbox 1383 1682 1521 1744; x_wconf 84' lang='lat' dir='ltr'><strong>ordinem</strong></span> 
     </span>
     <span class='ocr_line' id='line_1_15' title="bbox 225 1780 435 1866; baseline -0.014 -19"><span class='ocrx_word' id='word_1_131' title='bbox 225 1783 407 1847; x_wconf 89' lang='lat' dir='ltr'><strong>memorabo.</strong></span> <span class='ocrx_word' id='word_1_132' title='bbox 421 1780 435 1866; x_wconf 80' lang='grc' dir='ltr'><strong>ΙΙ</strong></span> 
     </span>
     <span class='ocr_line' id='line_1_16' title="bbox 312 1884 1521 1965; baseline 0.002 -19"><span class='ocrx_word' id='word_1_133' title='bbox 312 1886 354 1947; x_wconf 85' lang='lat' dir='ltr'><strong>De</strong></span> <span class='ocrx_word' id='word_1_134' title='bbox 374 1884 524 1947; x_wconf 87' lang='lat' dir='ltr'><strong>vocabbus</strong></span> <span class='ocrx_word' id='word_1_135' title='bbox 545 1885 658 1947; x_wconf 89' lang='lat' dir='ltr'><strong>litteris.</strong></span> <span class='ocrx_word' id='word_1_136' title='bbox 703 1884 819 1947; x_wconf 89' lang='lat' dir='ltr'><strong>vocales</strong></span> <span class='ocrx_word' id='word_1_137' title='bbox 838 1885 953 1946; x_wconf 88' lang='lat' dir='ltr'><strong>litterae</strong></span> <span class='ocrx_word' id='word_1_138' title='bbox 980 1886 1111 1965; x_wconf 86' lang='lat' dir='ltr'><strong>quinque</strong></span> <span class='ocrx_word' id='word_1_139' title='bbox 1133 1895 1212 1946; x_wconf 86' lang='lat' dir='ltr'><strong>sunt.</strong></span> <span class='ocrx_word' id='word_1_140' title='bbox 1255 1903 1292 1947; x_wconf 85' lang='lat' dir='ltr'><strong>ex</strong></span> <span class='ocrx_word' id='word_1_141' title='bbox 1312 1885 1359 1946; x_wconf 86' lang='lat' dir='ltr'><strong>bie</strong></span> <span class='ocrx_word' id='word_1_142' title='bbox 1380 1885 1521 1949; x_wconf 90' lang='lat' dir='ltr'><strong>omnibns</strong></span> 
     </span>
     <span class='ocr_line' id='line_1_17' title="bbox 189 1986 1520 2068; baseline -0.002 -16"><span class='ocrx_word' id='word_1_143' title='bbox 189 2009 244 2052; x_wconf 80' lang='lat' dir='ltr'><strong>eso</strong></span> <span class='ocrx_word' id='word_1_144' title='bbox 270 1986 365 2049; x_wconf 86' lang='lat' dir='ltr'><strong>littera</strong></span> <span class='ocrx_word' id='word_1_145' title='bbox 397 1986 554 2068; x_wconf 88' lang='lat' dir='ltr'><strong>specialem</strong></span> <span class='ocrx_word' id='word_1_146' title='bbox 587 1989 719 2049; x_wconf 89' lang='lat' dir='ltr'><strong>continet</strong></span> <span class='ocrx_word' id='word_1_147' title='bbox 746 1989 889 2050; x_wconf 90' lang='lat' dir='ltr'><strong>rationem</strong></span> <span class='ocrx_word' id='word_1_148' title='bbox 918 1995 947 2048; x_wconf 90' lang='lat' dir='ltr'><strong>et</strong></span> <span class='ocrx_word' id='word_1_149' title='bbox 974 2009 998 2047; x_wconf 86' lang='grc' dir='ltr'><strong><em>ω</em></strong></span> <span class='ocrx_word' id='word_1_150' title='bbox 1018 1986 1162 2048; x_wconf 88' lang='lat' dir='ltr'><strong>Graecam</strong></span> <span class='ocrx_word' id='word_1_151' title='bbox 1189 2005 1307 2066; x_wconf 89' lang='lat' dir='ltr'><strong>semper</strong></span> <span class='ocrx_word' id='word_1_152' title='bbox 1331 1987 1520 2066; x_wconf 83' lang='lat' dir='ltr'><strong>productam,</strong></span> 
     </span>
     <span class='ocr_line' id='line_1_18' title="bbox 227 2088 1521 2170; baseline 0.002 -20"><span class='ocrx_word' id='word_1_153' title='bbox 227 2107 285 2151; x_wconf 91' lang='lat' dir='ltr'><strong>nou</strong></span> <span class='ocrx_word' id='word_1_154' title='bbox 307 2097 405 2151; x_wconf 91' lang='lat' dir='ltr'><strong>tamen</strong></span> <span class='ocrx_word' id='word_1_155' title='bbox 425 2089 542 2169; x_wconf 88' lang='lat' dir='ltr'><strong>plenius</strong></span> <span class='ocrx_word' id='word_1_156' title='bbox 563 2091 703 2151; x_wconf 88' lang='lat' dir='ltr'><strong>imitatur.</strong></span> <span class='ocrx_word' id='word_1_157' title='bbox 748 2108 816 2150; x_wconf 90' lang='lat' dir='ltr'><strong>nam</strong></span> <span class='ocrx_word' id='word_1_158' title='bbox 839 2091 894 2151; x_wconf 89' lang='lat' dir='ltr'><strong>etsi</strong></span> <span class='ocrx_word' id='word_1_159' title='bbox 915 2088 1089 2151; x_wconf 86' lang='lat' dir='ltr'><strong>naturaliter</strong></span> <span class='ocrx_word' id='word_1_160' title='bbox 1107 2088 1207 2152; x_wconf 88' lang='lat' dir='ltr'><strong>brevis</strong></span> <span class='ocrx_word' id='word_1_161' title='bbox 1227 2089 1331 2160; x_wconf 84' lang='lat' dir='ltr'><strong>luerit,</strong></span> <span class='ocrx_word' id='word_1_162' title='bbox 1354 2108 1411 2170; x_wconf 89' lang='lat' dir='ltr'><strong>pro</strong></span> <span class='ocrx_word' id='word_1_163' title='bbox 1432 2089 1521 2170; x_wconf 68' lang='lat' dir='ltr'><strong>longa</strong></span> 
     </span>
     <span class='ocr_line' id='line_1_19' title="bbox 226 2190 1521 2273; baseline 0.002 -22"><span class='ocrx_word' id='word_1_164' title='bbox 226 2193 297 2270; x_wconf 90' lang='lat' dir='ltr'><strong>poni</strong></span> <span class='ocrx_word' id='word_1_165' title='bbox 316 2197 427 2272; x_wconf 88' lang='lat' dir='ltr'><strong>potest:</strong></span> <span class='ocrx_word' id='word_1_166' title='bbox 451 2193 482 2251; x_wconf 90' lang='lat' dir='ltr'><strong>iu</strong></span> <span class='ocrx_word' id='word_1_167' title='bbox 498 2190 600 2252; x_wconf 93' lang='lat' dir='ltr'><strong>ultima</strong></span> <span class='ocrx_word' id='word_1_168' title='bbox 621 2192 772 2253; x_wconf 81' lang='lat' dir='ltr'><strong>dumtaxat</strong></span> <span class='ocrx_word' id='word_1_169' title='bbox 788 2191 898 2273; x_wconf 80' lang='lat' dir='ltr'><strong>syllaba</strong></span> <span class='ocrx_word' id='word_1_170' title='bbox 920 2208 1008 2267; x_wconf 87' lang='lat' dir='ltr'><strong>saepe</strong></span> <span class='ocrx_word' id='word_1_171' title='bbox 1029 2191 1172 2271; x_wconf 69' lang='lat' dir='ltr'><strong>confingit</strong></span> <span class='ocrx_word' id='word_1_172' title='bbox 1193 2190 1431 2272; x_wconf 84' lang='lat' dir='ltr'><strong>quibuscumque</strong></span> <span class='ocrx_word' id='word_1_173' title='bbox 1451 2210 1521 2272; x_wconf 84' lang='lat' dir='ltr'><strong>par·</strong></span> 
     </span>
     <span class='ocr_line' id='line_1_20' title="bbox 226 2293 1522 2357; baseline 0.002 -3"><span class='ocrx_word' id='word_1_174' title='bbox 226 2293 305 2354; x_wconf 92' lang='lat' dir='ltr'><strong>tibus</strong></span> <span class='ocrx_word' id='word_1_175' title='bbox 326 2295 476 2355; x_wconf 88' lang='lat' dir='ltr'><strong>orationis.</strong></span> <span class='ocrx_word' id='word_1_176' title='bbox 505 2295 535 2353; x_wconf 91' lang='lat' dir='ltr'><strong>in</strong></span> <span class='ocrx_word' id='word_1_177' title='bbox 551 2294 721 2355; x_wconf 87' lang='lat' dir='ltr'><strong>nominibus</strong></span> <span class='ocrx_word' id='word_1_178' title='bbox 744 2293 912 2356; x_wconf 86' lang='lat' dir='ltr'><strong>masculinis</strong></span> <span class='ocrx_word' id='word_1_179' title='bbox 930 2301 959 2355; x_wconf 89' lang='lat' dir='ltr'><strong>et</strong></span> <span class='ocrx_word' id='word_1_180' title='bbox 980 2293 1129 2355; x_wconf 78' lang='lat' dir='ltr'><strong>femininis</strong></span> <span class='ocrx_word' id='word_1_181' title='bbox 1147 2311 1216 2356; x_wconf 88' lang='lat' dir='ltr'><strong>casu</strong></span> <span class='ocrx_word' id='word_1_182' title='bbox 1239 2294 1421 2357; x_wconf 87' lang='lat' dir='ltr'><strong>nominativo</strong></span> <span class='ocrx_word' id='word_1_183' title='bbox 1438 2304 1522 2357; x_wconf 82' lang='lat' dir='ltr'><strong>reete</strong></span> 
     </span>
     <span class='ocr_line' id='line_1_21' title="bbox 227 2394 1523 2476; baseline 0.004 -21"><span class='ocrx_word' id='word_1_184' title='bbox 227 2416 244 2455; x_wconf 88' lang='grc' dir='ltr'><strong>ο</strong></span> <span class='ocrx_word' id='word_1_185' title='bbox 267 2394 364 2457; x_wconf 91' lang='lat' dir='ltr'><strong>littera</strong></span> <span class='ocrx_word' id='word_1_186' title='bbox 387 2395 569 2474; x_wconf 90' lang='lat' dir='ltr'><strong>producitur,</strong></span> <span class='ocrx_word' id='word_1_187' title='bbox 590 2397 658 2474; x_wconf 90' lang='lat' dir='ltr'><strong>quia</strong></span> <span class='ocrx_word' id='word_1_188' title='bbox 679 2403 708 2457; x_wconf 91' lang='lat' dir='ltr'><strong>et</strong></span> <span class='ocrx_word' id='word_1_189' title='bbox 729 2398 760 2456; x_wconf 93' lang='lat' dir='ltr'><strong>iu</strong></span> <span class='ocrx_word' id='word_1_190' title='bbox 782 2398 917 2473; x_wconf 82' lang='lat' dir='ltr'><strong>genetivo</strong></span> <span class='ocrx_word' id='word_1_191' title='bbox 939 2394 1081 2475; x_wconf 80' lang='lat' dir='ltr'><strong>singulari</strong></span> <span class='ocrx_word' id='word_1_192' title='bbox 1102 2395 1249 2476; x_wconf 88' lang='lat' dir='ltr'><strong>producta</strong></span> <span class='ocrx_word' id='word_1_193' title='bbox 1267 2403 1320 2468; x_wconf 87' lang='lat' dir='ltr'><strong>est,</strong></span> <span class='ocrx_word' id='word_1_194' title='bbox 1343 2403 1378 2458; x_wconf 87' lang='lat' dir='ltr'><strong>nt</strong></span> <span class='ocrx_word' id='word_1_195' title='bbox 1396 2396 1470 2460; x_wconf 83' lang='lat' dir='ltr'><strong>Cato</strong></span> <span class='ocrx_word' id='word_1_196' title='bbox 1493 2405 1523 2460; x_wconf 85' lang='lat' dir='ltr'><strong>et</strong></span> 
     </span>
     <span class='ocr_line' id='line_1_22' title="bbox 187 2500 367 2568; baseline -0.011 -8"><span class='ocrx_word' id='word_1_197' title='bbox 187 2518 214 2560; x_wconf 79' lang='lat' dir='ltr'><strong>ae</strong></span> <span class='ocrx_word' id='word_1_198' title='bbox 227 2500 311 2568; x_wconf 90' lang='lat' dir='ltr'><strong>ratio,</strong></span> <span class='ocrx_word' id='word_1_199' title='bbox 335 2506 367 2559; x_wconf 90' lang='lat' dir='ltr'><strong>ut</strong></span> 
     </span>
     <span class='ocr_line' id='line_1_23' title="bbox 379 2601 999 2680; baseline -0.003 -18"><span class='ocrx_word' id='word_1_200' title='bbox 379 2601 461 2680; x_wconf 85' lang='lat' dir='ltr'><strong>quis</strong></span> <span class='ocrx_word' id='word_1_201' title='bbox 482 2606 532 2670; x_wconf 88' lang='lat' dir='ltr'><strong>te,</strong></span> <span class='ocrx_word' id='word_1_202' title='bbox 554 2618 685 2679; x_wconf 79' lang='lat' dir='ltr'><strong>magne</strong></span> <span class='ocrx_word' id='word_1_203' title='bbox 704 2601 808 2671; x_wconf 81' lang='lat' dir='ltr'><strong>Cato,</strong></span> <span class='ocrx_word' id='word_1_204' title='bbox 830 2603 999 2671; x_wconf 88' lang='lat' dir='ltr'><strong>tacitum,</strong></span> 
     </span>
     <span class='ocr_line' id='line_1_24' title="bbox 228 2709 261 2764; baseline -0.061 0"><span class='ocrx_word' id='word_1_205' title='bbox 228 2709 261 2764; x_wconf 89' lang='lat' dir='ltr'><strong>ut</strong></span> 
     </span>
     <span class='ocr_line' id='line_1_25' title="bbox 379 2804 1351 2887; baseline 0.003 -23"><span class='ocrx_word' id='word_1_206' title='bbox 379 2805 518 2865; x_wconf 88' lang='lat' dir='ltr'><strong>arduus</strong></span> <span class='ocrx_word' id='word_1_207' title='bbox 541 2823 638 2866; x_wconf 89' lang='lat' dir='ltr'><strong>arma</strong></span> <span class='ocrx_word' id='word_1_208' title='bbox 661 2811 792 2866; x_wconf 90' lang='lat' dir='ltr'><strong>tenens</strong></span> <span class='ocrx_word' id='word_1_209' title='bbox 813 2823 885 2866; x_wconf 91' lang='lat' dir='ltr'><strong>non</strong></span> <span class='ocrx_word' id='word_1_210' title='bbox 906 2813 940 2866; x_wconf 91' lang='lat' dir='ltr'><strong>te</strong></span> <span class='ocrx_word' id='word_1_211' title='bbox 962 2807 1122 2867; x_wconf 91' lang='lat' dir='ltr'><strong>rationis</strong></span> <span class='ocrx_word' id='word_1_212' title='bbox 1144 2804 1351 2887; x_wconf 70' lang='lat' dir='ltr'><strong>egentem!</strong></span> 
     </span>
     <span class='ocr_line' id='line_1_26' title="bbox 227 2905 1319 2986; baseline 0.002 -19"><span class='ocrx_word' id='word_1_213' title='bbox 227 2906 363 2968; x_wconf 88' lang='lat' dir='ltr'><strong>Lucanus</strong></span> <span class='ocrx_word' id='word_1_214' title='bbox 383 2924 452 2967; x_wconf 84' lang='lat' dir='ltr'><strong>vero</strong></span> <span class='ocrx_word' id='word_1_215' title='bbox 474 2906 595 2967; x_wconf 90' lang='lat' dir='ltr'><strong>brevem</strong></span> <span class='ocrx_word' id='word_1_216' title='bbox 619 2908 717 2984; x_wconf 89' lang='lat' dir='ltr'><strong>posuit</strong></span> <span class='ocrx_word' id='word_1_217' title='bbox 740 2926 758 2967; x_wconf 93' lang='lat' dir='ltr'><strong>o</strong></span> <span class='ocrx_word' id='word_1_218' title='bbox 780 2905 921 2986; x_wconf 89' lang='lat' dir='ltr'><strong>syllabam</strong></span> <span class='ocrx_word' id='word_1_219' title='bbox 943 2910 1105 2986; x_wconf 91' lang='lat' dir='ltr'><strong>superioris</strong></span> <span class='ocrx_word' id='word_1_220' title='bbox 1126 2909 1262 2977; x_wconf 86' lang='lat' dir='ltr'><strong>nominis,</strong></span> <span class='ocrx_word' id='word_1_221' title='bbox 1284 2914 1319 2970; x_wconf 89' lang='lat' dir='ltr'><strong>ut</strong></span> 
     </span>
     <span class='ocr_line' id='line_1_27' title="bbox 188 3009 1237 3090; baseline 0.001 -22"><span class='ocrx_word' id='word_1_222' title='bbox 188 3028 214 3068; x_wconf 80' lang='lat' dir='ltr'><strong>as</strong></span> <span class='ocrx_word' id='word_1_223' title='bbox 380 3027 517 3069; x_wconf 89' lang='lat' dir='ltr'><strong>arcano</strong></span> <span class='ocrx_word' id='word_1_224' title='bbox 539 3027 666 3070; x_wconf 87' lang='lat' dir='ltr'><strong>sacras</strong></span> <span class='ocrx_word' id='word_1_225' title='bbox 689 3009 815 3069; x_wconf 90' lang='lat' dir='ltr'><strong>reddit</strong></span> <span class='ocrx_word' id='word_1_226' title='bbox 837 3010 923 3071; x_wconf 82' lang='lat' dir='ltr'><strong>Cato</strong></span> <span class='ocrx_word' id='word_1_227' title='bbox 945 3017 1099 3090; x_wconf 87' lang='lat' dir='ltr'><strong>pectore</strong></span> <span class='ocrx_word' id='word_1_228' title='bbox 1120 3029 1237 3071; x_wconf 90' lang='lat' dir='ltr'><strong>voces.</strong></span> 
     </span>
     <span class='ocr_line' id='line_1_28' title="bbox 225 3109 1522 3193; baseline 0.002 -21"><span class='ocrx_word' id='word_1_229' title='bbox 225 3112 274 3172; x_wconf 88' lang='lat' dir='ltr'><strong>hie</strong></span> <span class='ocrx_word' id='word_1_230' title='bbox 290 3130 365 3180; x_wconf 89' lang='lat' dir='ltr'><strong>eam,</strong></span> <span class='ocrx_word' id='word_1_231' title='bbox 386 3112 524 3190; x_wconf 89' lang='lat' dir='ltr'><strong>quoniam</strong></span> <span class='ocrx_word' id='word_1_232' title='bbox 541 3109 641 3171; x_wconf 92' lang='lat' dir='ltr'><strong>ultima</strong></span> <span class='ocrx_word' id='word_1_233' title='bbox 658 3110 768 3189; x_wconf 87' lang='lat' dir='ltr'><strong>syllaba</strong></span> <span class='ocrx_word' id='word_1_234' title='bbox 788 3113 872 3191; x_wconf 88' lang='lat' dir='ltr'><strong>pedis</strong></span> <span class='ocrx_word' id='word_1_235' title='bbox 888 3120 941 3181; x_wconf 90' lang='lat' dir='ltr'><strong>est,</strong></span> <span class='ocrx_word' id='word_1_236' title='bbox 961 3113 1073 3174; x_wconf 88' lang='lat' dir='ltr'><strong>videtur</strong></span> <span class='ocrx_word' id='word_1_237' title='bbox 1090 3114 1283 3191; x_wconf 78' lang='lat' dir='ltr'><strong>corripuisse:</strong></span> <span class='ocrx_word' id='word_1_238' title='bbox 1303 3110 1363 3182; x_wconf 91' lang='lat' dir='ltr'><strong>ille,</strong></span> <span class='ocrx_word' id='word_1_239' title='bbox 1381 3114 1522 3193; x_wconf 88' lang='lat' dir='ltr'><strong>quoniam</strong></span> 
     </span>
     <span class='ocr_line' id='line_1_29' title="bbox 227 3212 1521 3294; baseline 0.002 -22"><span class='ocrx_word' id='word_1_240' title='bbox 227 3231 286 3273; x_wconf 89' lang='lat' dir='ltr'><strong>non</strong></span> <span class='ocrx_word' id='word_1_241' title='bbox 309 3212 403 3274; x_wconf 91' lang='lat' dir='ltr'><strong>solum</strong></span> <span class='ocrx_word' id='word_1_242' title='bbox 426 3213 495 3291; x_wconf 90' lang='lat' dir='ltr'><strong>pedi</strong></span> <span class='ocrx_word' id='word_1_243' title='bbox 518 3212 603 3272; x_wconf 90' lang='lat' dir='ltr'><strong>iaciat</strong></span> <span class='ocrx_word' id='word_1_244' title='bbox 620 3220 716 3291; x_wconf 91' lang='lat' dir='ltr'><strong>caput,</strong></span> <span class='ocrx_word' id='word_1_245' title='bbox 740 3214 895 3275; x_wconf 88' lang='lat' dir='ltr'><strong>sedetiam</strong></span> <span class='ocrx_word' id='word_1_246' title='bbox 918 3216 997 3294; x_wconf 90' lang='lat' dir='ltr'><strong>quod</strong></span> <span class='ocrx_word' id='word_1_247' title='bbox 1020 3216 1173 3277; x_wconf 80' lang='lat' dir='ltr'><strong>manifeste</strong></span> <span class='ocrx_word' id='word_1_248' title='bbox 1195 3214 1283 3294; x_wconf 81' lang='lat' dir='ltr'><strong>longa</strong></span> <span class='ocrx_word' id='word_1_249' title='bbox 1299 3215 1346 3285; x_wconf 89' lang='lat' dir='ltr'><strong>sit,</strong></span> <span class='ocrx_word' id='word_1_250' title='bbox 1370 3215 1521 3293; x_wconf 79' lang='lat' dir='ltr'><strong>produxit</strong></span> 
     </span>
     <span class='ocr_line' id='line_1_30' title="bbox 226 3314 1523 3398; baseline 0.002 -22"><span class='ocrx_word' id='word_1_251' title='bbox 226 3324 256 3376; x_wconf 89' lang='lat' dir='ltr'><strong>at</strong></span> <span class='ocrx_word' id='word_1_252' title='bbox 277 3317 307 3377; x_wconf 89' lang='lat' dir='ltr'><strong>in</strong></span> <span class='ocrx_word' id='word_1_253' title='bbox 330 3314 388 3375; x_wconf 91' lang='lat' dir='ltr'><strong>boe</strong></span> <span class='ocrx_word' id='word_1_254' title='bbox 408 3317 536 3383; x_wconf 89' lang='lat' dir='ltr'><strong>nomine,</strong></span> <span class='ocrx_word' id='word_1_255' title='bbox 559 3316 643 3391; x_wconf 83' lang='lat' dir='ltr'><strong>virgo</strong></span> <span class='ocrx_word' id='word_1_256' title='bbox 666 3316 794 3394; x_wconf 82' lang='lat' dir='ltr'><strong>virginis,</strong></span> <span class='ocrx_word' id='word_1_257' title='bbox 818 3316 869 3376; x_wconf 93' lang='lat' dir='ltr'><strong>ubi</strong></span> <span class='ocrx_word' id='word_1_258' title='bbox 890 3319 1043 3378; x_wconf 88' lang='lat' dir='ltr'><strong>maniieste</strong></span> <span class='ocrx_word' id='word_1_259' title='bbox 1065 3316 1163 3378; x_wconf 89' lang='lat' dir='ltr'><strong>brevis</strong></span> <span class='ocrx_word' id='word_1_260' title='bbox 1186 3323 1247 3386; x_wconf 87' lang='lat' dir='ltr'><strong>est,</strong></span> <span class='ocrx_word' id='word_1_261' title='bbox 1270 3318 1410 3398; x_wconf 88' lang='lat' dir='ltr'><strong>quoniam</strong></span> <span class='ocrx_word' id='word_1_262' title='bbox 1432 3334 1523 3396; x_wconf 78' lang='lat' dir='ltr'><strong>gene·</strong></span> 
     </span>
     <span class='ocr_line' id='line_1_31' title="bbox 225 3416 1522 3497; baseline 0.002 -19"><span class='ocrx_word' id='word_1_263' title='bbox 225 3418 283 3479; x_wconf 88' lang='lat' dir='ltr'><strong>tivo</strong></span> <span class='ocrx_word' id='word_1_264' title='bbox 305 3418 411 3485; x_wconf 84' lang='lat' dir='ltr'><strong>delicit,</strong></span> <span class='ocrx_word' id='word_1_265' title='bbox 434 3435 521 3497; x_wconf 90' lang='lat' dir='ltr'><strong>quem</strong></span> <span class='ocrx_word' id='word_1_266' title='bbox 545 3416 581 3477; x_wconf 95' lang='lat' dir='ltr'><strong>ad</strong></span> <span class='ocrx_word' id='word_1_267' title='bbox 605 3417 724 3477; x_wconf 88' lang='lat' dir='ltr'><strong>mudum</strong></span> <span class='ocrx_word' id='word_1_268' title='bbox 749 3435 813 3477; x_wconf 92' lang='lat' dir='ltr'><strong>eam</strong></span> <span class='ocrx_word' id='word_1_269' title='bbox 835 3416 953 3496; x_wconf 84' lang='lat' dir='ltr'><strong>longam</strong></span> <span class='ocrx_word' id='word_1_270' title='bbox 976 3427 1102 3497; x_wconf 88' lang='lat' dir='ltr'><strong>poneret</strong></span> <span class='ocrx_word' id='word_1_271' title='bbox 1123 3418 1269 3496; x_wconf 76' lang='lat' dir='ltr'><strong>Vergilius</strong></span> <span class='ocrx_word' id='word_1_272' title='bbox 1288 3419 1320 3480; x_wconf 90' lang='lat' dir='ltr'><strong>in</strong></span> <span class='ocrx_word' id='word_1_273' title='bbox 1342 3419 1401 3480; x_wconf 87' lang='lat' dir='ltr'><strong>boc</strong></span> <span class='ocrx_word' id='word_1_274' title='bbox 1424 3437 1522 3489; x_wconf 83' lang='lat' dir='ltr'><strong>versu,</strong></span> 
     </span>
     <span class='ocr_line' id='line_1_32' title="bbox 187 3518 1459 3599; baseline 0.006 -24"><span class='ocrx_word' id='word_1_275' title='bbox 187 3536 214 3576; x_wconf 83' lang='lat' dir='ltr'><strong>oo</strong></span> <span class='ocrx_word' id='word_1_276' title='bbox 378 3518 476 3579; x_wconf 90' lang='lat' dir='ltr'><strong>huuc</strong></span> <span class='ocrx_word' id='word_1_277' title='bbox 498 3518 587 3579; x_wconf 89' lang='lat' dir='ltr'><strong>mihi</strong></span> <span class='ocrx_word' id='word_1_278' title='bbox 608 3518 650 3580; x_wconf 92' lang='lat' dir='ltr'><strong>da</strong></span> <span class='ocrx_word' id='word_1_279' title='bbox 670 3521 875 3598; x_wconf 91' lang='lat' dir='ltr'><strong>proprium,</strong></span> <span class='ocrx_word' id='word_1_280' title='bbox 897 3523 1001 3599; x_wconf 85' lang='lat' dir='ltr'><strong>virgo</strong></span> <span class='ocrx_word' id='word_1_281' title='bbox 1021 3527 1103 3583; x_wconf 89' lang='lat' dir='ltr'><strong>sata</strong></span> <span class='ocrx_word' id='word_1_282' title='bbox 1126 3528 1250 3591; x_wconf 88' lang='lat' dir='ltr'><strong>nocte,</strong></span> <span class='ocrx_word' id='word_1_283' title='bbox 1273 3519 1459 3592; x_wconf 85' lang='lat' dir='ltr'><strong>laborem,</strong></span> 
     </span>
     <span class='ocr_line' id='line_1_33' title="bbox 226 3619 1523 3701; baseline 0.002 -19"><span class='ocrx_word' id='word_1_284' title='bbox 226 3624 282 3685; x_wconf 89' lang='lat' dir='ltr'><strong>uisi</strong></span> <span class='ocrx_word' id='word_1_285' title='bbox 311 3641 374 3682; x_wconf 91' lang='lat' dir='ltr'><strong>eam</strong></span> <span class='ocrx_word' id='word_1_286' title='bbox 402 3619 569 3701; x_wconf 82' lang='lat' dir='ltr'><strong>prolonga</strong></span> <span class='ocrx_word' id='word_1_287' title='bbox 597 3622 665 3699; x_wconf 92' lang='lat' dir='ltr'><strong>poni</strong></span> <span class='ocrx_word' id='word_1_288' title='bbox 695 3639 781 3700; x_wconf 87' lang='lat' dir='ltr'><strong>posse</strong></span> <span class='ocrx_word' id='word_1_289' title='bbox 816 3621 979 3683; x_wconf 87' lang='lat' dir='ltr'><strong>secundum</strong></span> <span class='ocrx_word' id='word_1_290' title='bbox 1012 3625 1080 3696; x_wconf 86' lang='lat' dir='ltr'><strong>eius</strong></span> <span class='ocrx_word' id='word_1_291' title='bbox 1107 3621 1222 3684; x_wconf 85' lang='lat' dir='ltr'><strong>litterae</strong></span> <span class='ocrx_word' id='word_1_292' title='bbox 1249 3629 1387 3685; x_wconf 89' lang='lat' dir='ltr'><strong>naturam</strong></span> <span class='ocrx_word' id='word_1_293' title='bbox 1414 3625 1523 3686; x_wconf 72' lang='lat' dir='ltr'><strong>sciret?</strong></span> 
     </span>
     <span class='ocr_line' id='line_1_34' title="bbox 227 3723 1524 3806; baseline 0.004 -23"><span class='ocrx_word' id='word_1_294' title='bbox 227 3742 286 3783; x_wconf 91' lang='lat' dir='ltr'><strong>uon</strong></span> <span class='ocrx_word' id='word_1_295' title='bbox 306 3723 386 3803; x_wconf 90' lang='lat' dir='ltr'><strong>quod</strong></span> <span class='ocrx_word' id='word_1_296' title='bbox 408 3723 521 3783; x_wconf 88' lang='lat' dir='ltr'><strong>initium</strong></span> <span class='ocrx_word' id='word_1_297' title='bbox 542 3723 611 3801; x_wconf 88' lang='lat' dir='ltr'><strong>pedi</strong></span> <span class='ocrx_word' id='word_1_298' title='bbox 631 3723 725 3792; x_wconf 87' lang='lat' dir='ltr'><strong>iaciat,</strong></span> <span class='ocrx_word' id='word_1_299' title='bbox 748 3731 780 3783; x_wconf 92' lang='lat' dir='ltr'><strong>ut</strong></span> <span class='ocrx_word' id='word_1_300' title='bbox 800 3724 975 3804; x_wconf 84' lang='lat' dir='ltr'><strong>quibusdam</strong></span> <span class='ocrx_word' id='word_1_301' title='bbox 997 3723 1102 3802; x_wconf 89' lang='lat' dir='ltr'><strong>placet.</strong></span> <span class='ocrx_word' id='word_1_302' title='bbox 1136 3727 1166 3785; x_wconf 92' lang='lat' dir='ltr'><strong>in</strong></span> <span class='ocrx_word' id='word_1_303' title='bbox 1186 3725 1284 3786; x_wconf 90' lang='lat' dir='ltr'><strong>verbis</strong></span> <span class='ocrx_word' id='word_1_304' title='bbox 1299 3743 1431 3806; x_wconf 85' lang='lat' dir='ltr'><strong>quoque,</strong></span> <span class='ocrx_word' id='word_1_305' title='bbox 1454 3725 1524 3788; x_wconf 89' lang='lat' dir='ltr'><strong>licet</strong></span> 
     </span>
     <span class='ocr_line' id='line_1_35' title="bbox 227 3823 1522 3910; baseline 0.004 -26"><span class='ocrx_word' id='word_1_306' title='bbox 227 3824 326 3886; x_wconf 90' lang='lat' dir='ltr'><strong>brevis</strong></span> <span class='ocrx_word' id='word_1_307' title='bbox 347 3826 392 3894; x_wconf 89' lang='lat' dir='ltr'><strong>sit,</strong></span> <span class='ocrx_word' id='word_1_308' title='bbox 415 3843 470 3903; x_wconf 89' lang='lat' dir='ltr'><strong>pro</strong></span> <span class='ocrx_word' id='word_1_309' title='bbox 495 3823 581 3902; x_wconf 84' lang='lat' dir='ltr'><strong>longa</strong></span> <span class='ocrx_word' id='word_1_310' title='bbox 604 3827 739 3902; x_wconf 89' lang='lat' dir='ltr'><strong>ponitur,</strong></span> <span class='ocrx_word' id='word_1_311' title='bbox 761 3834 793 3886; x_wconf 89' lang='lat' dir='ltr'><strong>ut</strong></span> <span class='ocrx_word' id='word_1_312' title='bbox 814 3827 874 3887; x_wconf 74' lang='lat' dir='ltr'><strong>‘eu</strong></span> <span class='ocrx_word' id='word_1_313' title='bbox 899 3826 984 3904; x_wconf 84' lang='lat' dir='ltr'><strong>quid</strong></span> <span class='ocrx_word' id='word_1_314' title='bbox 1014 3828 1110 3905; x_wconf 85' lang='lat' dir='ltr'><strong>ago&#39;,</strong></span> <span class='ocrx_word' id='word_1_315' title='bbox 1150 3826 1288 3888; x_wconf 72' lang='lat' dir='ltr'><strong>‘lustra</strong></span> <span class='ocrx_word' id='word_1_316' title='bbox 1316 3826 1522 3910; x_wconf 83' lang='lat' dir='ltr'><strong>domosque</strong></span> 
     </span>
     <span class='ocr_line' id='line_1_36' title="bbox 146 3926 1522 4009; baseline 0.005 -23"><span class='ocrx_word' id='word_1_317' title='bbox 146 3953 154 3966; x_wconf 92' lang='lat'><strong>·</strong></span> <span class='ocrx_word' id='word_1_318' title='bbox 227 3926 362 3987; x_wconf 88' lang='lat' dir='ltr'><strong>traho&#39;.</strong></span> <span class='ocrx_word' id='word_1_319' title='bbox 408 3944 446 3986; x_wconf 91' lang='lat' dir='ltr'><strong>ne</strong></span> <span class='ocrx_word' id='word_1_320' title='bbox 474 3928 603 3987; x_wconf 87' lang='lat' dir='ltr'><strong>verearis</strong></span> <span class='ocrx_word' id='word_1_321' title='bbox 625 3945 695 4005; x_wconf 84' lang='lat' dir='ltr'><strong>ergo</strong></span> <span class='ocrx_word' id='word_1_322' title='bbox 723 3929 799 3988; x_wconf 90' lang='lat' dir='ltr'><strong>banc</strong></span> <span class='ocrx_word' id='word_1_323' title='bbox 825 3926 956 3989; x_wconf 88' lang='lat' dir='ltr'><strong>vocalem</strong></span> <span class='ocrx_word' id='word_1_324' title='bbox 988 3927 1119 3990; x_wconf 88' lang='lat' dir='ltr'><strong>ultimam</strong></span> <span class='ocrx_word' id='word_1_325' title='bbox 1145 3928 1242 3998; x_wconf 87' lang='lat' dir='ltr'><strong>verbi,</strong></span> <span class='ocrx_word' id='word_1_326' title='bbox 1274 3946 1335 3990; x_wconf 88' lang='lat' dir='ltr'><strong>non</strong></span> <span class='ocrx_word' id='word_1_327' title='bbox 1361 3930 1464 4009; x_wconf 84' lang='lat' dir='ltr'><strong>pedis,</strong></span> <span class='ocrx_word' id='word_1_328' title='bbox 1492 3933 1522 3993; x_wconf 91' lang='lat' dir='ltr'><strong>in</strong></span> 
     </span>
     <span class='ocr_line' id='line_1_37' title="bbox 188 4027 1523 4118; baseline 0.003 -29"><span class='ocrx_word' id='word_1_329' title='bbox 188 4040 214 4080; x_wconf 72' lang='lat'><strong>³⁵</strong></span> <span class='ocrx_word' id='word_1_330' title='bbox 228 4027 357 4106; x_wconf 87' lang='lat' dir='ltr'><strong>qualibet</strong></span> <span class='ocrx_word' id='word_1_331' title='bbox 376 4036 460 4107; x_wconf 92' lang='lat' dir='ltr'><strong>parte</strong></span> <span class='ocrx_word' id='word_1_332' title='bbox 482 4030 623 4089; x_wconf 89' lang='lat' dir='ltr'><strong>orationis</strong></span> <span class='ocrx_word' id='word_1_333' title='bbox 646 4030 837 4118; x_wconf 39' lang='lat' dir='ltr'><strong>producere„</strong></span> <span class='ocrx_word' id='word_1_334' title='bbox 864 4049 879 4090; x_wconf 91' lang='lat' dir='ltr'><strong>a</strong></span> <span class='ocrx_word' id='word_1_335' title='bbox 905 4037 1001 4091; x_wconf 86' lang='lat' dir='ltr'><strong>autem</strong></span> <span class='ocrx_word' id='word_1_336' title='bbox 1025 4038 1054 4090; x_wconf 90' lang='lat' dir='ltr'><strong>et</strong></span> <span class='ocrx_word' id='word_1_337' title='bbox 1076 4049 1092 4090; x_wconf 91' lang='lat' dir='ltr'><strong>c</strong></span> <span class='ocrx_word' id='word_1_338' title='bbox 1111 4038 1247 4091; x_wconf 89' lang='lat' dir='ltr'><strong>naturam</strong></span> <span class='ocrx_word' id='word_1_339' title='bbox 1267 4048 1339 4093; x_wconf 90' lang='lat' dir='ltr'><strong>suae</strong></span> <span class='ocrx_word' id='word_1_340' title='bbox 1359 4031 1523 4094; x_wconf 78' lang='lat' dir='ltr'><strong>vocalitatis</strong></span> 
     </span>
     <span class='ocr_line' id='line_1_38' title="bbox 227 4130 1522 4209; baseline 0.003 -18"><span class='ocrx_word' id='word_1_341' title='bbox 227 4130 286 4191; x_wconf 89' lang='lat' dir='ltr'><strong>sive</strong></span> <span class='ocrx_word' id='word_1_342' title='bbox 308 4137 463 4209; x_wconf 87' lang='lat' dir='ltr'><strong>correptae</strong></span> <span class='ocrx_word' id='word_1_343' title='bbox 486 4132 547 4191; x_wconf 89' lang='lat' dir='ltr'><strong>sive</strong></span> <span class='ocrx_word' id='word_1_344' title='bbox 569 4130 732 4209; x_wconf 86' lang='lat' dir='ltr'><strong>productae</strong></span> <span class='ocrx_word' id='word_1_345' title='bbox 753 4134 930 4194; x_wconf 89' lang='lat' dir='ltr'><strong>custodiunt.</strong></span> <span class='ocrx_word' id='word_1_346' title='bbox 971 4134 1046 4195; x_wconf 85' lang='lat' dir='ltr'><strong>duae</strong></span> <span class='ocrx_word' id='word_1_347' title='bbox 1070 4151 1149 4201; x_wconf 86' lang='lat' dir='ltr'><strong>vero,</strong></span> <span class='ocrx_word' id='word_1_348' title='bbox 1171 4134 1180 4192; x_wconf 90' lang='lat' dir='ltr'><strong>i</strong></span> <span class='ocrx_word' id='word_1_349' title='bbox 1203 4139 1232 4194; x_wconf 93' lang='lat' dir='ltr'><strong>et</strong></span> <span class='ocrx_word' id='word_1_350' title='bbox 1252 4152 1281 4203; x_wconf 88' lang='lat' dir='ltr'><strong>u,</strong></span> <span class='ocrx_word' id='word_1_351' title='bbox 1305 4150 1386 4195; x_wconf 86' lang='lat' dir='ltr'><strong>nunc</strong></span> <span class='ocrx_word' id='word_1_352' title='bbox 1406 4132 1522 4195; x_wconf 83' lang='lat' dir='ltr'><strong>vocales</strong></span> 
     </span>
     <span class='ocr_line' id='line_1_39' title="bbox 226 4232 1521 4316; baseline 0.003 -24"><span class='ocrx_word' id='word_1_353' title='bbox 226 4249 306 4292; x_wconf 91' lang='lat' dir='ltr'><strong>nune</strong></span> <span class='ocrx_word' id='word_1_354' title='bbox 328 4251 382 4310; x_wconf 93' lang='lat' dir='ltr'><strong>pro</strong></span> <span class='ocrx_word' id='word_1_355' title='bbox 404 4232 634 4293; x_wconf 89' lang='lat' dir='ltr'><strong>consonantibus</strong></span> <span class='ocrx_word' id='word_1_356' title='bbox 654 4241 821 4313; x_wconf 87' lang='lat' dir='ltr'><strong>ponuntur,</strong></span> <span class='ocrx_word' id='word_1_357' title='bbox 846 4253 878 4295; x_wconf 90' lang='lat' dir='ltr'><strong>ea</strong></span> <span class='ocrx_word' id='word_1_358' title='bbox 901 4236 1030 4306; x_wconf 89' lang='lat' dir='ltr'><strong>ratione,</strong></span> <span class='ocrx_word' id='word_1_359' title='bbox 1051 4237 1076 4295; x_wconf 91' lang='lat' dir='ltr'><strong>si</strong></span> <span class='ocrx_word' id='word_1_360' title='bbox 1098 4252 1147 4297; x_wconf 86' lang='lat' dir='ltr'><strong>eas</strong></span> <span class='ocrx_word' id='word_1_361' title='bbox 1168 4235 1375 4316; x_wconf 83' lang='lat' dir='ltr'><strong>praecedentis</strong></span> <span class='ocrx_word' id='word_1_362' title='bbox 1397 4242 1451 4298; x_wconf 89' lang='lat' dir='ltr'><strong>aut</strong></span> <span class='ocrx_word' id='word_1_363' title='bbox 1471 4254 1521 4296; x_wconf 90' lang='lat' dir='ltr'><strong>vo·</strong></span> 
     </span>
     <span class='ocr_line' id='line_1_40' title="bbox 227 4332 1521 4415; baseline 0.008 -21"><span class='ocrx_word' id='word_1_364' title='bbox 227 4332 298 4396; x_wconf 86' lang='lat' dir='ltr'><strong>calis</strong></span> <span class='ocrx_word' id='word_1_365' title='bbox 318 4332 416 4412; x_wconf 89' lang='lat' dir='ltr'><strong>aliqua</strong></span> <span class='ocrx_word' id='word_1_366' title='bbox 438 4335 474 4395; x_wconf 93' lang='lat' dir='ltr'><strong>de</strong></span> <span class='ocrx_word' id='word_1_367' title='bbox 497 4334 701 4412; x_wconf 90' lang='lat' dir='ltr'><strong>superioribus</strong></span> <span class='ocrx_word' id='word_1_368' title='bbox 721 4344 935 4415; x_wconf 82' lang='lat' dir='ltr'><strong>consequatur,</strong></span> <span class='ocrx_word' id='word_1_369' title='bbox 963 4344 996 4397; x_wconf 92' lang='lat' dir='ltr'><strong>ut</strong></span> <span class='ocrx_word' id='word_1_370' title='bbox 1023 4338 1167 4399; x_wconf 76' lang='lat' dir='ltr'><strong>‘inveni</strong></span> <span class='ocrx_word' id='word_1_371' title='bbox 1195 4354 1372 4415; x_wconf 82' lang='lat' dir='ltr'><strong>germana</strong></span> <span class='ocrx_word' id='word_1_372' title='bbox 1393 4339 1521 4405; x_wconf 78' lang='lat' dir='ltr'><strong>viam&#39;t</strong></span> 
     </span>
    </p>
   </div>
   <div class='ocr_carea' id='block_1_4' title="bbox 225 4503 1521 4921">
    <p class='ocr_par' dir='ltr' id='par_1_4' title="bbox 225 4503 1521 4921">
     <span class='ocr_line' id='line_1_41' title="bbox 298 4503 1437 4572; baseline 0.004 -19"><span class='ocrx_word' id='word_1_373' title='bbox 298 4504 310 4553; x_wconf 98' lang='grc'><strong>1</strong></span> <span class='ocrx_word' id='word_1_374' title='bbox 329 4503 443 4554; x_wconf 87' lang='lat' dir='ltr'><strong>Oenotrii</strong></span> <span class='ocrx_word' id='word_1_375' title='bbox 462 4518 491 4560; x_wconf 77' lang='grc' dir='ltr'><strong>ςε</strong></span> <span class='ocrx_word' id='word_1_376' title='bbox 517 4506 596 4570; x_wconf 79' lang='lat' dir='ltr'><strong>Verp.</strong></span> <span class='ocrx_word' id='word_1_377' title='bbox 617 4505 682 4555; x_wconf 86' lang='lat' dir='ltr'><strong>Aen.</strong></span> <span class='ocrx_word' id='word_1_378' title='bbox 703 4505 780 4557; x_wconf 81' lang='lat'>1532</span> <span class='ocrx_word' id='word_1_379' title='bbox 895 4507 911 4554; x_wconf 82' lang='lat'><strong>2</strong></span> <span class='ocrx_word' id='word_1_380' title='bbox 930 4507 1142 4570; x_wconf 83' lang='lat' dir='ltr'><strong>praecedentibus</strong></span> <span class='ocrx_word' id='word_1_381' title='bbox 1159 4522 1176 4565; x_wconf 89' lang='grc' dir='ltr'>ς</span> <span class='ocrx_word' id='word_1_382' title='bbox 1193 4507 1393 4572; x_wconf 86' lang='lat' dir='ltr'><strong>procedentibus</strong></span> <span class='ocrx_word' id='word_1_383' title='bbox 1411 4508 1437 4558; x_wconf 89' lang='lat' dir='ltr'><em>B</em></span> 
     </span>
     <span class='ocr_line' id='line_1_42' title="bbox 226 4573 1520 4644; baseline 0.005 -22"><span class='ocrx_word' id='word_1_384' title='bbox 226 4573 368 4639; x_wconf 76' lang='lat' dir='ltr'><strong>praeterea]</strong></span> <span class='ocrx_word' id='word_1_385' title='bbox 391 4576 573 4639; x_wconf 66' lang='lat' dir='ltr'><strong>Vesppeorp.</strong></span> <span class='ocrx_word' id='word_1_386' title='bbox 596 4575 670 4625; x_wconf 86' lang='grc'><strong>1183</strong></span> <span class='ocrx_word' id='word_1_387' title='bbox 775 4573 950 4640; x_wconf 76' lang='lat' dir='ltr'><strong>duestntem]</strong></span> <span class='ocrx_word' id='word_1_388' title='bbox 973 4578 1157 4643; x_wconf 63' lang='lat' dir='ltr'><strong>Verpyeorp.</strong></span> <span class='ocrx_word' id='word_1_389' title='bbox 1179 4576 1296 4627; x_wconf 87' lang='grc'><strong>1111138</strong></span> <span class='ocrx_word' id='word_1_390' title='bbox 1399 4578 1432 4629; x_wconf 79' lang='lat' dir='ltr'><strong>nt</strong></span> <span class='ocrx_word' id='word_1_391' title='bbox 1452 4575 1520 4644; x_wconf 82' lang='lat' dir='ltr'><strong>quie]</strong></span> 
     </span>
     <span class='ocr_line' id='line_1_43' title="bbox 231 4642 1521 4713; baseline 0.005 -21"><span class='ocrx_word' id='word_1_392' title='bbox 231 4645 391 4710; x_wconf 77' lang='lat' dir='ltr'><strong>Verp.Aen.</strong></span> <span class='ocrx_word' id='word_1_393' title='bbox 411 4644 514 4695; x_wconf 74' lang='grc'><strong>11842</strong></span> <span class='ocrx_word' id='word_1_394' title='bbox 584 4642 740 4709; x_wconf 69' lang='lat' dir='ltr'><strong>ibardurrs]</strong></span> <span class='ocrx_word' id='word_1_395' title='bbox 766 4647 844 4710; x_wconf 77' lang='lat' dir='ltr'><strong>Verp.</strong></span> <span class='ocrx_word' id='word_1_396' title='bbox 864 4645 929 4694; x_wconf 83' lang='lat' dir='ltr'><strong>Aen.</strong></span> <span class='ocrx_word' id='word_1_397' title='bbox 949 4647 1078 4697; x_wconf 68' lang='grc'><strong>31112119</strong></span> <span class='ocrx_word' id='word_1_398' title='bbox 1148 4645 1305 4713; x_wconf 76' lang='lat' dir='ltr'><strong>25nreono]</strong></span> <span class='ocrx_word' id='word_1_399' title='bbox 1326 4647 1521 4701; x_wconf 64' lang='lat' dir='ltr'><strong>noemma-</strong></span> 
     </span>
     <span class='ocr_line' id='line_1_44' title="bbox 225 4711 1521 4785; baseline 0.003 -21"><span class='ocrx_word' id='word_1_400' title='bbox 225 4714 384 4765; x_wconf 72' lang='lat' dir='ltr'><strong>cattinis</strong></span> <span class='ocrx_word' id='word_1_401' title='bbox 455 4715 489 4764; x_wconf 85' lang='lat'><strong>30</strong></span> <span class='ocrx_word' id='word_1_402' title='bbox 507 4711 585 4778; x_wconf 91' lang='lat' dir='ltr'><strong>hunc]</strong></span> <span class='ocrx_word' id='word_1_403' title='bbox 613 4717 692 4780; x_wconf 74' lang='lat' dir='ltr'><strong>Verp.</strong></span> <span class='ocrx_word' id='word_1_404' title='bbox 710 4715 776 4768; x_wconf 77' lang='lat' dir='ltr'><strong>Aere.</strong></span> <span class='ocrx_word' id='word_1_405' title='bbox 797 4716 838 4762; x_wconf 88' lang='grc'><strong>1111</strong></span> <span class='ocrx_word' id='word_1_406' title='bbox 860 4715 909 4765; x_wconf 84' lang='grc'><strong>331</strong></span> <span class='ocrx_word' id='word_1_407' title='bbox 982 4714 1252 4782; x_wconf 81' lang='lat' dir='ltr'><strong>laborem]l.b.r&#39;·B</strong></span> <span class='ocrx_word' id='word_1_408' title='bbox 1320 4714 1417 4784; x_wconf 68' lang='grc'><strong>33011]</strong></span> <span class='ocrx_word' id='word_1_409' title='bbox 1441 4716 1521 4785; x_wconf 58' lang='lat' dir='ltr'><strong>Vsu.</strong></span> 
     </span>
     <span class='ocr_line' id='line_1_45' title="bbox 226 4781 1456 4849; baseline 0.007 -17"><span class='ocrx_word' id='word_1_410' title='bbox 226 4784 423 4836; x_wconf 58' lang='grc'><strong>,4811111534</strong></span> <span class='ocrx_word' id='word_1_411' title='bbox 513 4781 602 4849; x_wconf 85' lang='lat' dir='ltr'><strong>lustra]</strong></span> <span class='ocrx_word' id='word_1_412' title='bbox 626 4787 706 4849; x_wconf 78' lang='lat' dir='ltr'><strong>Veryy.</strong></span> <span class='ocrx_word' id='word_1_413' title='bbox 724 4784 790 4836; x_wconf 85' lang='lat' dir='ltr'><strong>Aen.</strong></span> <span class='ocrx_word' id='word_1_414' title='bbox 810 4784 909 4837; x_wconf 85' lang='grc'><strong>111647</strong></span> <span class='ocrx_word' id='word_1_415' title='bbox 1015 4784 1050 4836; x_wconf 88' lang='grc'><strong>34</strong></span> <span class='ocrx_word' id='word_1_416' title='bbox 1070 4787 1141 4838; x_wconf 80' lang='lat' dir='ltr'><strong>traho</strong></span> <span class='ocrx_word' id='word_1_417' title='bbox 1159 4785 1319 4839; x_wconf 66' lang='lat' dir='ltr'><strong>pantasiae</strong></span> <span class='ocrx_word' id='word_1_418' title='bbox 1334 4787 1456 4839; x_wconf 76' lang='lat' dir='ltr'><strong>domnB</strong></span> 
     </span>
     <span class='ocr_line' id='line_1_46' title="bbox 227 4853 700 4921; baseline -0.006 -14"><span class='ocrx_word' id='word_1_419' title='bbox 227 4853 261 4907; x_wconf 80' lang='lat' dir='ltr'><strong>tit</strong></span> <span class='ocrx_word' id='word_1_420' title='bbox 279 4853 374 4921; x_wconf 86' lang='lat' dir='ltr'><strong>inveni]</strong></span> <span class='ocrx_word' id='word_1_421' title='bbox 400 4858 480 4919; x_wconf 69' lang='lat' dir='ltr'><strong>Vera.</strong></span> <span class='ocrx_word' id='word_1_422' title='bbox 500 4855 565 4904; x_wconf 78' lang='lat' dir='ltr'><strong>Aen.</strong></span> <span class='ocrx_word' id='word_1_423' title='bbox 585 4854 700 4905; x_wconf 82' lang='grc'><strong>1111418</strong></span> 
     </span>
    </p>
   </div>
   <div class='ocr_carea' id='block_1_5' title="bbox 0 0 1681 5506">
    <p class='ocr_par' dir='ltr' id='par_1_5' title="bbox 0 0 1681 5506">
     <span class='ocr_line' id='line_1_47' title="bbox 0 0 1681 5506; baseline 0 0"><span class='ocrx_word' id='word_1_424' title='bbox 0 0 1681 5506; x_wconf 95' lang='lat' dir='ltr'><strong> </strong></span> 
     </span>
    </p>
   </div>
  </div>
 </body>
</html>
