<?xml version="1.0" encoding="UTF-8"?>
<!DOCTYPE html PUBLIC "-//W3C//DTD XHTML 1.0 Transitional//EN"
    "http://www.w3.org/TR/xhtml1/DTD/xhtml1-transitional.dtd">
<html xmlns="http://www.w3.org/1999/xhtml" xml:lang="en" lang="en">
 <head>
  <title>
</title>
<meta http-equiv="Content-Type" content="text/html;charset=utf-8" />
  <meta name='ocr-system' content='tesseract 3.04.00' />
  <meta name='ocr-capabilities' content='ocr_page ocr_carea ocr_par ocr_line ocrx_word'/>
</head>
<body>
  <div class='ocr_page' id='page_1' title='image "./grammaticilatin05keilgoog/grammaticilatin05keilgoog_0211.png"; bbox 0 0 3314 5506; ppageno 0'>
   <div class='ocr_carea' id='block_1_1' title="bbox 233 366 935 432">
    <p class='ocr_par' dir='ltr' id='par_1_1' title="bbox 233 366 935 432">
     <span class='ocr_line' id='line_1_1' title="bbox 233 366 935 432; baseline -0.001 -3"><span class='ocrx_word' id='word_1_1' title='bbox 233 370 293 432; x_wconf 82' lang='lat'><strong>148</strong></span> <span class='ocrx_word' id='word_1_2' title='bbox 822 366 935 429; x_wconf 81' lang='lat' dir='ltr'><strong>ruunt</strong></span> 
     </span>
    </p>
   </div>
   <div class='ocr_carea' id='block_1_2' title="bbox 231 480 1521 635">
    <p class='ocr_par' dir='ltr' id='par_1_2' title="bbox 231 480 1521 635">
     <span class='ocr_line' id='line_1_2' title="bbox 299 480 1471 525; baseline 0.002 -2"><span class='ocrx_word' id='word_1_3' title='bbox 299 485 343 525; x_wconf 69' lang='grc' dir='ltr'><strong>,π</strong></span> <span class='ocrx_word' id='word_1_4' title='bbox 383 485 408 524; x_wconf 83' lang='lat' dir='ltr'><strong>rs</strong></span> <span class='ocrx_word' id='word_1_5' title='bbox 422 482 448 525; x_wconf 85' lang='lat' dir='ltr'><strong>n.</strong></span> <span class='ocrx_word' id='word_1_6' title='bbox 1325 480 1471 525; x_wconf 59' lang='lat' dir='ltr'><strong>mur.</strong></span> 
     </span>
     <span class='ocr_line' id='line_1_3' title="bbox 231 484 1521 635; baseline 0.001 -19"><span class='ocrx_word' id='word_1_7' title='bbox 231 496 308 617; x_wconf 62' lang='lat' dir='ltr'><strong>aliupd</strong></span> <span class='ocrx_word' id='word_1_8' title='bbox 337 484 544 634; x_wconf 56' lang='lat' dir='ltr'><strong>pl—raeeeptum,</strong></span> <span class='ocrx_word' id='word_1_9' title='bbox 576 571 637 631; x_wconf 83' lang='lat' dir='ltr'><strong>quo</strong></span> <span class='ocrx_word' id='word_1_10' title='bbox 665 553 859 614; x_wconf 87' lang='lat' dir='ltr'><strong>dinoscuntur</strong></span> <span class='ocrx_word' id='word_1_11' title='bbox 888 571 977 631; x_wconf 92' lang='lat' dir='ltr'><strong>snpra</strong></span> <span class='ocrx_word' id='word_1_12' title='bbox 1003 553 1099 614; x_wconf 89' lang='lat' dir='ltr'><strong>dictae</strong></span> <span class='ocrx_word' id='word_1_13' title='bbox 1127 493 1374 631; x_wconf 78' lang='lat' dir='ltr'><strong>praepositiolles,</strong></span> <span class='ocrx_word' id='word_1_14' title='bbox 1403 555 1521 635; x_wconf 66' lang='lat' dir='ltr'><strong>mando</strong></span> 
     </span>
    </p>
   </div>
   <div class='ocr_carea' id='block_1_3' title="bbox 115 654 1524 4395">
    <p class='ocr_par' dir='ltr' id='par_1_3' title="bbox 115 654 1524 4395">
     <span class='ocr_line' id='line_1_4' title="bbox 231 654 1523 734; baseline 0.002 -17"><span class='ocrx_word' id='word_1_15' title='bbox 231 659 395 717; x_wconf 87' lang='lat' dir='ltr'><strong>accusativo</strong></span> <span class='ocrx_word' id='word_1_16' title='bbox 420 663 449 716; x_wconf 89' lang='lat' dir='ltr'><strong>et</strong></span> <span class='ocrx_word' id='word_1_17' title='bbox 470 654 587 732; x_wconf 82' lang='lat' dir='ltr'><strong>quando</strong></span> <span class='ocrx_word' id='word_1_18' title='bbox 609 654 733 715; x_wconf 91' lang='lat' dir='ltr'><strong>ablativo</strong></span> <span class='ocrx_word' id='word_1_19' title='bbox 756 655 837 715; x_wconf 86' lang='lat' dir='ltr'><strong>casui</strong></span> <span class='ocrx_word' id='word_1_20' title='bbox 865 654 1049 734; x_wconf 90' lang='lat' dir='ltr'><strong>respondere</strong></span> <span class='ocrx_word' id='word_1_21' title='bbox 1071 655 1310 733; x_wconf 75' lang='lat' dir='ltr'><strong>pronuntientur.</strong></span> <span class='ocrx_word' id='word_1_22' title='bbox 1353 673 1446 734; x_wconf 90' lang='lat' dir='ltr'><strong>quare</strong></span> <span class='ocrx_word' id='word_1_23' title='bbox 1464 656 1523 719; x_wconf 89' lang='lat' dir='ltr'><strong>boc</strong></span> 
     </span>
     <span class='ocr_line' id='line_1_5' title="bbox 229 754 1523 837; baseline 0 -19"><span class='ocrx_word' id='word_1_24' title='bbox 229 775 397 825; x_wconf 89' lang='lat' dir='ltr'><strong>monemus,</strong></span> <span class='ocrx_word' id='word_1_25' title='bbox 428 765 474 823; x_wconf 90' lang='lat' dir='ltr'><strong>nt,</strong></span> <span class='ocrx_word' id='word_1_26' title='bbox 503 757 622 837; x_wconf 84' lang='lat' dir='ltr'><strong>quando</strong></span> <span class='ocrx_word' id='word_1_27' title='bbox 652 754 703 816; x_wconf 92' lang='lat' dir='ltr'><strong>illo</strong></span> <span class='ocrx_word' id='word_1_28' title='bbox 728 755 923 834; x_wconf 82' lang='lat' dir='ltr'><strong>intellegitur,</strong></span> <span class='ocrx_word' id='word_1_29' title='bbox 957 775 992 816; x_wconf 86' lang='lat' dir='ltr'><strong>ex</strong></span> <span class='ocrx_word' id='word_1_30' title='bbox 1021 772 1111 833; x_wconf 86' lang='lat' dir='ltr'><strong>snpra</strong></span> <span class='ocrx_word' id='word_1_31' title='bbox 1141 754 1225 816; x_wconf 89' lang='lat' dir='ltr'><strong>dietis</strong></span> <span class='ocrx_word' id='word_1_32' title='bbox 1253 756 1523 836; x_wconf 88' lang='lat' dir='ltr'><strong>praepositionibus</strong></span> 
     </span>
     <span class='ocr_line' id='line_1_6' title="bbox 228 855 1523 937; baseline -0.002 -16"><span class='ocrx_word' id='word_1_33' title='bbox 228 859 401 921; x_wconf 69' lang='lat' dir='ltr'><strong>accusativis</strong></span> <span class='ocrx_word' id='word_1_34' title='bbox 432 857 549 918; x_wconf 91' lang='lat' dir='ltr'><strong>casibus</strong></span> <span class='ocrx_word' id='word_1_35' title='bbox 579 857 825 936; x_wconf 89' lang='lat' dir='ltr'><strong>respondeamus,</strong></span> <span class='ocrx_word' id='word_1_36' title='bbox 856 864 888 917; x_wconf 92' lang='lat' dir='ltr'><strong>ut</strong></span> <span class='ocrx_word' id='word_1_37' title='bbox 915 864 985 937; x_wconf 89' lang='lat' dir='ltr'><strong>puta</strong></span> <span class='ocrx_word' id='word_1_38' title='bbox 1014 855 1098 927; x_wconf 82' lang='lat' dir='ltr'><strong>‘illo,</strong></span> <span class='ocrx_word' id='word_1_39' title='bbox 1131 859 1161 916; x_wconf 92' lang='lat' dir='ltr'><strong>in</strong></span> <span class='ocrx_word' id='word_1_40' title='bbox 1193 856 1359 927; x_wconf 83' lang='lat' dir='ltr'><strong>thermas&#39;;</strong></span> <span class='ocrx_word' id='word_1_41' title='bbox 1393 866 1424 919; x_wconf 90' lang='lat' dir='ltr'><strong>at</strong></span> <span class='ocrx_word' id='word_1_42' title='bbox 1450 877 1523 920; x_wconf 88' lang='lat' dir='ltr'><strong>vero</strong></span> 
     </span>
     <span class='ocr_line' id='line_1_7' title="bbox 203 955 1523 1040; baseline -0.002 -16"><span class='ocrx_word' id='word_1_43' title='bbox 203 961 347 1040; x_wconf 79' lang='lat' dir='ltr'><strong>equando</strong></span> <span class='ocrx_word' id='word_1_44' title='bbox 374 959 434 1019; x_wconf 90' lang='lat' dir='ltr'><strong>illic</strong></span> <span class='ocrx_word' id='word_1_45' title='bbox 461 958 656 1037; x_wconf 79' lang='lat' dir='ltr'><strong>intellegitur,</strong></span> <span class='ocrx_word' id='word_1_46' title='bbox 689 976 723 1018; x_wconf 83' lang='lat' dir='ltr'><strong>ex</strong></span> <span class='ocrx_word' id='word_1_47' title='bbox 752 976 842 1036; x_wconf 91' lang='lat' dir='ltr'><strong>supra</strong></span> <span class='ocrx_word' id='word_1_48' title='bbox 871 959 957 1019; x_wconf 87' lang='lat' dir='ltr'><strong>dietis</strong></span> <span class='ocrx_word' id='word_1_49' title='bbox 984 955 1261 1037; x_wconf 79' lang='lat' dir='ltr'><strong>praelpositionibus</strong></span> <span class='ocrx_word' id='word_1_50' title='bbox 1286 957 1412 1019; x_wconf 85' lang='lat' dir='ltr'><strong>ablativo</strong></span> <span class='ocrx_word' id='word_1_51' title='bbox 1441 962 1523 1021; x_wconf 83' lang='lat' dir='ltr'><strong>casui</strong></span> 
     </span>
     <span class='ocr_line' id='line_1_8' title="bbox 227 1047 1524 1142; baseline 0.001 -20"><span class='ocrx_word' id='word_1_52' title='bbox 227 1062 474 1142; x_wconf 75' lang='lat' dir='ltr'><strong>respondeamus,</strong></span> <span class='ocrx_word' id='word_1_53' title='bbox 498 1066 618 1137; x_wconf 89' lang='lat' dir='ltr'><strong>utputa</strong></span> <span class='ocrx_word' id='word_1_54' title='bbox 640 1059 730 1130; x_wconf 74' lang='lat' dir='ltr'><strong>‘illie,</strong></span> <span class='ocrx_word' id='word_1_55' title='bbox 753 1062 782 1120; x_wconf 92' lang='lat' dir='ltr'><strong>in</strong></span> <span class='ocrx_word' id='word_1_56' title='bbox 805 1061 957 1121; x_wconf 85' lang='lat' dir='ltr'><strong>tlrermis&#39;.</strong></span> <span class='ocrx_word' id='word_1_57' title='bbox 1000 1061 1043 1119; x_wconf 91' lang='lat' dir='ltr'><strong>sie</strong></span> <span class='ocrx_word' id='word_1_58' title='bbox 1070 1067 1100 1120; x_wconf 90' lang='lat' dir='ltr'><strong>et</strong></span> <span class='ocrx_word' id='word_1_59' title='bbox 1119 1058 1174 1120; x_wconf 92' lang='lat' dir='ltr'><strong>snb</strong></span> <span class='ocrx_word' id='word_1_60' title='bbox 1201 1066 1231 1120; x_wconf 90' lang='lat' dir='ltr'><strong>et</strong></span> <span class='ocrx_word' id='word_1_61' title='bbox 1257 1078 1348 1140; x_wconf 89' lang='lat' dir='ltr'><strong>super</strong></span> <span class='ocrx_word' id='word_1_62' title='bbox 1369 1068 1401 1122; x_wconf 88' lang='lat' dir='ltr'><strong>et</strong></span> <span class='ocrx_word' id='word_1_63' title='bbox 1418 1047 1524 1123; x_wconf 84' lang='lat' dir='ltr'><strong>subter</strong></span> 
     </span>
     <span class='ocr_line' id='line_1_9' title="bbox 226 1159 1523 1244; baseline 0 -19"><span class='ocrx_word' id='word_1_64' title='bbox 226 1165 461 1242; x_wconf 73' lang='lat' dir='ltr'><strong>praepositiones</strong></span> <span class='ocrx_word' id='word_1_65' title='bbox 479 1163 509 1221; x_wconf 92' lang='lat' dir='ltr'><strong>in</strong></span> <span class='ocrx_word' id='word_1_66' title='bbox 533 1161 590 1221; x_wconf 87' lang='lat' dir='ltr'><strong>boe</strong></span> <span class='ocrx_word' id='word_1_67' title='bbox 613 1169 641 1222; x_wconf 91' lang='lat' dir='ltr'><strong>et</strong></span> <span class='ocrx_word' id='word_1_68' title='bbox 661 1165 691 1222; x_wconf 93' lang='lat' dir='ltr'><strong>in</strong></span> <span class='ocrx_word' id='word_1_69' title='bbox 707 1161 771 1222; x_wconf 91' lang='lat' dir='ltr'><strong>aliis</strong></span> <span class='ocrx_word' id='word_1_70' title='bbox 793 1162 963 1223; x_wconf 92' lang='lat' dir='ltr'><strong>nominibus</strong></span> <span class='ocrx_word' id='word_1_71' title='bbox 983 1159 1028 1222; x_wconf 89' lang='lat' dir='ltr'><strong>vel</strong></span> <span class='ocrx_word' id='word_1_72' title='bbox 1050 1160 1277 1238; x_wconf 82' lang='lat' dir='ltr'><strong>pronominibus</strong></span> <span class='ocrx_word' id='word_1_73' title='bbox 1298 1169 1328 1222; x_wconf 90' lang='lat' dir='ltr'><strong>et</strong></span> <span class='ocrx_word' id='word_1_74' title='bbox 1345 1165 1523 1244; x_wconf 75' lang='lat' dir='ltr'><strong>participiis,</strong></span> 
     </span>
     <span class='ocr_line' id='line_1_10' title="bbox 227 1262 1524 1344; baseline 0.002 -18"><span class='ocrx_word' id='word_1_75' title='bbox 227 1265 344 1343; x_wconf 86' lang='lat' dir='ltr'><strong>quando</strong></span> <span class='ocrx_word' id='word_1_76' title='bbox 371 1265 543 1326; x_wconf 83' lang='lat' dir='ltr'><strong>accusativis</strong></span> <span class='ocrx_word' id='word_1_77' title='bbox 575 1270 605 1323; x_wconf 88' lang='lat' dir='ltr'><strong>et</strong></span> <span class='ocrx_word' id='word_1_78' title='bbox 636 1264 754 1344; x_wconf 89' lang='lat' dir='ltr'><strong>quaudo</strong></span> <span class='ocrx_word' id='word_1_79' title='bbox 784 1264 916 1325; x_wconf 87' lang='lat' dir='ltr'><strong>ablativis</strong></span> <span class='ocrx_word' id='word_1_80' title='bbox 949 1263 1065 1324; x_wconf 85' lang='lat' dir='ltr'><strong>casibus</strong></span> <span class='ocrx_word' id='word_1_81' title='bbox 1093 1263 1275 1341; x_wconf 89' lang='lat' dir='ltr'><strong>respondere</strong></span> <span class='ocrx_word' id='word_1_82' title='bbox 1306 1262 1452 1335; x_wconf 89' lang='lat' dir='ltr'><strong>debeant,</strong></span> <span class='ocrx_word' id='word_1_83' title='bbox 1487 1285 1524 1329; x_wconf 83' lang='lat' dir='ltr'><strong>ex</strong></span> 
     </span>
     <span class='ocr_line' id='line_1_11' title="bbox 226 1362 1523 1446; baseline 0.002 -20"><span class='ocrx_word' id='word_1_84' title='bbox 226 1384 316 1446; x_wconf 87' lang='lat' dir='ltr'><strong>supra</strong></span> <span class='ocrx_word' id='word_1_85' title='bbox 343 1366 421 1427; x_wconf 89' lang='lat' dir='ltr'><strong>dicto</strong></span> <span class='ocrx_word' id='word_1_86' title='bbox 449 1375 608 1446; x_wconf 90' lang='lat' dir='ltr'><strong>praecepto</strong></span> <span class='ocrx_word' id='word_1_87' title='bbox 637 1366 868 1427; x_wconf 87' lang='lat' dir='ltr'><strong>considerandae</strong></span> <span class='ocrx_word' id='word_1_88' title='bbox 894 1371 970 1426; x_wconf 91' lang='lat' dir='ltr'><strong>sunt.</strong></span> <span class='ocrx_word' id='word_1_89' title='bbox 1015 1366 1085 1426; x_wconf 89' lang='lat' dir='ltr'><strong>item</strong></span> <span class='ocrx_word' id='word_1_90' title='bbox 1116 1362 1194 1425; x_wconf 90' lang='lat' dir='ltr'><strong>aliud</strong></span> <span class='ocrx_word' id='word_1_91' title='bbox 1221 1372 1432 1443; x_wconf 88' lang='lat' dir='ltr'><strong>praeceptum,</strong></span> <span class='ocrx_word' id='word_1_92' title='bbox 1462 1385 1523 1446; x_wconf 83' lang='lat' dir='ltr'><strong>quo</strong></span> 
     </span>
     <span class='ocr_line' id='line_1_12' title="bbox 190 1467 1522 1548; baseline -0.001 -18"><span class='ocrx_word' id='word_1_93' title='bbox 190 1491 214 1532; x_wconf 83' lang='lat' dir='ltr'><strong>ro</strong></span> <span class='ocrx_word' id='word_1_94' title='bbox 227 1468 421 1529; x_wconf 91' lang='lat' dir='ltr'><strong>dinoscuntur</strong></span> <span class='ocrx_word' id='word_1_95' title='bbox 438 1486 528 1545; x_wconf 89' lang='lat' dir='ltr'><strong>snpra</strong></span> <span class='ocrx_word' id='word_1_96' title='bbox 550 1468 645 1528; x_wconf 89' lang='lat' dir='ltr'><strong>dictae</strong></span> <span class='ocrx_word' id='word_1_97' title='bbox 666 1469 916 1547; x_wconf 91' lang='lat' dir='ltr'><strong>praepositiones,</strong></span> <span class='ocrx_word' id='word_1_98' title='bbox 947 1467 1065 1544; x_wconf 92' lang='lat' dir='ltr'><strong>quando</strong></span> <span class='ocrx_word' id='word_1_99' title='bbox 1094 1468 1261 1527; x_wconf 87' lang='lat' dir='ltr'><strong>accusativo</strong></span> <span class='ocrx_word' id='word_1_100' title='bbox 1282 1468 1365 1529; x_wconf 89' lang='lat' dir='ltr'><strong>casui</strong></span> <span class='ocrx_word' id='word_1_101' title='bbox 1394 1486 1522 1548; x_wconf 89' lang='lat' dir='ltr'><strong>respon·</strong></span> 
     </span>
     <span class='ocr_line' id='line_1_13' title="bbox 227 1568 1523 1650; baseline -0.001 -19"><span class='ocrx_word' id='word_1_102' title='bbox 227 1571 298 1631; x_wconf 91' lang='lat' dir='ltr'><strong>dere</strong></span> <span class='ocrx_word' id='word_1_103' title='bbox 323 1572 561 1649; x_wconf 86' lang='lat' dir='ltr'><strong>pronuntientur.</strong></span> <span class='ocrx_word' id='word_1_104' title='bbox 606 1587 698 1650; x_wconf 89' lang='lat' dir='ltr'><strong>quare</strong></span> <span class='ocrx_word' id='word_1_105' title='bbox 722 1570 780 1630; x_wconf 92' lang='lat' dir='ltr'><strong>hoe</strong></span> <span class='ocrx_word' id='word_1_106' title='bbox 806 1587 974 1637; x_wconf 89' lang='lat' dir='ltr'><strong>monemus,</strong></span> <span class='ocrx_word' id='word_1_107' title='bbox 1001 1576 1047 1637; x_wconf 89' lang='lat' dir='ltr'><strong>ut,</strong></span> <span class='ocrx_word' id='word_1_108' title='bbox 1076 1568 1195 1647; x_wconf 89' lang='lat' dir='ltr'><strong>qnando</strong></span> <span class='ocrx_word' id='word_1_109' title='bbox 1222 1586 1278 1628; x_wconf 89' lang='lat' dir='ltr'><strong>nos</strong></span> <span class='ocrx_word' id='word_1_110' title='bbox 1306 1586 1343 1629; x_wconf 87' lang='lat' dir='ltr'><strong>ex</strong></span> <span class='ocrx_word' id='word_1_111' title='bbox 1367 1568 1426 1630; x_wconf 91' lang='lat' dir='ltr'><strong>alio</strong></span> <span class='ocrx_word' id='word_1_112' title='bbox 1456 1568 1523 1631; x_wconf 89' lang='lat' dir='ltr'><strong>loeo</strong></span> 
     </span>
     <span class='ocr_line' id='line_1_14' title="bbox 226 1670 1524 1752; baseline 0.001 -22"><span class='ocrx_word' id='word_1_113' title='bbox 226 1671 263 1731; x_wconf 87' lang='lat' dir='ltr'><strong>ad</strong></span> <span class='ocrx_word' id='word_1_114' title='bbox 285 1670 374 1731; x_wconf 91' lang='lat' dir='ltr'><strong>alium</strong></span> <span class='ocrx_word' id='word_1_115' title='bbox 396 1671 493 1732; x_wconf 91' lang='lat' dir='ltr'><strong>locum</strong></span> <span class='ocrx_word' id='word_1_116' title='bbox 515 1674 671 1752; x_wconf 87' lang='lat' dir='ltr'><strong>pervenire</strong></span> <span class='ocrx_word' id='word_1_117' title='bbox 693 1673 907 1749; x_wconf 78' lang='lat' dir='ltr'><strong>significamus,</strong></span> <span class='ocrx_word' id='word_1_118' title='bbox 929 1671 1093 1730; x_wconf 88' lang='lat' dir='ltr'><strong>accusativo</strong></span> <span class='ocrx_word' id='word_1_119' title='bbox 1113 1671 1193 1731; x_wconf 89' lang='lat' dir='ltr'><strong>casui</strong></span> <span class='ocrx_word' id='word_1_120' title='bbox 1215 1670 1466 1749; x_wconf 83' lang='lat' dir='ltr'><strong>respondeamus,</strong></span> <span class='ocrx_word' id='word_1_121' title='bbox 1491 1678 1524 1733; x_wconf 92' lang='lat' dir='ltr'><strong>nt</strong></span> 
     </span>
     <span class='ocr_line' id='line_1_15' title="bbox 226 1769 1522 1851; baseline -0.001 -17"><span class='ocrx_word' id='word_1_122' title='bbox 226 1781 295 1851; x_wconf 91' lang='lat' dir='ltr'><strong>puta</strong></span> <span class='ocrx_word' id='word_1_123' title='bbox 319 1774 442 1834; x_wconf 74' lang='lat' dir='ltr'><strong>‘secedo</strong></span> <span class='ocrx_word' id='word_1_124' title='bbox 467 1776 497 1833; x_wconf 90' lang='lat' dir='ltr'><strong>in</strong></span> <span class='ocrx_word' id='word_1_125' title='bbox 526 1775 653 1844; x_wconf 89' lang='lat' dir='ltr'><strong>lorum’,</strong></span> <span class='ocrx_word' id='word_1_126' title='bbox 687 1773 832 1834; x_wconf 73' lang='lat' dir='ltr'><strong>‘ascendo</strong></span> <span class='ocrx_word' id='word_1_127' title='bbox 854 1775 883 1832; x_wconf 94' lang='lat' dir='ltr'><strong>in</strong></span> <span class='ocrx_word' id='word_1_128' title='bbox 912 1772 1037 1839; x_wconf 87' lang='lat' dir='ltr'><strong>lorum’,</strong></span> <span class='ocrx_word' id='word_1_129' title='bbox 1071 1769 1245 1831; x_wconf 73' lang='lat' dir='ltr'><strong>‘deambulo</strong></span> <span class='ocrx_word' id='word_1_130' title='bbox 1267 1773 1300 1831; x_wconf 94' lang='lat' dir='ltr'><strong>in</strong></span> <span class='ocrx_word' id='word_1_131' title='bbox 1325 1772 1460 1841; x_wconf 77' lang='lat' dir='ltr'><strong>forum&#39;3</strong></span> <span class='ocrx_word' id='word_1_132' title='bbox 1493 1781 1522 1833; x_wconf 86' lang='lat' dir='ltr'><strong>at</strong></span> 
     </span>
     <span class='ocr_line' id='line_1_16' title="bbox 227 1870 1521 1953; baseline 0.001 -19"><span class='ocrx_word' id='word_1_133' title='bbox 227 1892 296 1935; x_wconf 91' lang='lat' dir='ltr'><strong>vero</strong></span> <span class='ocrx_word' id='word_1_134' title='bbox 316 1875 433 1953; x_wconf 91' lang='lat' dir='ltr'><strong>quando</strong></span> <span class='ocrx_word' id='word_1_135' title='bbox 456 1894 511 1935; x_wconf 90' lang='lat' dir='ltr'><strong>nos</strong></span> <span class='ocrx_word' id='word_1_136' title='bbox 533 1879 562 1936; x_wconf 94' lang='lat' dir='ltr'><strong>in</strong></span> <span class='ocrx_word' id='word_1_137' title='bbox 584 1876 688 1938; x_wconf 90' lang='lat' dir='ltr'><strong>eodem</strong></span> <span class='ocrx_word' id='word_1_138' title='bbox 709 1875 774 1934; x_wconf 91' lang='lat' dir='ltr'><strong>loco</strong></span> <span class='ocrx_word' id='word_1_139' title='bbox 799 1877 860 1953; x_wconf 92' lang='lat' dir='ltr'><strong>pati</strong></span> <span class='ocrx_word' id='word_1_140' title='bbox 883 1873 927 1935; x_wconf 90' lang='lat' dir='ltr'><strong>vel</strong></span> <span class='ocrx_word' id='word_1_141' title='bbox 950 1874 1047 1934; x_wconf 89' lang='lat' dir='ltr'><strong>iacere</strong></span> <span class='ocrx_word' id='word_1_142' title='bbox 1070 1870 1180 1953; x_wconf 90' lang='lat' dir='ltr'><strong>aliquid</strong></span> <span class='ocrx_word' id='word_1_143' title='bbox 1201 1873 1416 1949; x_wconf 81' lang='lat' dir='ltr'><strong>significamus,</strong></span> <span class='ocrx_word' id='word_1_144' title='bbox 1439 1873 1521 1935; x_wconf 86' lang='lat' dir='ltr'><strong>abla-</strong></span> 
     </span>
     <span class='ocr_line' id='line_1_17' title="bbox 189 1974 1519 2055; baseline -0.002 -17"><span class='ocrx_word' id='word_1_145' title='bbox 189 1998 214 2038; x_wconf 66' lang='grc' dir='ltr'><strong>ιι</strong></span> <span class='ocrx_word' id='word_1_146' title='bbox 226 1977 285 2036; x_wconf 88' lang='lat' dir='ltr'><strong>tivo</strong></span> <span class='ocrx_word' id='word_1_147' title='bbox 304 1979 385 2037; x_wconf 87' lang='lat' dir='ltr'><strong>casui</strong></span> <span class='ocrx_word' id='word_1_148' title='bbox 406 1978 645 2055; x_wconf 87' lang='lat' dir='ltr'><strong>respondeamus,</strong></span> <span class='ocrx_word' id='word_1_149' title='bbox 668 1985 786 2054; x_wconf 90' lang='lat' dir='ltr'><strong>utputa</strong></span> <span class='ocrx_word' id='word_1_150' title='bbox 808 1975 919 2036; x_wconf 79' lang='lat' dir='ltr'><strong>‘cecidi</strong></span> <span class='ocrx_word' id='word_1_151' title='bbox 934 1977 963 2035; x_wconf 92' lang='lat' dir='ltr'><strong>iu</strong></span> <span class='ocrx_word' id='word_1_152' title='bbox 979 1976 1073 2044; x_wconf 87' lang='lat' dir='ltr'><strong>loro’,</strong></span> <span class='ocrx_word' id='word_1_153' title='bbox 1096 1974 1244 2035; x_wconf 74' lang='lat' dir='ltr'><strong>‘ascendit</strong></span> <span class='ocrx_word' id='word_1_154' title='bbox 1261 1976 1361 2052; x_wconf 88' lang='lat' dir='ltr'><strong>paries</strong></span> <span class='ocrx_word' id='word_1_155' title='bbox 1377 1977 1408 2034; x_wconf 92' lang='lat' dir='ltr'><strong>in</strong></span> <span class='ocrx_word' id='word_1_156' title='bbox 1423 1975 1519 2045; x_wconf 83' lang='lat' dir='ltr'><strong>loro&#39;,</strong></span> 
     </span>
     <span class='ocr_line' id='line_1_18' title="bbox 224 2075 1519 2157; baseline 0.001 -19"><span class='ocrx_word' id='word_1_157' title='bbox 224 2076 398 2139; x_wconf 78' lang='lat' dir='ltr'><strong>‘deambulo</strong></span> <span class='ocrx_word' id='word_1_158' title='bbox 427 2080 457 2137; x_wconf 93' lang='lat' dir='ltr'><strong>in</strong></span> <span class='ocrx_word' id='word_1_159' title='bbox 479 2080 571 2138; x_wconf 83' lang='lat' dir='ltr'><strong>loro&#39;.</strong></span> <span class='ocrx_word' id='word_1_160' title='bbox 616 2081 659 2139; x_wconf 92' lang='lat' dir='ltr'><strong>sic</strong></span> <span class='ocrx_word' id='word_1_161' title='bbox 679 2087 708 2138; x_wconf 93' lang='lat' dir='ltr'><strong>et</strong></span> <span class='ocrx_word' id='word_1_162' title='bbox 729 2076 785 2137; x_wconf 91' lang='lat' dir='ltr'><strong>sub</strong></span> <span class='ocrx_word' id='word_1_163' title='bbox 806 2084 835 2136; x_wconf 90' lang='lat' dir='ltr'><strong>et</strong></span> <span class='ocrx_word' id='word_1_164' title='bbox 853 2095 942 2154; x_wconf 90' lang='lat' dir='ltr'><strong>super</strong></span> <span class='ocrx_word' id='word_1_165' title='bbox 965 2086 993 2136; x_wconf 88' lang='lat' dir='ltr'><strong>et</strong></span> <span class='ocrx_word' id='word_1_166' title='bbox 1013 2075 1116 2136; x_wconf 90' lang='lat' dir='ltr'><strong>subter</strong></span> <span class='ocrx_word' id='word_1_167' title='bbox 1142 2077 1378 2157; x_wconf 88' lang='lat' dir='ltr'><strong>praepositiones</strong></span> <span class='ocrx_word' id='word_1_168' title='bbox 1406 2079 1440 2137; x_wconf 93' lang='lat' dir='ltr'><strong>in</strong></span> <span class='ocrx_word' id='word_1_169' title='bbox 1463 2077 1519 2139; x_wconf 86' lang='lat' dir='ltr'><strong>boc</strong></span> 
     </span>
     <span class='ocr_line' id='line_1_19' title="bbox 225 2177 1518 2259; baseline -0.001 -19"><span class='ocrx_word' id='word_1_170' title='bbox 225 2187 253 2240; x_wconf 92' lang='lat' dir='ltr'><strong>et</strong></span> <span class='ocrx_word' id='word_1_171' title='bbox 281 2183 311 2239; x_wconf 92' lang='lat' dir='ltr'><strong>in</strong></span> <span class='ocrx_word' id='word_1_172' title='bbox 343 2179 407 2240; x_wconf 89' lang='lat' dir='ltr'><strong>aliis</strong></span> <span class='ocrx_word' id='word_1_173' title='bbox 440 2180 609 2242; x_wconf 89' lang='lat' dir='ltr'><strong>nominibus</strong></span> <span class='ocrx_word' id='word_1_174' title='bbox 637 2187 666 2240; x_wconf 89' lang='lat' dir='ltr'><strong>et</strong></span> <span class='ocrx_word' id='word_1_175' title='bbox 692 2178 919 2259; x_wconf 89' lang='lat' dir='ltr'><strong>pronominibus</strong></span> <span class='ocrx_word' id='word_1_176' title='bbox 947 2177 991 2239; x_wconf 92' lang='lat' dir='ltr'><strong>vel</strong></span> <span class='ocrx_word' id='word_1_177' title='bbox 1020 2178 1195 2254; x_wconf 87' lang='lat' dir='ltr'><strong>participiis,</strong></span> <span class='ocrx_word' id='word_1_178' title='bbox 1227 2178 1345 2257; x_wconf 87' lang='lat' dir='ltr'><strong>quando</strong></span> <span class='ocrx_word' id='word_1_179' title='bbox 1376 2177 1518 2248; x_wconf 88' lang='lat' dir='ltr'><strong>ablativis,</strong></span> 
     </span>
     <span class='ocr_line' id='line_1_20' title="bbox 225 2278 1518 2360; baseline 0.001 -19"><span class='ocrx_word' id='word_1_180' title='bbox 225 2281 344 2360; x_wconf 89' lang='lat' dir='ltr'><strong>quando</strong></span> <span class='ocrx_word' id='word_1_181' title='bbox 371 2283 544 2341; x_wconf 76' lang='lat' dir='ltr'><strong>accusativis</strong></span> <span class='ocrx_word' id='word_1_182' title='bbox 566 2280 683 2342; x_wconf 92' lang='lat' dir='ltr'><strong>casibus</strong></span> <span class='ocrx_word' id='word_1_183' title='bbox 709 2282 890 2360; x_wconf 88' lang='lat' dir='ltr'><strong>respondere</strong></span> <span class='ocrx_word' id='word_1_184' title='bbox 912 2278 1053 2349; x_wconf 88' lang='lat' dir='ltr'><strong>debeant,</strong></span> <span class='ocrx_word' id='word_1_185' title='bbox 1084 2299 1119 2340; x_wconf 86' lang='lat' dir='ltr'><strong>er</strong></span> <span class='ocrx_word' id='word_1_186' title='bbox 1142 2278 1333 2358; x_wconf 89' lang='lat' dir='ltr'><strong>supradicto</strong></span> <span class='ocrx_word' id='word_1_187' title='bbox 1356 2291 1518 2360; x_wconf 89' lang='lat' dir='ltr'><strong>praecepto</strong></span> 
     </span>
     <span class='ocr_line' id='line_1_21' title="bbox 225 2380 1517 2463; baseline 0.001 -22"><span class='ocrx_word' id='word_1_188' title='bbox 225 2382 457 2442; x_wconf 85' lang='lat' dir='ltr'><strong>considerandae</strong></span> <span class='ocrx_word' id='word_1_189' title='bbox 480 2391 557 2443; x_wconf 90' lang='lat' dir='ltr'><strong>sunt.</strong></span> <span class='ocrx_word' id='word_1_190' title='bbox 601 2384 671 2443; x_wconf 89' lang='lat' dir='ltr'><strong>item</strong></span> <span class='ocrx_word' id='word_1_191' title='bbox 695 2383 782 2443; x_wconf 92' lang='lat' dir='ltr'><strong>dein</strong></span> <span class='ocrx_word' id='word_1_192' title='bbox 806 2383 1025 2462; x_wconf 89' lang='lat' dir='ltr'><strong>praepositione</strong></span> <span class='ocrx_word' id='word_1_193' title='bbox 1048 2380 1104 2440; x_wconf 89' lang='lat' dir='ltr'><strong>boe</strong></span> <span class='ocrx_word' id='word_1_194' title='bbox 1127 2399 1298 2450; x_wconf 87' lang='lat' dir='ltr'><strong>monemus,</strong></span> <span class='ocrx_word' id='word_1_195' title='bbox 1328 2388 1375 2452; x_wconf 91' lang='lat' dir='ltr'><strong>nt,</strong></span> <span class='ocrx_word' id='word_1_196' title='bbox 1398 2383 1517 2463; x_wconf 86' lang='lat' dir='ltr'><strong>quando</strong></span> 
     </span>
     <span class='ocr_line' id='line_1_22' title="bbox 186 2468 1516 2563; baseline 0.002 -18"><span class='ocrx_word' id='word_1_197' title='bbox 186 2504 213 2546; x_wconf 83' lang='lat' dir='ltr'><strong>ao</strong></span> <span class='ocrx_word' id='word_1_198' title='bbox 226 2491 328 2544; x_wconf 87' lang='lat' dir='ltr'><strong>contra</strong></span> <span class='ocrx_word' id='word_1_199' title='bbox 351 2482 476 2563; x_wconf 87' lang='lat' dir='ltr'><strong>aliquem</strong></span> <span class='ocrx_word' id='word_1_200' title='bbox 492 2468 600 2561; x_wconf 88' lang='lat' dir='ltr'><strong>aliquid</strong></span> <span class='ocrx_word' id='word_1_201' title='bbox 623 2485 822 2560; x_wconf 80' lang='lat' dir='ltr'><strong>significamus</strong></span> <span class='ocrx_word' id='word_1_202' title='bbox 843 2491 873 2544; x_wconf 90' lang='lat' dir='ltr'><strong>et</strong></span> <span class='ocrx_word' id='word_1_203' title='bbox 893 2486 922 2543; x_wconf 90' lang='lat' dir='ltr'><strong>in</strong></span> <span class='ocrx_word' id='word_1_204' title='bbox 945 2484 1194 2561; x_wconf 86' lang='lat' dir='ltr'><strong>praepositionem</strong></span> <span class='ocrx_word' id='word_1_205' title='bbox 1216 2484 1405 2561; x_wconf 90' lang='lat' dir='ltr'><strong>opponimus,</strong></span> <span class='ocrx_word' id='word_1_206' title='bbox 1431 2503 1516 2546; x_wconf 85' lang='lat' dir='ltr'><strong>accu-</strong></span> 
     </span>
     <span class='ocr_line' id='line_1_23' title="bbox 224 2582 1515 2665; baseline 0 -20"><span class='ocrx_word' id='word_1_207' title='bbox 224 2587 315 2646; x_wconf 83' lang='lat' dir='ltr'><strong>sativo</strong></span> <span class='ocrx_word' id='word_1_208' title='bbox 338 2587 421 2645; x_wconf 89' lang='lat' dir='ltr'><strong>casui</strong></span> <span class='ocrx_word' id='word_1_209' title='bbox 438 2586 683 2664; x_wconf 88' lang='lat' dir='ltr'><strong>respondeamus,</strong></span> <span class='ocrx_word' id='word_1_210' title='bbox 706 2594 738 2646; x_wconf 90' lang='lat' dir='ltr'><strong>ut</strong></span> <span class='ocrx_word' id='word_1_211' title='bbox 760 2594 828 2665; x_wconf 87' lang='lat' dir='ltr'><strong>puta</strong></span> <span class='ocrx_word' id='word_1_212' title='bbox 852 2586 945 2645; x_wconf 76' lang='lat' dir='ltr'><strong>‘lanio</strong></span> <span class='ocrx_word' id='word_1_213' title='bbox 967 2582 1067 2645; x_wconf 91' lang='lat' dir='ltr'><strong>landes</strong></span> <span class='ocrx_word' id='word_1_214' title='bbox 1087 2585 1117 2642; x_wconf 94' lang='lat' dir='ltr'><strong>in</strong></span> <span class='ocrx_word' id='word_1_215' title='bbox 1140 2586 1278 2653; x_wconf 89' lang='lat' dir='ltr'><strong>amicos&#39;‚</strong></span> <span class='ocrx_word' id='word_1_216' title='bbox 1309 2584 1515 2663; x_wconf 79' lang='lat' dir='ltr'><strong>‘vituperatio-</strong></span> 
     </span>
     <span class='ocr_line' id='line_1_24' title="bbox 224 2685 1515 2757; baseline 0.001 -9"><span class='ocrx_word' id='word_1_217' title='bbox 224 2705 292 2748; x_wconf 88' lang='lat' dir='ltr'><strong>neur</strong></span> <span class='ocrx_word' id='word_1_218' title='bbox 314 2685 380 2745; x_wconf 91' lang='lat' dir='ltr'><strong>dico</strong></span> <span class='ocrx_word' id='word_1_219' title='bbox 402 2688 433 2746; x_wconf 94' lang='lat' dir='ltr'><strong>in</strong></span> <span class='ocrx_word' id='word_1_220' title='bbox 456 2688 619 2757; x_wconf 83' lang='lat' dir='ltr'><strong>inimicos&#39;,</strong></span> <span class='ocrx_word' id='word_1_221' title='bbox 650 2687 742 2747; x_wconf 79' lang='lat' dir='ltr'><strong>‘nihil</strong></span> <span class='ocrx_word' id='word_1_222' title='bbox 765 2688 825 2747; x_wconf 86' lang='lat' dir='ltr'><strong>dixi</strong></span> <span class='ocrx_word' id='word_1_223' title='bbox 851 2689 881 2747; x_wconf 94' lang='lat' dir='ltr'><strong>in</strong></span> <span class='ocrx_word' id='word_1_224' title='bbox 904 2691 982 2747; x_wconf 91' lang='lat' dir='ltr'><strong>vos’.</strong></span> <span class='ocrx_word' id='word_1_225' title='bbox 1027 2687 1118 2747; x_wconf 92' lang='lat' dir='ltr'><strong>sicet</strong></span> <span class='ocrx_word' id='word_1_226' title='bbox 1140 2687 1170 2745; x_wconf 93' lang='lat' dir='ltr'><strong>in</strong></span> <span class='ocrx_word' id='word_1_227' title='bbox 1193 2685 1257 2746; x_wconf 87' lang='lat' dir='ltr'><strong>aliis</strong></span> <span class='ocrx_word' id='word_1_228' title='bbox 1279 2685 1452 2748; x_wconf 89' lang='lat' dir='ltr'><strong>nominibus</strong></span> <span class='ocrx_word' id='word_1_229' title='bbox 1472 2685 1515 2749; x_wconf 85' lang='lat' dir='ltr'><strong>vel</strong></span> 
     </span>
     <span class='ocr_line' id='line_1_25' title="bbox 224 2786 1514 2868; baseline 0.002 -21"><span class='ocrx_word' id='word_1_230' title='bbox 224 2787 448 2867; x_wconf 90' lang='lat' dir='ltr'><strong>pronominibus</strong></span> <span class='ocrx_word' id='word_1_231' title='bbox 477 2797 506 2848; x_wconf 92' lang='lat' dir='ltr'><strong>et</strong></span> <span class='ocrx_word' id='word_1_232' title='bbox 530 2791 706 2868; x_wconf 88' lang='lat' dir='ltr'><strong>participiis,</strong></span> <span class='ocrx_word' id='word_1_233' title='bbox 740 2788 857 2868; x_wconf 90' lang='lat' dir='ltr'><strong>quando</strong></span> <span class='ocrx_word' id='word_1_234' title='bbox 890 2794 992 2848; x_wconf 88' lang='lat' dir='ltr'><strong>eontra</strong></span> <span class='ocrx_word' id='word_1_235' title='bbox 1025 2787 1138 2866; x_wconf 87' lang='lat' dir='ltr'><strong>aliquos</strong></span> <span class='ocrx_word' id='word_1_236' title='bbox 1166 2786 1314 2868; x_wconf 90' lang='lat' dir='ltr'><strong>aliquasve</strong></span> <span class='ocrx_word' id='word_1_237' title='bbox 1343 2786 1388 2850; x_wconf 86' lang='lat' dir='ltr'><strong>vel</strong></span> <span class='ocrx_word' id='word_1_238' title='bbox 1418 2787 1514 2868; x_wconf 87' lang='lat' dir='ltr'><strong>aliqua</strong></span> 
     </span>
     <span class='ocr_line' id='line_1_26' title="bbox 224 2888 1513 2969; baseline 0.001 -20"><span class='ocrx_word' id='word_1_239' title='bbox 224 2888 332 2968; x_wconf 86' lang='lat' dir='ltr'><strong>aliquid</strong></span> <span class='ocrx_word' id='word_1_240' title='bbox 354 2889 553 2968; x_wconf 80' lang='lat' dir='ltr'><strong>significamus</strong></span> <span class='ocrx_word' id='word_1_241' title='bbox 576 2893 656 2951; x_wconf 91' lang='lat' dir='ltr'><strong>etin</strong></span> <span class='ocrx_word' id='word_1_242' title='bbox 681 2893 929 2969; x_wconf 90' lang='lat' dir='ltr'><strong>praepositionem</strong></span> <span class='ocrx_word' id='word_1_243' title='bbox 953 2892 1146 2969; x_wconf 91' lang='lat' dir='ltr'><strong>opponimus,</strong></span> <span class='ocrx_word' id='word_1_244' title='bbox 1176 2890 1341 2950; x_wconf 78' lang='lat' dir='ltr'><strong>accusativo</strong></span> <span class='ocrx_word' id='word_1_245' title='bbox 1366 2891 1450 2952; x_wconf 89' lang='lat' dir='ltr'><strong>casui</strong></span> <span class='ocrx_word' id='word_1_246' title='bbox 1468 2908 1513 2950; x_wconf 90' lang='lat' dir='ltr'><strong>re·</strong></span> 
     </span>
     <span class='ocr_line' id='line_1_27' title="bbox 184 2988 1513 3074; baseline 0.002 -23"><span class='ocrx_word' id='word_1_247' title='bbox 184 3009 210 3051; x_wconf 80' lang='lat' dir='ltr'><strong>as</strong></span> <span class='ocrx_word' id='word_1_248' title='bbox 224 2990 431 3070; x_wconf 89' lang='lat' dir='ltr'><strong>spondeamus.</strong></span> <span class='ocrx_word' id='word_1_249' title='bbox 447 2988 461 3074; x_wconf 80' lang='grc' dir='ltr'><strong>ΙΙ</strong></span> <span class='ocrx_word' id='word_1_250' title='bbox 476 2993 545 3052; x_wconf 92' lang='lat' dir='ltr'><strong>item</strong></span> <span class='ocrx_word' id='word_1_251' title='bbox 566 2991 602 3053; x_wconf 92' lang='lat' dir='ltr'><strong>de</strong></span> <span class='ocrx_word' id='word_1_252' title='bbox 622 2994 651 3053; x_wconf 94' lang='lat' dir='ltr'><strong>in</strong></span> <span class='ocrx_word' id='word_1_253' title='bbox 668 2995 886 3070; x_wconf 89' lang='lat' dir='ltr'><strong>praepositione</strong></span> <span class='ocrx_word' id='word_1_254' title='bbox 901 2993 958 3053; x_wconf 91' lang='lat' dir='ltr'><strong>hoc</strong></span> <span class='ocrx_word' id='word_1_255' title='bbox 978 3010 1142 3059; x_wconf 90' lang='lat' dir='ltr'><strong>monemus,</strong></span> <span class='ocrx_word' id='word_1_256' title='bbox 1167 2990 1255 3069; x_wconf 85' lang='lat' dir='ltr'><strong>quod,</strong></span> <span class='ocrx_word' id='word_1_257' title='bbox 1271 2990 1390 3070; x_wconf 86' lang='lat' dir='ltr'><strong>quando</strong></span> <span class='ocrx_word' id='word_1_258' title='bbox 1405 2991 1513 3072; x_wconf 88' lang='lat' dir='ltr'><strong>aliquid</strong></span> 
     </span>
     <span class='ocr_line' id='line_1_28' title="bbox 223 3093 1511 3173; baseline 0.001 -21"><span class='ocrx_word' id='word_1_259' title='bbox 223 3095 340 3170; x_wconf 89' lang='lat' dir='ltr'><strong>penitus</strong></span> <span class='ocrx_word' id='word_1_260' title='bbox 360 3093 485 3153; x_wconf 87' lang='lat' dir='ltr'><strong>ellieitnr</strong></span> <span class='ocrx_word' id='word_1_261' title='bbox 508 3103 536 3154; x_wconf 89' lang='lat' dir='ltr'><strong>et</strong></span> <span class='ocrx_word' id='word_1_262' title='bbox 550 3095 581 3153; x_wconf 93' lang='lat' dir='ltr'><strong>iu</strong></span> <span class='ocrx_word' id='word_1_263' title='bbox 597 3096 775 3172; x_wconf 88' lang='lat' dir='ltr'><strong>praepositio</strong></span> <span class='ocrx_word' id='word_1_264' title='bbox 797 3096 964 3173; x_wconf 89' lang='lat' dir='ltr'><strong>opponitur,</strong></span> <span class='ocrx_word' id='word_1_265' title='bbox 988 3094 1154 3154; x_wconf 87' lang='lat' dir='ltr'><strong>accusativo</strong></span> <span class='ocrx_word' id='word_1_266' title='bbox 1170 3094 1251 3153; x_wconf 89' lang='lat' dir='ltr'><strong>casui</strong></span> <span class='ocrx_word' id='word_1_267' title='bbox 1269 3094 1511 3172; x_wconf 87' lang='lat' dir='ltr'><strong>respondeamus,</strong></span> 
     </span>
     <span class='ocr_line' id='line_1_29' title="bbox 224 3194 1513 3274; baseline 0.002 -20"><span class='ocrx_word' id='word_1_268' title='bbox 224 3201 256 3253; x_wconf 89' lang='lat' dir='ltr'><strong>ut</strong></span> <span class='ocrx_word' id='word_1_269' title='bbox 277 3204 347 3274; x_wconf 94' lang='lat' dir='ltr'><strong>puta</strong></span> <span class='ocrx_word' id='word_1_270' title='bbox 371 3195 447 3270; x_wconf 77' lang='lat' dir='ltr'><strong>‘figo</strong></span> <span class='ocrx_word' id='word_1_271' title='bbox 468 3197 498 3255; x_wconf 91' lang='lat' dir='ltr'><strong>in</strong></span> <span class='ocrx_word' id='word_1_272' title='bbox 513 3198 655 3274; x_wconf 89' lang='lat' dir='ltr'><strong>parietem</strong></span> <span class='ocrx_word' id='word_1_273' title='bbox 664 3200 683 3265; x_wconf 87' lang='lat'><strong>’,</strong></span> <span class='ocrx_word' id='word_1_274' title='bbox 707 3196 763 3256; x_wconf 90' lang='lat' dir='ltr'><strong>boc</strong></span> <span class='ocrx_word' id='word_1_275' title='bbox 782 3204 825 3256; x_wconf 91' lang='lat' dir='ltr'><strong>est</strong></span> <span class='ocrx_word' id='word_1_276' title='bbox 847 3195 963 3274; x_wconf 84' lang='lat' dir='ltr'><strong>longius</strong></span> <span class='ocrx_word' id='word_1_277' title='bbox 983 3194 1027 3256; x_wconf 91' lang='lat' dir='ltr'><strong>vel</strong></span> <span class='ocrx_word' id='word_1_278' title='bbox 1042 3196 1234 3263; x_wconf 89' lang='lat' dir='ltr'><strong>intrinsecus;</strong></span> <span class='ocrx_word' id='word_1_279' title='bbox 1258 3201 1288 3255; x_wconf 92' lang='lat' dir='ltr'><strong>at</strong></span> <span class='ocrx_word' id='word_1_280' title='bbox 1310 3213 1380 3256; x_wconf 91' lang='lat' dir='ltr'><strong>vero</strong></span> <span class='ocrx_word' id='word_1_281' title='bbox 1396 3196 1513 3273; x_wconf 82' lang='lat' dir='ltr'><strong>qnando</strong></span> 
     </span>
     <span class='ocr_line' id='line_1_30' title="bbox 222 3294 1513 3377; baseline 0.004 -24"><span class='ocrx_word' id='word_1_282' title='bbox 222 3294 332 3376; x_wconf 88' lang='lat' dir='ltr'><strong>aliquid</strong></span> <span class='ocrx_word' id='word_1_283' title='bbox 360 3295 462 3357; x_wconf 86' lang='lat' dir='ltr'><strong>leviter</strong></span> <span class='ocrx_word' id='word_1_284' title='bbox 484 3297 529 3358; x_wconf 90' lang='lat' dir='ltr'><strong>vel</strong></span> <span class='ocrx_word' id='word_1_285' title='bbox 548 3299 644 3360; x_wconf 91' lang='lat' dir='ltr'><strong>medie</strong></span> <span class='ocrx_word' id='word_1_286' title='bbox 673 3300 802 3375; x_wconf 82' lang='lat' dir='ltr'><strong>geritur,</strong></span> <span class='ocrx_word' id='word_1_287' title='bbox 831 3297 955 3359; x_wconf 89' lang='lat' dir='ltr'><strong>ablativo</strong></span> <span class='ocrx_word' id='word_1_288' title='bbox 983 3298 1064 3356; x_wconf 91' lang='lat' dir='ltr'><strong>casui</strong></span> <span class='ocrx_word' id='word_1_289' title='bbox 1093 3295 1353 3375; x_wconf 88' lang='lat' dir='ltr'><strong>respondebimus,</strong></span> <span class='ocrx_word' id='word_1_290' title='bbox 1383 3306 1419 3359; x_wconf 91' lang='lat' dir='ltr'><strong>ut</strong></span> <span class='ocrx_word' id='word_1_291' title='bbox 1444 3306 1513 3377; x_wconf 90' lang='lat' dir='ltr'><strong>puta</strong></span> 
     </span>
     <span class='ocr_line' id='line_1_31' title="bbox 221 3397 1513 3479; baseline 0.002 -21"><span class='ocrx_word' id='word_1_292' title='bbox 221 3397 357 3476; x_wconf 77' lang='lat' dir='ltr'><strong>‘plagam</strong></span> <span class='ocrx_word' id='word_1_293' title='bbox 378 3400 409 3458; x_wconf 92' lang='lat' dir='ltr'><strong>in</strong></span> <span class='ocrx_word' id='word_1_294' title='bbox 431 3407 552 3478; x_wconf 85' lang='lat' dir='ltr'><strong>pectore</strong></span> <span class='ocrx_word' id='word_1_295' title='bbox 574 3406 746 3479; x_wconf 89' lang='lat' dir='ltr'><strong>acceperat’</strong></span> <span class='ocrx_word' id='word_1_296' title='bbox 771 3403 871 3479; x_wconf 91' lang='lat' dir='ltr'><strong>utique</strong></span> <span class='ocrx_word' id='word_1_297' title='bbox 895 3418 961 3460; x_wconf 94' lang='lat' dir='ltr'><strong>eum</strong></span> <span class='ocrx_word' id='word_1_298' title='bbox 984 3397 1137 3475; x_wconf 82' lang='lat' dir='ltr'><strong>signifieat,</strong></span> <span class='ocrx_word' id='word_1_299' title='bbox 1160 3400 1210 3478; x_wconf 91' lang='lat' dir='ltr'><strong>qni</strong></span> <span class='ocrx_word' id='word_1_300' title='bbox 1234 3398 1332 3459; x_wconf 92' lang='lat' dir='ltr'><strong>adbuc</strong></span> <span class='ocrx_word' id='word_1_301' title='bbox 1356 3399 1434 3459; x_wconf 90' lang='lat' dir='ltr'><strong>vivit.</strong></span> <span class='ocrx_word' id='word_1_302' title='bbox 1477 3399 1513 3460; x_wconf 92' lang='lat' dir='ltr'><strong>de</strong></span> 
     </span>
     <span class='ocr_line' id='line_1_32' title="bbox 183 3499 1427 3580; baseline 0.003 -23"><span class='ocrx_word' id='word_1_303' title='bbox 183 3517 209 3557; x_wconf 86' lang='lat' dir='ltr'><strong>so</strong></span> <span class='ocrx_word' id='word_1_304' title='bbox 222 3500 488 3578; x_wconf 88' lang='lat' dir='ltr'><strong>praepositionibus</strong></span> <span class='ocrx_word' id='word_1_305' title='bbox 508 3503 661 3580; x_wconf 87' lang='lat' dir='ltr'><strong>utriusque</strong></span> <span class='ocrx_word' id='word_1_306' title='bbox 684 3521 778 3573; x_wconf 89' lang='lat' dir='ltr'><strong>casus,</strong></span> <span class='ocrx_word' id='word_1_307' title='bbox 802 3510 942 3580; x_wconf 90' lang='lat' dir='ltr'><strong>qnantum</strong></span> <span class='ocrx_word' id='word_1_308' title='bbox 966 3502 1041 3560; x_wconf 90' lang='lat' dir='ltr'><strong>ratio</strong></span> <span class='ocrx_word' id='word_1_309' title='bbox 1059 3499 1208 3577; x_wconf 88' lang='lat' dir='ltr'><strong>poscebat,</strong></span> <span class='ocrx_word' id='word_1_310' title='bbox 1228 3501 1427 3561; x_wconf 82' lang='lat' dir='ltr'><strong>tractavimus</strong></span> 
     </span>
     <span class='ocr_line' id='line_1_33' title="bbox 305 3600 1515 3682; baseline 0.002 -20"><span class='ocrx_word' id='word_1_311' title='bbox 305 3602 542 3681; x_wconf 87' lang='lat' dir='ltr'><strong>Praepositiones</strong></span> <span class='ocrx_word' id='word_1_312' title='bbox 564 3621 688 3663; x_wconf 88' lang='lat' dir='ltr'><strong>nurnero</strong></span> <span class='ocrx_word' id='word_1_313' title='bbox 712 3603 760 3672; x_wconf 84' lang='lat' dir='ltr'><strong>Vl,</strong></span> <span class='ocrx_word' id='word_1_314' title='bbox 783 3622 858 3680; x_wconf 85' lang='lat' dir='ltr'><strong>quae</strong></span> <span class='ocrx_word' id='word_1_315' title='bbox 876 3602 1010 3682; x_wconf 86' lang='lat' dir='ltr'><strong>loquellis</strong></span> <span class='ocrx_word' id='word_1_316' title='bbox 1028 3600 1155 3662; x_wconf 89' lang='lat' dir='ltr'><strong>tributae</strong></span> <span class='ocrx_word' id='word_1_317' title='bbox 1177 3609 1259 3662; x_wconf 86' lang='lat' dir='ltr'><strong>sunt:</strong></span> <span class='ocrx_word' id='word_1_318' title='bbox 1287 3619 1343 3662; x_wconf 92' lang='lat' dir='ltr'><strong>con</strong></span> <span class='ocrx_word' id='word_1_319' title='bbox 1365 3601 1396 3663; x_wconf 90' lang='lat' dir='ltr'><strong>di</strong></span> <span class='ocrx_word' id='word_1_320' title='bbox 1417 3603 1463 3665; x_wconf 87' lang='lat' dir='ltr'><strong>dis</strong></span> <span class='ocrx_word' id='word_1_321' title='bbox 1482 3623 1515 3665; x_wconf 91' lang='lat' dir='ltr'><strong>re</strong></span> 
     </span>
     <span class='ocr_line' id='line_1_34' title="bbox 220 3701 1515 3782; baseline 0.004 -20"><span class='ocrx_word' id='word_1_322' title='bbox 220 3720 253 3763; x_wconf 91' lang='lat' dir='ltr'><strong>se</strong></span> <span class='ocrx_word' id='word_1_323' title='bbox 275 3721 338 3770; x_wconf 91' lang='lat' dir='ltr'><strong>am,</strong></span> <span class='ocrx_word' id='word_1_324' title='bbox 370 3711 492 3781; x_wconf 91' lang='lat' dir='ltr'><strong>utputa</strong></span> <span class='ocrx_word' id='word_1_325' title='bbox 521 3704 697 3782; x_wconf 79' lang='lat' dir='ltr'><strong>congredior</strong></span> <span class='ocrx_word' id='word_1_326' title='bbox 724 3704 768 3764; x_wconf 87' lang='lat' dir='ltr'><strong>vel</strong></span> <span class='ocrx_word' id='word_1_327' title='bbox 797 3705 979 3772; x_wconf 75' lang='lat' dir='ltr'><strong>solidamus,</strong></span> <span class='ocrx_word' id='word_1_328' title='bbox 1008 3703 1115 3764; x_wconf 86' lang='lat' dir='ltr'><strong>diduco</strong></span> <span class='ocrx_word' id='word_1_329' title='bbox 1139 3701 1183 3763; x_wconf 90' lang='lat' dir='ltr'><strong>vel</strong></span> <span class='ocrx_word' id='word_1_330' title='bbox 1204 3702 1351 3773; x_wconf 87' lang='lat' dir='ltr'><strong>dividens,</strong></span> <span class='ocrx_word' id='word_1_331' title='bbox 1381 3704 1515 3767; x_wconf 89' lang='lat' dir='ltr'><strong>distraho</strong></span> 
     </span>
     <span class='ocr_line' id='line_1_35' title="bbox 221 3801 1514 3884; baseline 0.007 -24"><span class='ocrx_word' id='word_1_332' title='bbox 221 3801 265 3863; x_wconf 91' lang='lat' dir='ltr'><strong>vel</strong></span> <span class='ocrx_word' id='word_1_333' title='bbox 288 3804 450 3871; x_wconf 90' lang='lat' dir='ltr'><strong>discedens,</strong></span> <span class='ocrx_word' id='word_1_334' title='bbox 471 3805 569 3865; x_wconf 81' lang='lat' dir='ltr'><strong>resero</strong></span> <span class='ocrx_word' id='word_1_335' title='bbox 591 3804 634 3865; x_wconf 89' lang='lat' dir='ltr'><strong>vel</strong></span> <span class='ocrx_word' id='word_1_336' title='bbox 657 3806 810 3873; x_wconf 87' lang='lat' dir='ltr'><strong>reducens,</strong></span> <span class='ocrx_word' id='word_1_337' title='bbox 833 3806 939 3867; x_wconf 91' lang='lat' dir='ltr'><strong>secedo</strong></span> <span class='ocrx_word' id='word_1_338' title='bbox 960 3804 1004 3865; x_wconf 91' lang='lat' dir='ltr'><strong>vel</strong></span> <span class='ocrx_word' id='word_1_339' title='bbox 1026 3822 1177 3884; x_wconf 87' lang='lat' dir='ltr'><strong>separans,</strong></span> <span class='ocrx_word' id='word_1_340' title='bbox 1199 3803 1317 3864; x_wconf 90' lang='lat' dir='ltr'><strong>ambulo</strong></span> <span class='ocrx_word' id='word_1_341' title='bbox 1342 3803 1386 3866; x_wconf 93' lang='lat' dir='ltr'><strong>vel</strong></span> <span class='ocrx_word' id='word_1_342' title='bbox 1408 3804 1514 3869; x_wconf 88' lang='lat' dir='ltr'><strong>ambu-</strong></span> 
     </span>
     <span class='ocr_line' id='line_1_36' title="bbox 219 3901 1516 3985; baseline 0.007 -24"><span class='ocrx_word' id='word_1_343' title='bbox 219 3901 293 3963; x_wconf 88' lang='lat' dir='ltr'><strong>lans.</strong></span> <span class='ocrx_word' id='word_1_344' title='bbox 338 3905 381 3963; x_wconf 86' lang='lat' dir='ltr'><strong>sic</strong></span> <span class='ocrx_word' id='word_1_345' title='bbox 407 3911 436 3966; x_wconf 91' lang='lat' dir='ltr'><strong>et</strong></span> <span class='ocrx_word' id='word_1_346' title='bbox 461 3903 525 3964; x_wconf 91' lang='lat' dir='ltr'><strong>aliis</strong></span> <span class='ocrx_word' id='word_1_347' title='bbox 551 3905 685 3982; x_wconf 91' lang='lat' dir='ltr'><strong>partibus</strong></span> <span class='ocrx_word' id='word_1_348' title='bbox 708 3907 848 3967; x_wconf 89' lang='lat' dir='ltr'><strong>orationis</strong></span> <span class='ocrx_word' id='word_1_349' title='bbox 877 3905 933 3966; x_wconf 91' lang='lat' dir='ltr'><strong>bae</strong></span> <span class='ocrx_word' id='word_1_350' title='bbox 961 3924 1049 3983; x_wconf 90' lang='lat' dir='ltr'><strong>snpra</strong></span> <span class='ocrx_word' id='word_1_351' title='bbox 1073 3907 1167 3968; x_wconf 90' lang='lat' dir='ltr'><strong>dictae</strong></span> <span class='ocrx_word' id='word_1_352' title='bbox 1195 3925 1247 3967; x_wconf 85' lang='lat' dir='ltr'><strong>sex</strong></span> <span class='ocrx_word' id='word_1_353' title='bbox 1277 3909 1516 3985; x_wconf 87' lang='lat' dir='ltr'><strong>praepositiones</strong></span> 
     </span>
     <span class='ocr_line' id='line_1_37' title="bbox 182 4006 588 4083; baseline 0.017 -24"><span class='ocrx_word' id='word_1_354' title='bbox 182 4017 208 4059; x_wconf 81' lang='lat' dir='ltr'><strong>es</strong></span> <span class='ocrx_word' id='word_1_355' title='bbox 221 4006 411 4083; x_wconf 87' lang='lat' dir='ltr'><strong>reperiuntur</strong></span> <span class='ocrx_word' id='word_1_356' title='bbox 430 4006 588 4066; x_wconf 87' lang='lat' dir='ltr'><strong>deservire.</strong></span> 
     </span>
     <span class='ocr_line' id='line_1_38' title="bbox 306 4106 1517 4187; baseline 0.008 -21"><span class='ocrx_word' id='word_1_357' title='bbox 306 4106 382 4166; x_wconf 88' lang='lat' dir='ltr'><strong>Sane</strong></span> <span class='ocrx_word' id='word_1_358' title='bbox 402 4114 470 4167; x_wconf 89' lang='lat' dir='ltr'><strong>sunt</strong></span> <span class='ocrx_word' id='word_1_359' title='bbox 491 4109 737 4186; x_wconf 87' lang='lat' dir='ltr'><strong>praepositiones,</strong></span> <span class='ocrx_word' id='word_1_360' title='bbox 767 4127 843 4187; x_wconf 90' lang='lat' dir='ltr'><strong>quae</strong></span> <span class='ocrx_word' id='word_1_361' title='bbox 863 4118 891 4170; x_wconf 91' lang='lat' dir='ltr'><strong>et</strong></span> <span class='ocrx_word' id='word_1_362' title='bbox 914 4109 1036 4170; x_wconf 90' lang='lat' dir='ltr'><strong>aliarum</strong></span> <span class='ocrx_word' id='word_1_363' title='bbox 1061 4110 1189 4187; x_wconf 90' lang='lat' dir='ltr'><strong>partium</strong></span> <span class='ocrx_word' id='word_1_364' title='bbox 1216 4110 1358 4171; x_wconf 89' lang='lat' dir='ltr'><strong>orationis</strong></span> <span class='ocrx_word' id='word_1_365' title='bbox 1386 4110 1517 4176; x_wconf 85' lang='lat' dir='ltr'><strong>habeant</strong></span> 
     </span>
     <span class='ocr_line' id='line_1_39' title="bbox 115 4204 1516 4290; baseline 0.008 -25"><span class='ocrx_word' id='word_1_366' title='bbox 115 4276 117 4281; x_wconf 90' lang='lat'><em>.</em></span> <span class='ocrx_word' id='word_1_367' title='bbox 220 4204 471 4290; x_wconf 78' lang='lat' dir='ltr'><strong>signililcationes;</strong></span> <span class='ocrx_word' id='word_1_368' title='bbox 492 4216 521 4271; x_wconf 91' lang='lat' dir='ltr'><strong>et</strong></span> <span class='ocrx_word' id='word_1_369' title='bbox 542 4208 610 4270; x_wconf 89' lang='lat' dir='ltr'><strong>ideo</strong></span> <span class='ocrx_word' id='word_1_370' title='bbox 632 4210 749 4271; x_wconf 87' lang='lat' dir='ltr'><strong>easdem</strong></span> <span class='ocrx_word' id='word_1_371' title='bbox 773 4219 803 4271; x_wconf 90' lang='lat' dir='ltr'><strong>et</strong></span> <span class='ocrx_word' id='word_1_372' title='bbox 824 4210 983 4271; x_wconf 90' lang='lat' dir='ltr'><strong>earundem</strong></span> <span class='ocrx_word' id='word_1_373' title='bbox 1006 4212 1233 4288; x_wconf 82' lang='lat' dir='ltr'><strong>significationes</strong></span> <span class='ocrx_word' id='word_1_374' title='bbox 1255 4211 1434 4282; x_wconf 90' lang='lat' dir='ltr'><strong>subicimus,</strong></span> <span class='ocrx_word' id='word_1_375' title='bbox 1457 4214 1516 4276; x_wconf 91' lang='lat' dir='ltr'><strong>boe</strong></span> 
     </span>
     <span class='ocr_line' id='line_1_40' title="bbox 220 4310 1516 4395; baseline 0.007 -25"><span class='ocrx_word' id='word_1_376' title='bbox 220 4318 265 4370; x_wconf 90' lang='lat' dir='ltr'><strong>est</strong></span> <span class='ocrx_word' id='word_1_377' title='bbox 297 4317 331 4371; x_wconf 88' lang='lat' dir='ltr'><strong>ut</strong></span> <span class='ocrx_word' id='word_1_378' title='bbox 352 4310 541 4388; x_wconf 77' lang='lat' dir='ltr'><strong>dinoscantur</strong></span> <span class='ocrx_word' id='word_1_379' title='bbox 570 4311 688 4391; x_wconf 90' lang='lat' dir='ltr'><strong>quaudo</strong></span> <span class='ocrx_word' id='word_1_380' title='bbox 708 4315 765 4372; x_wconf 90' lang='lat' dir='ltr'><strong>sint</strong></span> <span class='ocrx_word' id='word_1_381' title='bbox 786 4315 1020 4391; x_wconf 89' lang='lat' dir='ltr'><strong>praepositiones</strong></span> <span class='ocrx_word' id='word_1_382' title='bbox 1042 4321 1071 4374; x_wconf 91' lang='lat' dir='ltr'><strong>et</strong></span> <span class='ocrx_word' id='word_1_383' title='bbox 1093 4313 1211 4393; x_wconf 89' lang='lat' dir='ltr'><strong>quando</strong></span> <span class='ocrx_word' id='word_1_384' title='bbox 1235 4310 1360 4374; x_wconf 90' lang='lat' dir='ltr'><strong>aliarum</strong></span> <span class='ocrx_word' id='word_1_385' title='bbox 1383 4318 1516 4395; x_wconf 89' lang='lat' dir='ltr'><strong>partium</strong></span> 
     </span>
    </p>
   </div>
   <div class='ocr_carea' id='block_1_4' title="bbox 273 4514 1483 4584">
    <p class='ocr_par' dir='ltr' id='par_1_4' title="bbox 273 4514 1483 4584">
     <span class='ocr_line' id='line_1_41' title="bbox 273 4514 1483 4584; baseline 0.005 -18"><span class='ocrx_word' id='word_1_386' title='bbox 273 4515 306 4566; x_wconf 88' lang='lat'><strong>10</strong></span> <span class='ocrx_word' id='word_1_387' title='bbox 324 4514 490 4566; x_wconf 88' lang='lat' dir='ltr'><strong>dinoscuntur</strong></span> <span class='ocrx_word' id='word_1_388' title='bbox 507 4531 585 4581; x_wconf 89' lang='lat' dir='ltr'><strong>supra</strong></span> <span class='ocrx_word' id='word_1_389' title='bbox 602 4517 685 4567; x_wconf 86' lang='lat' dir='ltr'><strong>dietae</strong></span> <span class='ocrx_word' id='word_1_390' title='bbox 700 4517 723 4567; x_wconf 82' lang='lat' dir='ltr'><strong>li</strong></span> <span class='ocrx_word' id='word_1_391' title='bbox 741 4519 904 4568; x_wconf 86' lang='lat' dir='ltr'><strong>dinoscantur</strong></span> <span class='ocrx_word' id='word_1_392' title='bbox 921 4518 1065 4584; x_wconf 87' lang='lat' dir='ltr'><strong>praedictae</strong></span> <span class='ocrx_word' id='word_1_393' title='bbox 1078 4518 1103 4567; x_wconf 92' lang='lat' dir='ltr'><em>B</em></span> <span class='ocrx_word' id='word_1_394' title='bbox 1158 4515 1190 4568; x_wconf 84' lang='lat'><strong>13</strong></span> <span class='ocrx_word' id='word_1_395' title='bbox 1207 4517 1299 4567; x_wconf 79' lang='lat' dir='ltr'><strong>secedo</strong></span> <span class='ocrx_word' id='word_1_396' title='bbox 1315 4516 1339 4568; x_wconf 81' lang='lat' dir='ltr'><strong>n</strong></span> <span class='ocrx_word' id='word_1_397' title='bbox 1357 4520 1442 4570; x_wconf 89' lang='lat' dir='ltr'><strong>cecidi</strong></span> <span class='ocrx_word' id='word_1_398' title='bbox 1454 4520 1483 4572; x_wconf 85' lang='lat' dir='ltr'><em>B</em></span> 
     </span>
    </p>
   </div>
   <div class='ocr_carea' id='block_1_5' title="bbox 218 4587 1517 4892">
    <p class='ocr_par' dir='ltr' id='par_1_5' title="bbox 218 4587 1517 4892">
     <span class='ocr_line' id='line_1_42' title="bbox 221 4587 1517 4736; baseline 0.007 -67"><span class='ocrx_word' id='word_1_399' title='bbox 221 4618 254 4698; x_wconf 28' lang='lat'><strong>1¹4</strong></span> <span class='ocrx_word' id='word_1_400' title='bbox 272 4619 325 4736; x_wconf 67' lang='lat' dir='ltr'><strong>ppei</strong></span> <span class='ocrx_word' id='word_1_401' title='bbox 344 4618 386 4669; x_wconf 91' lang='lat' dir='ltr'><strong>uel</strong></span> <span class='ocrx_word' id='word_1_402' title='bbox 404 4618 488 4669; x_wconf 86' lang='lat' dir='ltr'><strong>lacere</strong></span> <span class='ocrx_word' id='word_1_403' title='bbox 501 4621 603 4701; x_wconf 39' lang='lat' dir='ltr'><strong>&#39;aliquid</strong></span> <span class='ocrx_word' id='word_1_404' title='bbox 621 4636 636 4669; x_wconf 88' lang='lat' dir='ltr'><strong>r</strong></span> <span class='ocrx_word' id='word_1_405' title='bbox 654 4587 808 4713; x_wconf 33' lang='lat' dir='ltr'><strong>patillneere</strong></span> <span class='ocrx_word' id='word_1_406' title='bbox 827 4623 868 4672; x_wconf 92' lang='lat' dir='ltr'><strong>uel</strong></span> <span class='ocrx_word' id='word_1_407' title='bbox 888 4623 985 4704; x_wconf 85' lang='lat' dir='ltr'><strong>aliquid</strong></span> <span class='ocrx_word' id='word_1_408' title='bbox 1002 4623 1024 4672; x_wconf 82' lang='lat' dir='ltr'><em>R</em></span> <span class='ocrx_word' id='word_1_409' title='bbox 1044 4623 1097 4688; x_wconf 90' lang='lat' dir='ltr'><strong>pati</strong></span> <span class='ocrx_word' id='word_1_410' title='bbox 1115 4622 1201 4672; x_wconf 87' lang='lat' dir='ltr'><strong>lucere</strong></span> <span class='ocrx_word' id='word_1_411' title='bbox 1218 4620 1260 4671; x_wconf 92' lang='lat' dir='ltr'><strong>uel</strong></span> <span class='ocrx_word' id='word_1_412' title='bbox 1277 4621 1377 4684; x_wconf 88' lang='lat' dir='ltr'><strong>aliquid</strong></span> <span class='ocrx_word' id='word_1_413' title='bbox 1395 4623 1422 4674; x_wconf 86' lang='lat' dir='ltr'><em>B</em></span> <span class='ocrx_word' id='word_1_414' title='bbox 1480 4627 1517 4678; x_wconf 75' lang='lat' dir='ltr'><strong>at</strong></span> 
     </span>
     <span class='ocr_line' id='line_1_43' title="bbox 218 4689 1517 4877; baseline 0.007 -68"><span class='ocrx_word' id='word_1_415' title='bbox 218 4702 394 4877; x_wconf 44' lang='grc' dir='ltr'><strong>Ιίζῖἳζῇᾅὲἶέθ</strong></span> <span class='ocrx_word' id='word_1_416' title='bbox 410 4705 439 4740; x_wconf 51' lang='lat' dir='ltr'><em>w</em></span> <span class='ocrx_word' id='word_1_417' title='bbox 459 4689 637 4811; x_wconf 63' lang='lat' dir='ltr'><strong>‘titula</strong></span> <span class='ocrx_word' id='word_1_418' title='bbox 654 4690 1266 4813; x_wconf 50' lang='lat' dir='ltr'><strong>„ri“rili&#39;&#39;ttltttttrtffi&#39;</strong></span> <span class='ocrx_word' id='word_1_419' title='bbox 1289 4693 1517 4826; x_wconf 58' lang='lat' dir='ltr'><strong>‘titillabat</strong></span> 
     </span>
     <span class='ocr_line' id='line_1_44' title="bbox 228 4842 332 4892; baseline 0.01 -15"><span class='ocrx_word' id='word_1_420' title='bbox 228 4842 288 4892; x_wconf 87' lang='lat' dir='ltr'><strong>oqur</strong></span> <span class='ocrx_word' id='word_1_421' title='bbox 310 4843 332 4878; x_wconf 88' lang='lat' dir='ltr'><strong>rs</strong></span> 
     </span>
    </p>
   </div>
   <div class='ocr_carea' id='block_1_6' title="bbox 0 0 1662 5506">
    <p class='ocr_par' dir='ltr' id='par_1_6' title="bbox 0 0 1662 5506">
     <span class='ocr_line' id='line_1_45' title="bbox 0 0 1662 5506; baseline 0 2"><span class='ocrx_word' id='word_1_422' title='bbox 0 0 1662 5506; x_wconf 95' lang='lat' dir='ltr'><strong> </strong></span> 
     </span>
    </p>
   </div>
  </div>
 </body>
</html>
