<?xml version="1.0" encoding="UTF-8"?>
<!DOCTYPE html PUBLIC "-//W3C//DTD XHTML 1.0 Transitional//EN"
    "http://www.w3.org/TR/xhtml1/DTD/xhtml1-transitional.dtd">
<html xmlns="http://www.w3.org/1999/xhtml" xml:lang="en" lang="en">
 <head>
  <title>
</title>
<meta http-equiv="Content-Type" content="text/html;charset=utf-8" />
  <meta name='ocr-system' content='tesseract 3.04.00' />
  <meta name='ocr-capabilities' content='ocr_page ocr_carea ocr_par ocr_line ocrx_word'/>
</head>
<body>
  <div class='ocr_page' id='page_1' title='image "./grammaticilatin05keilgoog/grammaticilatin05keilgoog_0515.png"; bbox 0 0 3314 5506; ppageno 0'>
   <div class='ocr_carea' id='block_1_1' title="bbox 226 371 1471 534">
    <p class='ocr_par' dir='ltr' id='par_1_1' title="bbox 226 371 1471 534">
     <span class='ocr_line' id='line_1_1' title="bbox 226 371 929 441; baseline -0.009 -3"><span class='ocrx_word' id='word_1_1' title='bbox 226 379 287 441; x_wconf 81' lang='lat'><strong>450</strong></span> <span class='ocrx_word' id='word_1_2' title='bbox 809 371 929 434; x_wconf 79' lang='lat' dir='ltr'><strong>Slilll&#39;ll</strong></span> 
     </span>
     <span class='ocr_line' id='line_1_2' title="bbox 275 479 1471 534; baseline 0 -13"><span class='ocrx_word' id='word_1_3' title='bbox 275 494 297 534; x_wconf 64' lang='grc' dir='ltr'><strong>μ.</strong></span> <span class='ocrx_word' id='word_1_4' title='bbox 312 480 369 521; x_wconf 84' lang='lat' dir='ltr'><strong>ism.</strong></span> <span class='ocrx_word' id='word_1_5' title='bbox 385 481 407 520; x_wconf 91' lang='lat' dir='ltr'><strong>n</strong></span> <span class='ocrx_word' id='word_1_6' title='bbox 422 479 446 520; x_wconf 84' lang='lat' dir='ltr'><strong>r.</strong></span> <span class='ocrx_word' id='word_1_7' title='bbox 1294 492 1316 533; x_wconf 72' lang='lat' dir='ltr'><strong>p.</strong></span> <span class='ocrx_word' id='word_1_8' title='bbox 1330 480 1418 523; x_wconf 80' lang='lat' dir='ltr'><strong>sei-ss</strong></span> <span class='ocrx_word' id='word_1_9' title='bbox 1429 479 1471 521; x_wconf 83' lang='lat' dir='ltr'><strong>r-</strong></span> 
     </span>
    </p>
   </div>
   <div class='ocr_carea' id='block_1_2' title="bbox 103 547 1587 3586">
    <p class='ocr_par' dir='ltr' id='par_1_2' title="bbox 103 547 1587 3586">
     <span class='ocr_line' id='line_1_3' title="bbox 224 547 1582 650; baseline 0 -29"><span class='ocrx_word' id='word_1_10' title='bbox 224 559 375 641; x_wconf 79' lang='lat' dir='ltr'><strong>exemplo;</strong></span> <span class='ocrx_word' id='word_1_11' title='bbox 404 560 556 637; x_wconf 91' lang='lat' dir='ltr'><strong>quaeritur</strong></span> <span class='ocrx_word' id='word_1_12' title='bbox 578 561 671 627; x_wconf 87' lang='lat' dir='ltr'><strong>enim,</strong></span> <span class='ocrx_word' id='word_1_13' title='bbox 695 547 792 619; x_wconf 89' lang='lat' dir='ltr'><strong>utrum</strong></span> <span class='ocrx_word' id='word_1_14' title='bbox 821 557 943 637; x_wconf 80' lang='lat' dir='ltr'><strong>syllaba</strong></span> <span class='ocrx_word' id='word_1_15' title='bbox 959 556 1045 636; x_wconf 86' lang='lat' dir='ltr'><strong>longa</strong></span> <span class='ocrx_word' id='word_1_16' title='bbox 1075 559 1114 618; x_wconf 88' lang='lat' dir='ltr'><strong>sit</strong></span> <span class='ocrx_word' id='word_1_17' title='bbox 1141 576 1179 620; x_wconf 91' lang='lat' dir='ltr'><strong>an</strong></span> <span class='ocrx_word' id='word_1_18' title='bbox 1200 556 1314 629; x_wconf 77' lang='lat' dir='ltr'><strong>brevis,</strong></span> <span class='ocrx_word' id='word_1_19' title='bbox 1342 568 1376 620; x_wconf 92' lang='lat' dir='ltr'><strong>ut</strong></span> <span class='ocrx_word' id='word_1_20' title='bbox 1396 560 1517 634; x_wconf 64' lang='lat' dir='ltr'><strong>‘ltu</strong></span> <span class='ocrx_word' id='word_1_21' title='bbox 1533 600 1582 650; x_wconf 59' lang='lat' dir='ltr'><strong>s,</strong></span> 
     </span>
     <span class='ocr_line' id='line_1_4' title="bbox 224 656 1569 748; baseline 0.001 -26"><span class='ocrx_word' id='word_1_22' title='bbox 224 662 316 722; x_wconf 90' lang='lat' dir='ltr'><strong>mihi</strong></span> <span class='ocrx_word' id='word_1_23' title='bbox 338 679 469 722; x_wconf 83' lang='lat' dir='ltr'>causas</span> <span class='ocrx_word' id='word_1_24' title='bbox 491 666 681 722; x_wconf 90' lang='lat' dir='ltr'><strong>memora’:</strong></span> <span class='ocrx_word' id='word_1_25' title='bbox 705 669 755 721; x_wconf 91' lang='lat' dir='ltr'><strong>aut</strong></span> <span class='ocrx_word' id='word_1_26' title='bbox 776 679 811 720; x_wconf 81' lang='lat' dir='ltr'><strong>ex</strong></span> <span class='ocrx_word' id='word_1_27' title='bbox 827 656 841 743; x_wconf 77' lang='grc' dir='ltr'><strong>ΙΙ</strong></span> <span class='ocrx_word' id='word_1_28' title='bbox 856 661 1058 740; x_wconf 81' lang='lat' dir='ltr'><strong>conpositione</strong></span> <span class='ocrx_word' id='word_1_29' title='bbox 1072 660 1197 738; x_wconf 81' lang='lat' dir='ltr'><strong>figurae,</strong></span> <span class='ocrx_word' id='word_1_30' title='bbox 1220 670 1253 722; x_wconf 90' lang='lat' dir='ltr'><strong>ut</strong></span> <span class='ocrx_word' id='word_1_31' title='bbox 1267 662 1292 723; x_wconf 91' lang='lat' dir='ltr'><strong>si</strong></span> <span class='ocrx_word' id='word_1_32' title='bbox 1307 664 1420 724; x_wconf 85' lang='lat' dir='ltr'><strong>nescias</strong></span> <span class='ocrx_word' id='word_1_33' title='bbox 1439 681 1569 748; x_wconf 58' lang='grc' dir='ltr'><strong>1]ῃῦ</strong></span> 
     </span>
     <span class='ocr_line' id='line_1_5' title="bbox 224 761 1558 851; baseline 0.002 -28"><span class='ocrx_word' id='word_1_34' title='bbox 224 761 260 823; x_wconf 91' lang='lat' dir='ltr'><strong>lis</strong></span> <span class='ocrx_word' id='word_1_35' title='bbox 281 765 320 823; x_wconf 89' lang='lat' dir='ltr'><strong>sit</strong></span> <span class='ocrx_word' id='word_1_36' title='bbox 342 765 424 843; x_wconf 88' lang='lat' dir='ltr'><strong>pius,</strong></span> <span class='ocrx_word' id='word_1_37' title='bbox 453 783 488 823; x_wconf 88' lang='lat' dir='ltr'><strong>ex</strong></span> <span class='ocrx_word' id='word_1_38' title='bbox 512 764 726 843; x_wconf 74' lang='lat' dir='ltr'><strong>conpositione,</strong></span> <span class='ocrx_word' id='word_1_39' title='bbox 750 780 824 840; x_wconf 91' lang='lat' dir='ltr'><strong>quae</strong></span> <span class='ocrx_word' id='word_1_40' title='bbox 851 771 896 823; x_wconf 88' lang='lat' dir='ltr'><strong>est</strong></span> <span class='ocrx_word' id='word_1_41' title='bbox 919 763 1040 841; x_wconf 89' lang='lat' dir='ltr'><strong>impius,</strong></span> <span class='ocrx_word' id='word_1_42' title='bbox 1069 761 1164 841; x_wconf 88' lang='lat' dir='ltr'><strong>qualis</strong></span> <span class='ocrx_word' id='word_1_43' title='bbox 1191 764 1230 825; x_wconf 88' lang='lat' dir='ltr'><strong>sit</strong></span> <span class='ocrx_word' id='word_1_44' title='bbox 1250 765 1282 842; x_wconf 92' lang='lat' dir='ltr'><strong>pi</strong></span> <span class='ocrx_word' id='word_1_45' title='bbox 1310 766 1558 851; x_wconf 55' lang='lat' dir='ltr'><strong>cognoscitur,-</strong></span> 
     </span>
     <span class='ocr_line' id='line_1_6' title="bbox 224 862 1545 948; baseline 0.003 -24"><span class='ocrx_word' id='word_1_46' title='bbox 224 863 303 946; x_wconf 78' lang='lat' dir='ltr'><strong>lilcet</strong></span> <span class='ocrx_word' id='word_1_47' title='bbox 325 868 354 924; x_wconf 89' lang='lat' dir='ltr'><strong>in</strong></span> <span class='ocrx_word' id='word_1_48' title='bbox 377 864 532 945; x_wconf 83' lang='lat' dir='ltr'><strong>aliquantis</strong></span> <span class='ocrx_word' id='word_1_49' title='bbox 554 864 611 925; x_wconf 88' lang='lat' dir='ltr'><strong>hoc</strong></span> <span class='ocrx_word' id='word_1_50' title='bbox 633 863 724 925; x_wconf 88' lang='lat' dir='ltr'><strong>lallat.</strong></span> <span class='ocrx_word' id='word_1_51' title='bbox 768 882 836 925; x_wconf 91' lang='lat' dir='ltr'><strong>nam</strong></span> <span class='ocrx_word' id='word_1_52' title='bbox 865 882 931 924; x_wconf 92' lang='lat' dir='ltr'><strong>cum</strong></span> <span class='ocrx_word' id='word_1_53' title='bbox 960 863 1085 924; x_wconf 84' lang='lat' dir='ltr'><strong>dicimus</strong></span> <span class='ocrx_word' id='word_1_54' title='bbox 1112 862 1243 934; x_wconf 87' lang='lat' dir='ltr'><strong>nubere,</strong></span> <span class='ocrx_word' id='word_1_55' title='bbox 1273 884 1315 927; x_wconf 91' lang='lat' dir='ltr'><strong>nu</strong></span> <span class='ocrx_word' id='word_1_56' title='bbox 1341 864 1427 946; x_wconf 81' lang='lat' dir='ltr'><strong>longa</strong></span> <span class='ocrx_word' id='word_1_57' title='bbox 1457 892 1545 948; x_wconf 49' lang='lat' dir='ltr'><strong>esu</strong></span> 
     </span>
     <span class='ocr_line' id='line_1_7' title="bbox 103 964 1531 1048; baseline 0.006 -25"><span class='ocrx_word' id='word_1_58' title='bbox 103 1015 106 1018; x_wconf 22' lang='lat'><strong>⁴</strong></span> <span class='ocrx_word' id='word_1_59' title='bbox 197 969 294 1027; x_wconf 83' lang='lat' dir='ltr'><strong>sitem</strong></span> <span class='ocrx_word' id='word_1_60' title='bbox 321 987 389 1027; x_wconf 79' lang='lat' dir='ltr'><strong>crim</strong></span> <span class='ocrx_word' id='word_1_61' title='bbox 418 968 543 1028; x_wconf 88' lang='lat' dir='ltr'><strong>dicimus</strong></span> <span class='ocrx_word' id='word_1_62' title='bbox 575 965 686 1027; x_wconf 89' lang='lat' dir='ltr'><strong>innuba</strong></span> <span class='ocrx_word' id='word_1_63' title='bbox 720 973 770 1026; x_wconf 93' lang='lat' dir='ltr'><strong>aut</strong></span> <span class='ocrx_word' id='word_1_64' title='bbox 801 964 950 1044; x_wconf 86' lang='lat' dir='ltr'><strong>pronuba,</strong></span> <span class='ocrx_word' id='word_1_65' title='bbox 985 966 1017 1024; x_wconf 90' lang='lat' dir='ltr'><strong>lit</strong></span> <span class='ocrx_word' id='word_1_66' title='bbox 1044 964 1142 1026; x_wconf 83' lang='lat' dir='ltr'><strong>brevis</strong></span> <span class='ocrx_word' id='word_1_67' title='bbox 1176 983 1216 1027; x_wconf 92' lang='lat' dir='ltr'><strong>nu</strong></span> <span class='ocrx_word' id='word_1_68' title='bbox 1245 968 1275 1027; x_wconf 91' lang='lat' dir='ltr'><strong>in</strong></span> <span class='ocrx_word' id='word_1_69' title='bbox 1298 971 1531 1048; x_wconf 74' lang='lat' dir='ltr'><strong>conpositione,</strong></span> 
     </span>
     <span class='ocr_line' id='line_1_8' title="bbox 223 1068 1525 1147; baseline 0 -18"><span class='ocrx_word' id='word_1_70' title='bbox 223 1068 276 1130; x_wconf 91' lang='lat' dir='ltr'><strong>sed</strong></span> <span class='ocrx_word' id='word_1_71' title='bbox 298 1069 355 1129; x_wconf 92' lang='lat' dir='ltr'><strong>boc</strong></span> <span class='ocrx_word' id='word_1_72' title='bbox 386 1069 510 1129; x_wconf 86' lang='lat' dir='ltr'><strong>inveniri</strong></span> <span class='ocrx_word' id='word_1_73' title='bbox 537 1086 605 1128; x_wconf 90' lang='lat' dir='ltr'><strong>raro</strong></span> <span class='ocrx_word' id='word_1_74' title='bbox 628 1069 780 1145; x_wconf 87' lang='lat' dir='ltr'><strong>contingit.</strong></span> <span class='ocrx_word' id='word_1_75' title='bbox 825 1068 931 1147; x_wconf 89' lang='lat' dir='ltr'><strong>positio</strong></span> <span class='ocrx_word' id='word_1_76' title='bbox 953 1073 1010 1137; x_wconf 83' lang='lat' dir='ltr'><strong>est,</strong></span> <span class='ocrx_word' id='word_1_77' title='bbox 1033 1084 1100 1126; x_wconf 87' lang='lat' dir='ltr'><strong>eum</strong></span> <span class='ocrx_word' id='word_1_78' title='bbox 1123 1075 1292 1147; x_wconf 78' lang='lat' dir='ltr'><strong>correptam</strong></span> <span class='ocrx_word' id='word_1_79' title='bbox 1312 1069 1441 1131; x_wconf 79' lang='lat' dir='ltr'><strong>vocalem</strong></span> <span class='ocrx_word' id='word_1_80' title='bbox 1463 1085 1525 1135; x_wconf 79' lang='lat' dir='ltr'><strong>aut</strong></span> 
     </span>
     <span class='ocr_line' id='line_1_9' title="bbox 224 1167 1519 1249; baseline -0.002 -17"><span class='ocrx_word' id='word_1_81' title='bbox 224 1170 299 1232; x_wconf 89' lang='lat' dir='ltr'><strong>duae</strong></span> <span class='ocrx_word' id='word_1_82' title='bbox 322 1178 518 1230; x_wconf 83' lang='lat' dir='ltr'><strong>consonantes</strong></span> <span class='ocrx_word' id='word_1_83' title='bbox 540 1175 693 1237; x_wconf 89' lang='lat' dir='ltr'><strong>secuntur,</strong></span> <span class='ocrx_word' id='word_1_84' title='bbox 718 1176 867 1236; x_wconf 81' lang='lat' dir='ltr'><strong>marma:</strong></span> <span class='ocrx_word' id='word_1_85' title='bbox 891 1176 942 1228; x_wconf 91' lang='lat' dir='ltr'><strong>aut</strong></span> <span class='ocrx_word' id='word_1_86' title='bbox 962 1186 1020 1229; x_wconf 91' lang='lat' dir='ltr'><strong>una</strong></span> <span class='ocrx_word' id='word_1_87' title='bbox 1043 1170 1162 1246; x_wconf 85' lang='lat' dir='ltr'><strong>quaevis</strong></span> <span class='ocrx_word' id='word_1_88' title='bbox 1183 1167 1308 1249; x_wconf 86' lang='lat' dir='ltr'><strong>duplex,</strong></span> <span class='ocrx_word' id='word_1_89' title='bbox 1330 1179 1364 1233; x_wconf 90' lang='lat' dir='ltr'><strong>ut</strong></span> <span class='ocrx_word' id='word_1_90' title='bbox 1384 1173 1445 1233; x_wconf 83' lang='lat' dir='ltr'><strong>axis</strong></span> <span class='ocrx_word' id='word_1_91' title='bbox 1462 1168 1519 1232; x_wconf 74' lang='lat' dir='ltr'><strong>rel</strong></span> 
     </span>
     <span class='ocr_line' id='line_1_10' title="bbox 224 1267 1515 1353; baseline -0.004 -19"><span class='ocrx_word' id='word_1_92' title='bbox 224 1273 385 1334; x_wconf 86' lang='lat' dir='ltr'><strong>Mezentius</strong></span> <span class='ocrx_word' id='word_1_93' title='bbox 400 1271 444 1331; x_wconf 79' lang='lat' dir='ltr'><strong>rel</strong></span> <span class='ocrx_word' id='word_1_94' title='bbox 460 1273 569 1339; x_wconf 89' lang='lat' dir='ltr'><strong>maior;</strong></span> <span class='ocrx_word' id='word_1_95' title='bbox 593 1280 643 1330; x_wconf 83' lang='lat' dir='ltr'><strong>aut</strong></span> <span class='ocrx_word' id='word_1_96' title='bbox 665 1269 754 1330; x_wconf 87' lang='lat' dir='ltr'><strong>altera</strong></span> <span class='ocrx_word' id='word_1_97' title='bbox 778 1286 944 1330; x_wconf 87' lang='lat' dir='ltr'><strong>consonans</strong></span> <span class='ocrx_word' id='word_1_98' title='bbox 966 1278 996 1329; x_wconf 87' lang='lat' dir='ltr'><strong>et</strong></span> <span class='ocrx_word' id='word_1_99' title='bbox 1018 1267 1109 1329; x_wconf 86' lang='lat' dir='ltr'><strong>altera</strong></span> <span class='ocrx_word' id='word_1_100' title='bbox 1130 1269 1239 1331; x_wconf 79' lang='lat' dir='ltr'><strong>vocalis</strong></span> <span class='ocrx_word' id='word_1_101' title='bbox 1259 1270 1327 1333; x_wconf 90' lang='lat' dir='ltr'><strong>loco</strong></span> <span class='ocrx_word' id='word_1_102' title='bbox 1347 1285 1515 1353; x_wconf 76' lang='lat' dir='ltr'><strong>consonan-</strong></span> 
     </span>
     <span class='ocr_line' id='line_1_11' title="bbox 223 1367 1514 1453; baseline -0.003 -19"><span class='ocrx_word' id='word_1_103' title='bbox 223 1375 261 1435; x_wconf 91' lang='lat' dir='ltr'><strong>tis</strong></span> <span class='ocrx_word' id='word_1_104' title='bbox 283 1375 395 1453; x_wconf 86' lang='lat' dir='ltr'><strong>posita,</strong></span> <span class='ocrx_word' id='word_1_105' title='bbox 425 1381 457 1433; x_wconf 93' lang='lat' dir='ltr'><strong>ut</strong></span> <span class='ocrx_word' id='word_1_106' title='bbox 480 1378 530 1433; x_wconf 86' lang='lat' dir='ltr'><strong>‘at</strong></span> <span class='ocrx_word' id='word_1_107' title='bbox 548 1372 639 1433; x_wconf 90' lang='lat' dir='ltr'><strong>luno’</strong></span> <span class='ocrx_word' id='word_1_108' title='bbox 664 1379 694 1431; x_wconf 91' lang='lat' dir='ltr'><strong>ct</strong></span> <span class='ocrx_word' id='word_1_109' title='bbox 716 1376 763 1431; x_wconf 84' lang='lat' dir='ltr'><strong>‘at</strong></span> <span class='ocrx_word' id='word_1_110' title='bbox 784 1370 907 1432; x_wconf 89' lang='lat' dir='ltr'><strong>Venus’.</strong></span> <span class='ocrx_word' id='word_1_111' title='bbox 939 1388 1040 1433; x_wconf 87' lang='lat' dir='ltr'><strong>rerum</strong></span> <span class='ocrx_word' id='word_1_112' title='bbox 1061 1373 1088 1431; x_wconf 85' lang='lat' dir='ltr'><strong>si</strong></span> <span class='ocrx_word' id='word_1_113' title='bbox 1109 1369 1259 1452; x_wconf 88' lang='lat' dir='ltr'><strong>quaelibet</strong></span> <span class='ocrx_word' id='word_1_114' title='bbox 1280 1367 1514 1453; x_wconf 73' lang='lat' dir='ltr'><strong>persuationis</strong></span> 
     </span>
     <span class='ocr_line' id='line_1_12' title="bbox 186 1470 1517 1554; baseline 0 -19"><span class='ocrx_word' id='word_1_115' title='bbox 186 1489 209 1530; x_wconf 82' lang='grc' dir='ltr'><strong>ιο</strong></span> <span class='ocrx_word' id='word_1_116' title='bbox 224 1474 490 1554; x_wconf 87' lang='lat' dir='ltr'><strong>praepositionibus</strong></span> <span class='ocrx_word' id='word_1_117' title='bbox 518 1481 716 1552; x_wconf 85' lang='lat' dir='ltr'><strong>conponatur,</strong></span> <span class='ocrx_word' id='word_1_118' title='bbox 741 1491 776 1533; x_wconf 84' lang='lat' dir='ltr'><strong>ex</strong></span> <span class='ocrx_word' id='word_1_119' title='bbox 797 1470 810 1553; x_wconf 75' lang='lat' dir='ltr'><strong>ll</strong></span> <span class='ocrx_word' id='word_1_120' title='bbox 832 1473 877 1532; x_wconf 81' lang='lat' dir='ltr'><strong>nis</strong></span> <span class='ocrx_word' id='word_1_121' title='bbox 899 1473 1010 1551; x_wconf 88' lang='lat' dir='ltr'><strong>primas</strong></span> <span class='ocrx_word' id='word_1_122' title='bbox 1031 1471 1157 1553; x_wconf 72' lang='lat' dir='ltr'><strong>syllabas</strong></span> <span class='ocrx_word' id='word_1_123' title='bbox 1186 1477 1397 1553; x_wconf 76' lang='lat' dir='ltr'><strong>cognoscimus</strong></span> <span class='ocrx_word' id='word_1_124' title='bbox 1431 1477 1517 1536; x_wconf 79' lang='lat' dir='ltr'><strong>ua1¹¹</strong></span> 
     </span>
     <span class='ocr_line' id='line_1_13' title="bbox 223 1570 1549 1657; baseline 0 -20"><span class='ocrx_word' id='word_1_125' title='bbox 223 1576 288 1637; x_wconf 85' lang='lat' dir='ltr'><strong>talis</strong></span> <span class='ocrx_word' id='word_1_126' title='bbox 311 1574 442 1638; x_wconf 87' lang='lat' dir='ltr'><strong>manebit</strong></span> <span class='ocrx_word' id='word_1_127' title='bbox 463 1576 527 1637; x_wconf 87' lang='lat' dir='ltr'><strong>lere</strong></span> <span class='ocrx_word' id='word_1_128' title='bbox 542 1577 638 1635; x_wconf 90' lang='lat' dir='ltr'><strong>omnis</strong></span> <span class='ocrx_word' id='word_1_129' title='bbox 660 1575 813 1653; x_wconf 90' lang='lat' dir='ltr'><strong>conposita</strong></span> <span class='ocrx_word' id='word_1_130' title='bbox 836 1573 959 1653; x_wconf 85' lang='lat' dir='ltr'><strong>syllaba,</strong></span> <span class='ocrx_word' id='word_1_131' title='bbox 984 1572 1078 1653; x_wconf 91' lang='lat' dir='ltr'><strong>qualis</strong></span> <span class='ocrx_word' id='word_1_132' title='bbox 1097 1584 1128 1635; x_wconf 92' lang='lat' dir='ltr'><strong>et</strong></span> <span class='ocrx_word' id='word_1_133' title='bbox 1142 1577 1205 1654; x_wconf 88' lang='lat' dir='ltr'><strong>ipsa</strong></span> <span class='ocrx_word' id='word_1_134' title='bbox 1219 1579 1396 1657; x_wconf 82' lang='lat' dir='ltr'><strong>praepositio</strong></span> <span class='ocrx_word' id='word_1_135' title='bbox 1408 1570 1522 1638; x_wconf 58' lang='lat' dir='ltr'><strong>finib</strong></span> <span class='ocrx_word' id='word_1_136' title='bbox 1542 1642 1549 1653; x_wconf 86' lang='lat'><strong>.</strong></span> 
     </span>
     <span class='ocr_line' id='line_1_14' title="bbox 223 1674 1528 1758; baseline 0.001 -19"><span class='ocrx_word' id='word_1_137' title='bbox 223 1687 255 1740; x_wconf 91' lang='lat' dir='ltr'><strong>ut</strong></span> <span class='ocrx_word' id='word_1_138' title='bbox 275 1680 404 1758; x_wconf 92' lang='lat' dir='ltr'><strong>ineptus.</strong></span> <span class='ocrx_word' id='word_1_139' title='bbox 441 1680 510 1738; x_wconf 87' lang='lat' dir='ltr'><strong>item</strong></span> <span class='ocrx_word' id='word_1_140' title='bbox 535 1697 571 1737; x_wconf 88' lang='lat' dir='ltr'><strong>ex</strong></span> <span class='ocrx_word' id='word_1_141' title='bbox 592 1679 664 1757; x_wconf 90' lang='lat' dir='ltr'><strong>ipsis</strong></span> <span class='ocrx_word' id='word_1_142' title='bbox 686 1675 953 1755; x_wconf 89' lang='lat' dir='ltr'><strong>praepositionibus</strong></span> <span class='ocrx_word' id='word_1_143' title='bbox 976 1676 1012 1735; x_wconf 89' lang='lat' dir='ltr'><strong>ad</strong></span> <span class='ocrx_word' id='word_1_144' title='bbox 1035 1684 1064 1737; x_wconf 92' lang='lat' dir='ltr'><strong>et</strong></span> <span class='ocrx_word' id='word_1_145' title='bbox 1086 1675 1123 1736; x_wconf 93' lang='lat' dir='ltr'><strong>ob</strong></span> <span class='ocrx_word' id='word_1_146' title='bbox 1147 1686 1178 1736; x_wconf 90' lang='lat' dir='ltr'><strong>et</strong></span> <span class='ocrx_word' id='word_1_147' title='bbox 1200 1679 1229 1737; x_wconf 92' lang='lat' dir='ltr'><strong>in</strong></span> <span class='ocrx_word' id='word_1_148' title='bbox 1253 1687 1283 1738; x_wconf 90' lang='lat' dir='ltr'><strong>et</strong></span> <span class='ocrx_word' id='word_1_149' title='bbox 1304 1679 1358 1740; x_wconf 91' lang='lat' dir='ltr'><strong>sub</strong></span> <span class='ocrx_word' id='word_1_150' title='bbox 1378 1674 1528 1740; x_wconf 63' lang='lat' dir='ltr'><strong>diversae</strong></span> 
     </span>
     <span class='ocr_line' id='line_1_15' title="bbox 222 1763 1533 1859; baseline 0 -19"><span class='ocrx_word' id='word_1_151' title='bbox 222 1783 252 1841; x_wconf 95' lang='lat' dir='ltr'><strong>in</strong></span> <span class='ocrx_word' id='word_1_152' title='bbox 284 1780 381 1841; x_wconf 89' lang='lat' dir='ltr'><strong>verbis</strong></span> <span class='ocrx_word' id='word_1_153' title='bbox 410 1787 568 1859; x_wconf 83' lang='lat' dir='ltr'><strong>peninum.</strong></span> <span class='ocrx_word' id='word_1_154' title='bbox 614 1796 680 1839; x_wconf 85' lang='lat' dir='ltr'><strong>nani</strong></span> <span class='ocrx_word' id='word_1_155' title='bbox 713 1779 927 1857; x_wconf 87' lang='lat' dir='ltr'><strong>corripiuntur,</strong></span> <span class='ocrx_word' id='word_1_156' title='bbox 957 1796 1023 1838; x_wconf 91' lang='lat' dir='ltr'><strong>cum</strong></span> <span class='ocrx_word' id='word_1_157' title='bbox 1052 1780 1215 1840; x_wconf 85' lang='lat' dir='ltr'><strong>crescendo</strong></span> <span class='ocrx_word' id='word_1_158' title='bbox 1243 1779 1411 1859; x_wconf 88' lang='lat' dir='ltr'><strong>disyllabum</strong></span> <span class='ocrx_word' id='word_1_159' title='bbox 1432 1763 1533 1840; x_wconf 63' lang='grc' dir='ltr'><strong>κδ·</strong></span> 
     </span>
     <span class='ocr_line' id='line_1_16' title="bbox 222 1869 1539 1961; baseline -0.003 -17"><span class='ocrx_word' id='word_1_160' title='bbox 222 1883 311 1952; x_wconf 91' lang='lat' dir='ltr'><strong>dunt,</strong></span> <span class='ocrx_word' id='word_1_161' title='bbox 335 1892 367 1943; x_wconf 92' lang='lat' dir='ltr'><strong>ut</strong></span> <span class='ocrx_word' id='word_1_162' title='bbox 389 1881 449 1942; x_wconf 89' lang='lat' dir='ltr'><strong>adit</strong></span> <span class='ocrx_word' id='word_1_163' title='bbox 477 1880 538 1940; x_wconf 89' lang='lat' dir='ltr'><strong>obit</strong></span> <span class='ocrx_word' id='word_1_164' title='bbox 565 1881 620 1940; x_wconf 87' lang='lat' dir='ltr'><strong>init</strong></span> <span class='ocrx_word' id='word_1_165' title='bbox 641 1877 734 1948; x_wconf 89' lang='lat' dir='ltr'><strong>subit;</strong></span> <span class='ocrx_word' id='word_1_166' title='bbox 765 1878 967 1939; x_wconf 89' lang='lat' dir='ltr'><strong>indillcrenter</strong></span> <span class='ocrx_word' id='word_1_167' title='bbox 989 1888 1071 1948; x_wconf 90' lang='lat' dir='ltr'><strong>suut,</strong></span> <span class='ocrx_word' id='word_1_168' title='bbox 1095 1898 1161 1940; x_wconf 92' lang='lat' dir='ltr'><strong>cum</strong></span> <span class='ocrx_word' id='word_1_169' title='bbox 1184 1880 1368 1961; x_wconf 77' lang='lat' dir='ltr'><strong>trisyllabum</strong></span> <span class='ocrx_word' id='word_1_170' title='bbox 1388 1869 1539 1943; x_wconf 55' lang='lat' dir='ltr'><strong>iaciunt*</strong></span> 
     </span>
     <span class='ocr_line' id='line_1_17' title="bbox 185 1976 1542 2064; baseline 0 -19"><span class='ocrx_word' id='word_1_171' title='bbox 185 1999 208 2038; x_wconf 79' lang='lat'><strong>¹⁵</strong></span> <span class='ocrx_word' id='word_1_172' title='bbox 224 1995 256 2045; x_wconf 89' lang='lat' dir='ltr'><strong>ut</strong></span> <span class='ocrx_word' id='word_1_173' title='bbox 274 1984 372 2045; x_wconf 89' lang='lat' dir='ltr'><strong>adicit</strong></span> <span class='ocrx_word' id='word_1_174' title='bbox 399 1983 490 2044; x_wconf 86' lang='lat' dir='ltr'><strong>obicit</strong></span> <span class='ocrx_word' id='word_1_175' title='bbox 512 1983 594 2041; x_wconf 90' lang='lat' dir='ltr'><strong>inicit</strong></span> <span class='ocrx_word' id='word_1_176' title='bbox 615 1981 737 2053; x_wconf 90' lang='lat' dir='ltr'><strong>subicit;</strong></span> <span class='ocrx_word' id='word_1_177' title='bbox 767 1981 971 2059; x_wconf 90' lang='lat' dir='ltr'><strong>producuntur</strong></span> <span class='ocrx_word' id='word_1_178' title='bbox 999 1989 1120 2051; x_wconf 88' lang='lat' dir='ltr'><strong>tantum,</strong></span> <span class='ocrx_word' id='word_1_179' title='bbox 1144 2000 1212 2043; x_wconf 90' lang='lat' dir='ltr'><strong>cum</strong></span> <span class='ocrx_word' id='word_1_180' title='bbox 1235 1983 1443 2064; x_wconf 69' lang='lat' dir='ltr'><strong>tetrasyllabum</strong></span> <span class='ocrx_word' id='word_1_181' title='bbox 1461 1976 1542 2036; x_wconf 53' lang='grc' dir='ltr'><strong>θ’</strong></span> 
     </span>
     <span class='ocr_line' id='line_1_18' title="bbox 221 2079 1549 2167; baseline -0.001 -21"><span class='ocrx_word' id='word_1_182' title='bbox 221 2104 253 2146; x_wconf 90' lang='lat' dir='ltr'><strong>se</strong></span> <span class='ocrx_word' id='word_1_183' title='bbox 276 2085 418 2153; x_wconf 87' lang='lat' dir='ltr'><strong>reddunt,</strong></span> <span class='ocrx_word' id='word_1_184' title='bbox 442 2094 474 2144; x_wconf 90' lang='lat' dir='ltr'><strong>nt</strong></span> <span class='ocrx_word' id='word_1_185' title='bbox 498 2084 592 2144; x_wconf 90' lang='lat' dir='ltr'><strong>adicio</strong></span> <span class='ocrx_word' id='word_1_186' title='bbox 615 2083 711 2143; x_wconf 92' lang='lat' dir='ltr'><strong>obicio</strong></span> <span class='ocrx_word' id='word_1_187' title='bbox 740 2084 830 2142; x_wconf 89' lang='lat' dir='ltr'><strong>inicio</strong></span> <span class='ocrx_word' id='word_1_188' title='bbox 863 2082 985 2143; x_wconf 90' lang='lat' dir='ltr'><strong>subicio.</strong></span> <span class='ocrx_word' id='word_1_189' title='bbox 1028 2083 1098 2144; x_wconf 92' lang='lat' dir='ltr'><strong>item</strong></span> <span class='ocrx_word' id='word_1_190' title='bbox 1128 2103 1204 2165; x_wconf 90' lang='lat' dir='ltr'><strong>quae</strong></span> <span class='ocrx_word' id='word_1_191' title='bbox 1231 2103 1285 2164; x_wconf 88' lang='lat' dir='ltr'><strong>per</strong></span> <span class='ocrx_word' id='word_1_192' title='bbox 1313 2102 1370 2167; x_wconf 90' lang='lat' dir='ltr'><strong>que</strong></span> <span class='ocrx_word' id='word_1_193' title='bbox 1399 2096 1426 2146; x_wconf 93' lang='lat' dir='ltr'><strong>et</strong></span> <span class='ocrx_word' id='word_1_194' title='bbox 1447 2079 1549 2165; x_wconf 72' lang='lat' dir='ltr'><strong>pes</strong></span> 
     </span>
     <span class='ocr_line' id='line_1_19' title="bbox 221 2183 1550 2268; baseline 0 -21"><span class='ocrx_word' id='word_1_195' title='bbox 221 2205 274 2266; x_wconf 89' lang='lat' dir='ltr'><strong>pre</strong></span> <span class='ocrx_word' id='word_1_196' title='bbox 301 2189 332 2246; x_wconf 92' lang='lat' dir='ltr'><strong>in</strong></span> <span class='ocrx_word' id='word_1_197' title='bbox 367 2186 471 2265; x_wconf 88' lang='lat' dir='ltr'><strong>primis</strong></span> <span class='ocrx_word' id='word_1_198' title='bbox 505 2183 624 2263; x_wconf 78' lang='lat' dir='ltr'><strong>syllabis</strong></span> <span class='ocrx_word' id='word_1_199' title='bbox 652 2184 826 2245; x_wconf 89' lang='lat' dir='ltr'><strong>scribuntur</strong></span> <span class='ocrx_word' id='word_1_200' title='bbox 852 2184 1071 2265; x_wconf 89' lang='lat' dir='ltr'><strong>producuntur,</strong></span> <span class='ocrx_word' id='word_1_201' title='bbox 1101 2194 1225 2265; x_wconf 84' lang='lat' dir='ltr'><strong>excepto</strong></span> <span class='ocrx_word' id='word_1_202' title='bbox 1252 2190 1380 2267; x_wconf 88' lang='lat' dir='ltr'><strong>pretium</strong></span> <span class='ocrx_word' id='word_1_203' title='bbox 1404 2186 1550 2268; x_wconf 73' lang='lat' dir='ltr'><strong>preru⁰</strong></span> 
     </span>
     <span class='ocr_line' id='line_1_20' title="bbox 221 2285 1550 2368; baseline -0.001 -20"><span class='ocrx_word' id='word_1_204' title='bbox 221 2306 326 2368; x_wconf 87' lang='lat' dir='ltr'><strong>preces</strong></span> <span class='ocrx_word' id='word_1_205' title='bbox 349 2296 378 2348; x_wconf 92' lang='lat' dir='ltr'><strong>et</strong></span> <span class='ocrx_word' id='word_1_206' title='bbox 400 2305 522 2367; x_wconf 87' lang='lat' dir='ltr'><strong>queror,</strong></span> <span class='ocrx_word' id='word_1_207' title='bbox 553 2287 608 2346; x_wconf 84' lang='lat' dir='ltr'><strong>lroc</strong></span> <span class='ocrx_word' id='word_1_208' title='bbox 631 2295 676 2346; x_wconf 88' lang='lat' dir='ltr'><strong>est</strong></span> <span class='ocrx_word' id='word_1_209' title='bbox 703 2285 865 2364; x_wconf 84' lang='lat' dir='ltr'><strong>querellam</strong></span> <span class='ocrx_word' id='word_1_210' title='bbox 888 2286 1018 2365; x_wconf 87' lang='lat' dir='ltr'><strong>depono,</strong></span> <span class='ocrx_word' id='word_1_211' title='bbox 1048 2296 1174 2366; x_wconf 78' lang='lat' dir='ltr'><strong>ecquae</strong></span> <span class='ocrx_word' id='word_1_212' title='bbox 1198 2307 1233 2348; x_wconf 78' lang='lat' dir='ltr'><strong>ex</strong></span> <span class='ocrx_word' id='word_1_213' title='bbox 1257 2288 1302 2349; x_wconf 91' lang='lat' dir='ltr'><strong>bis</strong></span> <span class='ocrx_word' id='word_1_214' title='bbox 1323 2308 1377 2368; x_wconf 91' lang='lat' dir='ltr'><strong>per</strong></span> <span class='ocrx_word' id='word_1_215' title='bbox 1396 2288 1550 2350; x_wconf 69' lang='lat' dir='ltr'><strong>denra-</strong></span> 
     </span>
     <span class='ocr_line' id='line_1_21' title="bbox 221 2387 1551 2468; baseline 0.001 -18"><span class='ocrx_word' id='word_1_216' title='bbox 221 2390 332 2450; x_wconf 90' lang='lat' dir='ltr'><strong>tionem</strong></span> <span class='ocrx_word' id='word_1_217' title='bbox 361 2398 412 2448; x_wconf 90' lang='lat' dir='ltr'><strong>aut</strong></span> <span class='ocrx_word' id='word_1_218' title='bbox 441 2387 665 2448; x_wconf 82' lang='lat' dir='ltr'><strong>declinationem</strong></span> <span class='ocrx_word' id='word_1_219' title='bbox 695 2389 759 2448; x_wconf 88' lang='lat' dir='ltr'><strong>lieri</strong></span> <span class='ocrx_word' id='word_1_220' title='bbox 780 2397 904 2468; x_wconf 88' lang='lat' dir='ltr'><strong>possunt</strong></span> <span class='ocrx_word' id='word_1_221' title='bbox 925 2399 952 2448; x_wconf 87' lang='lat' dir='ltr'><strong>et</strong></span> <span class='ocrx_word' id='word_1_222' title='bbox 976 2407 1033 2467; x_wconf 92' lang='lat' dir='ltr'><strong>que</strong></span> <span class='ocrx_word' id='word_1_223' title='bbox 1055 2390 1272 2451; x_wconf 89' lang='lat' dir='ltr'><strong>coniunctione.</strong></span> <span class='ocrx_word' id='word_1_224' title='bbox 1316 2391 1386 2452; x_wconf 87' lang='lat' dir='ltr'><strong>item</strong></span> <span class='ocrx_word' id='word_1_225' title='bbox 1407 2393 1551 2452; x_wconf 64' lang='lat' dir='ltr'><strong>contra</strong></span> 
     </span>
     <span class='ocr_line' id='line_1_22' title="bbox 183 2481 1552 2571; baseline 0.001 -23"><span class='ocrx_word' id='word_1_226' title='bbox 183 2508 209 2548; x_wconf 82' lang='lat' dir='ltr'><strong>ro</strong></span> <span class='ocrx_word' id='word_1_227' title='bbox 222 2490 394 2551; x_wconf 85' lang='lat' dir='ltr'><strong>breviantur</strong></span> <span class='ocrx_word' id='word_1_228' title='bbox 416 2508 452 2549; x_wconf 85' lang='lat' dir='ltr'><strong>ex</strong></span> <span class='ocrx_word' id='word_1_229' title='bbox 474 2489 567 2550; x_wconf 90' lang='lat' dir='ltr'><strong>isdem</strong></span> <span class='ocrx_word' id='word_1_230' title='bbox 591 2481 858 2569; x_wconf 89' lang='lat' dir='ltr'><strong>praepositionibus</strong></span> <span class='ocrx_word' id='word_1_231' title='bbox 873 2492 903 2549; x_wconf 88' lang='lat' dir='ltr'><strong>in</strong></span> <span class='ocrx_word' id='word_1_232' title='bbox 926 2491 1129 2569; x_wconf 88' lang='lat' dir='ltr'><strong>conpositione</strong></span> <span class='ocrx_word' id='word_1_233' title='bbox 1152 2490 1189 2551; x_wconf 91' lang='lat' dir='ltr'><strong>de</strong></span> <span class='ocrx_word' id='word_1_234' title='bbox 1212 2501 1241 2552; x_wconf 89' lang='lat' dir='ltr'><strong>et</strong></span> <span class='ocrx_word' id='word_1_235' title='bbox 1265 2510 1329 2571; x_wconf 82' lang='lat' dir='ltr'><strong>pro,</strong></span> <span class='ocrx_word' id='word_1_236' title='bbox 1351 2499 1384 2553; x_wconf 93' lang='lat' dir='ltr'><strong>ut</strong></span> <span class='ocrx_word' id='word_1_237' title='bbox 1403 2491 1552 2553; x_wconf 78' lang='lat' dir='ltr'><strong>dehinc</strong></span> 
     </span>
     <span class='ocr_line' id='line_1_23' title="bbox 221 2590 1551 2681; baseline 0.004 -31"><span class='ocrx_word' id='word_1_238' title='bbox 221 2591 328 2652; x_wconf 89' lang='lat' dir='ltr'><strong>deinde</strong></span> <span class='ocrx_word' id='word_1_239' title='bbox 356 2590 508 2669; x_wconf 81' lang='lat' dir='ltr'><strong>proiectus</strong></span> <span class='ocrx_word' id='word_1_240' title='bbox 538 2591 855 2681; x_wconf 78' lang='lat' dir='ltr'><strong>protessusprolusus</strong></span> <span class='ocrx_word' id='word_1_241' title='bbox 883 2592 1023 2669; x_wconf 82' lang='lat' dir='ltr'><strong>profanus</strong></span> <span class='ocrx_word' id='word_1_242' title='bbox 1050 2592 1182 2671; x_wconf 90' lang='lat' dir='ltr'><strong>prolatus</strong></span> <span class='ocrx_word' id='word_1_243' title='bbox 1211 2611 1337 2673; x_wconf 83' lang='lat' dir='ltr'><strong>proavus</strong></span> <span class='ocrx_word' id='word_1_244' title='bbox 1364 2599 1551 2674; x_wconf 71' lang='lat' dir='ltr'><strong>pronepos</strong></span> 
     </span>
     <span class='ocr_line' id='line_1_24' title="bbox 221 2692 1548 2777; baseline 0.003 -24"><span class='ocrx_word' id='word_1_245' title='bbox 221 2703 250 2754; x_wconf 88' lang='lat' dir='ltr'><strong>et</strong></span> <span class='ocrx_word' id='word_1_246' title='bbox 280 2701 387 2753; x_wconf 88' lang='lat' dir='ltr'><strong>cetera.</strong></span> <span class='ocrx_word' id='word_1_247' title='bbox 433 2702 502 2752; x_wconf 91' lang='lat' dir='ltr'><strong>sunt</strong></span> <span class='ocrx_word' id='word_1_248' title='bbox 530 2694 600 2752; x_wconf 88' lang='lat' dir='ltr'><strong>item</strong></span> <span class='ocrx_word' id='word_1_249' title='bbox 630 2692 777 2772; x_wconf 84' lang='lat' dir='ltr'><strong>aliquanta</strong></span> <span class='ocrx_word' id='word_1_250' title='bbox 805 2692 909 2759; x_wconf 82' lang='lat' dir='ltr'><strong>rerba,</strong></span> <span class='ocrx_word' id='word_1_251' title='bbox 939 2699 1037 2769; x_wconf 81' lang='lat' dir='ltr'><strong>quael</strong></span> <span class='ocrx_word' id='word_1_252' title='bbox 1061 2696 1172 2773; x_wconf 90' lang='lat' dir='ltr'><strong>primas</strong></span> <span class='ocrx_word' id='word_1_253' title='bbox 1195 2694 1320 2774; x_wconf 86' lang='lat' dir='ltr'><strong>syllabas</strong></span> <span class='ocrx_word' id='word_1_254' title='bbox 1342 2704 1548 2777; x_wconf 75' lang='lat' dir='ltr'><strong>temporem¹</strong></span> 
     </span>
     <span class='ocr_line' id='line_1_25' title="bbox 220 2784 1548 2877; baseline -0.001 -22"><span class='ocrx_word' id='word_1_255' title='bbox 220 2795 334 2856; x_wconf 89' lang='lat' dir='ltr'><strong>ratione</strong></span> <span class='ocrx_word' id='word_1_256' title='bbox 363 2801 547 2872; x_wconf 90' lang='lat' dir='ltr'><strong>permutant,</strong></span> <span class='ocrx_word' id='word_1_257' title='bbox 576 2813 651 2873; x_wconf 90' lang='lat' dir='ltr'><strong>quae</strong></span> <span class='ocrx_word' id='word_1_258' title='bbox 680 2793 782 2855; x_wconf 89' lang='lat' dir='ltr'><strong>subter</strong></span> <span class='ocrx_word' id='word_1_259' title='bbox 809 2792 933 2854; x_wconf 88' lang='lat' dir='ltr'><strong>collecta</strong></span> <span class='ocrx_word' id='word_1_260' title='bbox 960 2796 991 2854; x_wconf 90' lang='lat' dir='ltr'><strong>in</strong></span> <span class='ocrx_word' id='word_1_261' title='bbox 1019 2797 1100 2855; x_wconf 91' lang='lat' dir='ltr'><strong>omui</strong></span> <span class='ocrx_word' id='word_1_262' title='bbox 1122 2798 1283 2875; x_wconf 90' lang='lat' dir='ltr'><strong>praeterito</strong></span> <span class='ocrx_word' id='word_1_263' title='bbox 1306 2799 1439 2877; x_wconf 85' lang='lat' dir='ltr'><strong>perlecto</strong></span> <span class='ocrx_word' id='word_1_264' title='bbox 1459 2784 1548 2854; x_wconf 73' lang='lat' dir='ltr'><strong>vel</strong></span> 
     </span>
     <span class='ocr_line' id='line_1_26' title="bbox 220 2895 1547 2977; baseline 0 -21"><span class='ocrx_word' id='word_1_265' title='bbox 220 2898 251 2957; x_wconf 90' lang='lat' dir='ltr'><strong>iu</strong></span> <span class='ocrx_word' id='word_1_266' title='bbox 274 2899 354 2957; x_wconf 81' lang='lat' dir='ltr'><strong>omrai</strong></span> <span class='ocrx_word' id='word_1_267' title='bbox 379 2897 539 2977; x_wconf 88' lang='lat' dir='ltr'><strong>praeterito</strong></span> <span class='ocrx_word' id='word_1_268' title='bbox 561 2895 851 2975; x_wconf 74' lang='lat' dir='ltr'><strong>plusquamperfecto</strong></span> <span class='ocrx_word' id='word_1_269' title='bbox 875 2895 918 2956; x_wconf 83' lang='lat' dir='ltr'><strong>rel</strong></span> <span class='ocrx_word' id='word_1_270' title='bbox 946 2897 977 2955; x_wconf 91' lang='lat' dir='ltr'><strong>in</strong></span> <span class='ocrx_word' id='word_1_271' title='bbox 999 2914 1057 2956; x_wconf 80' lang='lat' dir='ltr'><strong>arno</strong></span> <span class='ocrx_word' id='word_1_272' title='bbox 1079 2896 1179 2958; x_wconf 82' lang='lat' dir='ltr'><strong>futuro</strong></span> <span class='ocrx_word' id='word_1_273' title='bbox 1203 2899 1282 2959; x_wconf 89' lang='lat' dir='ltr'><strong>modi</strong></span> <span class='ocrx_word' id='word_1_274' title='bbox 1304 2909 1418 2962; x_wconf 86' lang='lat' dir='ltr'><strong>tantum</strong></span> <span class='ocrx_word' id='word_1_275' title='bbox 1437 2912 1547 2961; x_wconf 84' lang='lat' dir='ltr'><strong>eun·</strong></span> 
     </span>
     <span class='ocr_line' id='line_1_27' title="bbox 182 2996 1546 3078; baseline 0.004 -19"><span class='ocrx_word' id='word_1_276' title='bbox 182 3018 207 3058; x_wconf 78' lang='lat' dir='ltr'><strong>as</strong></span> <span class='ocrx_word' id='word_1_277' title='bbox 221 3000 342 3059; x_wconf 90' lang='lat' dir='ltr'><strong>iunctiri</strong></span> <span class='ocrx_word' id='word_1_278' title='bbox 365 2998 583 3077; x_wconf 89' lang='lat' dir='ltr'><strong>producuntur,</strong></span> <span class='ocrx_word' id='word_1_279' title='bbox 608 2999 638 3057; x_wconf 90' lang='lat' dir='ltr'><strong>in</strong></span> <span class='ocrx_word' id='word_1_280' title='bbox 655 3001 761 3058; x_wconf 91' lang='lat' dir='ltr'><strong>ceteris</strong></span> <span class='ocrx_word' id='word_1_281' title='bbox 783 3008 879 3058; x_wconf 89' lang='lat' dir='ltr'><strong>autem</strong></span> <span class='ocrx_word' id='word_1_282' title='bbox 904 2996 999 3058; x_wconf 91' lang='lat' dir='ltr'><strong>modis</strong></span> <span class='ocrx_word' id='word_1_283' title='bbox 1022 3006 1051 3058; x_wconf 92' lang='lat' dir='ltr'><strong>et</strong></span> <span class='ocrx_word' id='word_1_284' title='bbox 1072 3001 1256 3078; x_wconf 89' lang='lat' dir='ltr'><strong>temporibus</strong></span> <span class='ocrx_word' id='word_1_285' title='bbox 1279 3001 1452 3072; x_wconf 80' lang='lat' dir='ltr'><strong>breviantur,</strong></span> <span class='ocrx_word' id='word_1_286' title='bbox 1493 3000 1546 3055; x_wconf 68' lang='lat'><strong>1¹²</strong></span> 
     </span>
     <span class='ocr_line' id='line_1_28' title="bbox 151 3099 1542 3179; baseline 0.001 -19"><span class='ocrx_word' id='word_1_287' title='bbox 151 3140 157 3151; x_wconf 63' lang='grc'><strong><em>«</em></strong></span> <span class='ocrx_word' id='word_1_288' title='bbox 219 3110 288 3161; x_wconf 91' lang='lat' dir='ltr'><strong>sunt</strong></span> <span class='ocrx_word' id='word_1_289' title='bbox 316 3100 406 3171; x_wconf 79' lang='lat' dir='ltr'><strong>llaec,</strong></span> <span class='ocrx_word' id='word_1_290' title='bbox 437 3100 501 3179; x_wconf 86' lang='lat' dir='ltr'><strong>lego</strong></span> <span class='ocrx_word' id='word_1_291' title='bbox 531 3100 587 3178; x_wconf 82' lang='lat' dir='ltr'><strong>legi</strong></span> <span class='ocrx_word' id='word_1_292' title='bbox 616 3099 745 3177; x_wconf 79' lang='lat' dir='ltr'><strong>legeram</strong></span> <span class='ocrx_word' id='word_1_293' title='bbox 775 3099 891 3179; x_wconf 84' lang='lat' dir='ltr'><strong>legero,</strong></span> <span class='ocrx_word' id='word_1_294' title='bbox 923 3100 1005 3160; x_wconf 74' lang='lat' dir='ltr'><strong>laneo</strong></span> <span class='ocrx_word' id='word_1_295' title='bbox 1034 3101 1089 3159; x_wconf 81' lang='lat' dir='ltr'><strong>lari</strong></span> <span class='ocrx_word' id='word_1_296' title='bbox 1119 3101 1249 3163; x_wconf 85' lang='lat' dir='ltr'><strong>laveram</strong></span> <span class='ocrx_word' id='word_1_297' title='bbox 1278 3104 1392 3176; x_wconf 86' lang='lat' dir='ltr'><strong>lavero,</strong></span> <span class='ocrx_word' id='word_1_298' title='bbox 1424 3099 1542 3165; x_wconf 78' lang='lat' dir='ltr'><strong>renio</strong></span> 
     </span>
     <span class='ocr_line' id='line_1_29' title="bbox 221 3201 1538 3279; baseline 0.005 -17"><span class='ocrx_word' id='word_1_299' title='bbox 221 3205 286 3264; x_wconf 88' lang='lat' dir='ltr'><strong>veni</strong></span> <span class='ocrx_word' id='word_1_300' title='bbox 317 3221 453 3263; x_wconf 77' lang='lat' dir='ltr'><strong>ueneram</strong></span> <span class='ocrx_word' id='word_1_301' title='bbox 484 3220 606 3270; x_wconf 89' lang='lat' dir='ltr'><strong>reuero,</strong></span> <span class='ocrx_word' id='word_1_302' title='bbox 636 3201 716 3278; x_wconf 82' lang='lat' dir='ltr'><strong>fugio</strong></span> <span class='ocrx_word' id='word_1_303' title='bbox 746 3201 805 3278; x_wconf 85' lang='lat' dir='ltr'><strong>lugi</strong></span> <span class='ocrx_word' id='word_1_304' title='bbox 834 3202 966 3279; x_wconf 84' lang='lat' dir='ltr'><strong>lugeram</strong></span> <span class='ocrx_word' id='word_1_305' title='bbox 995 3202 1113 3279; x_wconf 84' lang='lat' dir='ltr'><strong>iugero,</strong></span> <span class='ocrx_word' id='word_1_306' title='bbox 1138 3204 1213 3264; x_wconf 92' lang='lat' dir='ltr'><strong>lacio</strong></span> <span class='ocrx_word' id='word_1_307' title='bbox 1235 3205 1293 3265; x_wconf 89' lang='lat' dir='ltr'><strong>leci</strong></span> <span class='ocrx_word' id='word_1_308' title='bbox 1315 3206 1440 3268; x_wconf 88' lang='lat' dir='ltr'><strong>ieceram</strong></span> <span class='ocrx_word' id='word_1_309' title='bbox 1472 3201 1538 3261; x_wconf 72' lang='lat' dir='ltr'><strong>se·</strong></span> 
     </span>
     <span class='ocr_line' id='line_1_30' title="bbox 220 3298 1534 3376; baseline -0.005 -12"><span class='ocrx_word' id='word_1_310' title='bbox 220 3324 303 3370; x_wconf 88' lang='lat' dir='ltr'><strong>cero,</strong></span> <span class='ocrx_word' id='word_1_311' title='bbox 332 3303 421 3363; x_wconf 90' lang='lat' dir='ltr'><strong>sedeo</strong></span> <span class='ocrx_word' id='word_1_312' title='bbox 450 3303 512 3362; x_wconf 90' lang='lat' dir='ltr'><strong>sedi</strong></span> <span class='ocrx_word' id='word_1_313' title='bbox 540 3303 675 3363; x_wconf 82' lang='lat' dir='ltr'><strong>sederam</strong></span> <span class='ocrx_word' id='word_1_314' title='bbox 703 3301 823 3371; x_wconf 90' lang='lat' dir='ltr'><strong>sedero,</strong></span> <span class='ocrx_word' id='word_1_315' title='bbox 854 3304 932 3363; x_wconf 91' lang='lat' dir='ltr'><strong>ludio</strong></span> <span class='ocrx_word' id='word_1_316' title='bbox 961 3304 1021 3363; x_wconf 91' lang='lat' dir='ltr'><strong>lodi</strong></span> <span class='ocrx_word' id='word_1_317' title='bbox 1051 3303 1183 3364; x_wconf 84' lang='lat' dir='ltr'><strong>luderem</strong></span> <span class='ocrx_word' id='word_1_318' title='bbox 1205 3306 1325 3376; x_wconf 82' lang='lat' dir='ltr'><strong>fodero,</strong></span> <span class='ocrx_word' id='word_1_319' title='bbox 1349 3309 1429 3369; x_wconf 79' lang='lat' dir='ltr'><strong>rideo</strong></span> <span class='ocrx_word' id='word_1_320' title='bbox 1451 3298 1534 3361; x_wconf 79' lang='lat' dir='ltr'><strong>vidi</strong></span> 
     </span>
     <span class='ocr_line' id='line_1_31' title="bbox 219 3405 1526 3475; baseline 0.002 -11"><span class='ocrx_word' id='word_1_321' title='bbox 219 3405 347 3466; x_wconf 87' lang='lat' dir='ltr'><strong>videram</strong></span> <span class='ocrx_word' id='word_1_322' title='bbox 377 3406 493 3475; x_wconf 75' lang='lat' dir='ltr'><strong>videro,</strong></span> <span class='ocrx_word' id='word_1_323' title='bbox 524 3424 612 3465; x_wconf 82' lang='lat' dir='ltr'><strong>voveo</strong></span> <span class='ocrx_word' id='word_1_324' title='bbox 642 3406 704 3463; x_wconf 82' lang='lat' dir='ltr'><strong>rori</strong></span> <span class='ocrx_word' id='word_1_325' title='bbox 733 3423 867 3464; x_wconf 81' lang='lat' dir='ltr'><strong>voveram</strong></span> <span class='ocrx_word' id='word_1_326' title='bbox 896 3424 1015 3474; x_wconf 74' lang='lat' dir='ltr'><strong>rosere,</strong></span> <span class='ocrx_word' id='word_1_327' title='bbox 1045 3407 1129 3465; x_wconf 79' lang='lat' dir='ltr'><strong>some</strong></span> <span class='ocrx_word' id='word_1_328' title='bbox 1157 3406 1215 3467; x_wconf 87' lang='lat' dir='ltr'><strong>lovi</strong></span> <span class='ocrx_word' id='word_1_329' title='bbox 1247 3408 1377 3470; x_wconf 78' lang='lat' dir='ltr'><strong>foveram</strong></span> <span class='ocrx_word' id='word_1_330' title='bbox 1399 3410 1526 3470; x_wconf 78' lang='lat' dir='ltr'><strong>forero,</strong></span> 
     </span>
     <span class='ocr_line' id='line_1_32' title="bbox 181 3488 1587 3586; baseline -0.001 -20"><span class='ocrx_word' id='word_1_331' title='bbox 181 3526 206 3566; x_wconf 85' lang='lat' dir='ltr'><strong>ao</strong></span> <span class='ocrx_word' id='word_1_332' title='bbox 220 3510 285 3567; x_wconf 86' lang='lat' dir='ltr'><strong>iuro</strong></span> <span class='ocrx_word' id='word_1_333' title='bbox 309 3509 366 3567; x_wconf 77' lang='lat' dir='ltr'><strong>iuri</strong></span> <span class='ocrx_word' id='word_1_334' title='bbox 388 3508 517 3567; x_wconf 80' lang='lat' dir='ltr'><strong>luveram</strong></span> <span class='ocrx_word' id='word_1_335' title='bbox 534 3508 649 3575; x_wconf 86' lang='lat' dir='ltr'><strong>iuvere,</strong></span> <span class='ocrx_word' id='word_1_336' title='bbox 674 3524 728 3584; x_wconf 81' lang='lat' dir='ltr'><strong>ago</strong></span> <span class='ocrx_word' id='word_1_337' title='bbox 745 3509 791 3584; x_wconf 79' lang='lat' dir='ltr'><strong>egi</strong></span> <span class='ocrx_word' id='word_1_338' title='bbox 808 3524 925 3585; x_wconf 82' lang='lat' dir='ltr'><strong>egeram</strong></span> <span class='ocrx_word' id='word_1_339' title='bbox 947 3526 1051 3586; x_wconf 80' lang='lat' dir='ltr'><strong>egero,</strong></span> <span class='ocrx_word' id='word_1_340' title='bbox 1076 3528 1142 3568; x_wconf 90' lang='lat' dir='ltr'><strong>emo</strong></span> <span class='ocrx_word' id='word_1_341' title='bbox 1166 3510 1224 3568; x_wconf 87' lang='lat' dir='ltr'><strong>emi</strong></span> <span class='ocrx_word' id='word_1_342' title='bbox 1247 3529 1376 3571; x_wconf 88' lang='lat' dir='ltr'><strong>emeram</strong></span> <span class='ocrx_word' id='word_1_343' title='bbox 1399 3521 1519 3571; x_wconf 79' lang='lat' dir='ltr'><strong>emero,</strong></span> <span class='ocrx_word' id='word_1_344' title='bbox 1585 3488 1587 3503; x_wconf 44' lang='grc' dir='ltr'>Ι</span> 
     </span>
    </p>
   </div>
   <div class='ocr_carea' id='block_1_3' title="bbox 217 3810 1587 4923">
    <p class='ocr_par' dir='ltr' id='par_1_3' title="bbox 292 3810 1499 3884">
     <span class='ocr_line' id='line_1_33' title="bbox 292 3810 1499 3884; baseline 0.007 -22"><span class='ocrx_word' id='word_1_345' title='bbox 292 3810 405 3878; x_wconf 80' lang='lat' dir='ltr'><strong>lliusa]</strong></span> <span class='ocrx_word' id='word_1_346' title='bbox 431 3815 509 3876; x_wconf 74' lang='lat' dir='ltr'><strong>l&#39;erp.</strong></span> <span class='ocrx_word' id='word_1_347' title='bbox 526 3813 591 3864; x_wconf 83' lang='lat' dir='ltr'><strong>Aea.</strong></span> <span class='ocrx_word' id='word_1_348' title='bbox 610 3811 654 3859; x_wconf 83' lang='lat'><strong>18</strong></span> <span class='ocrx_word' id='word_1_349' title='bbox 726 3815 867 3860; x_wconf 69' lang='lat' dir='ltr'><strong>&#39;eruemus</strong></span> <span class='ocrx_word' id='word_1_350' title='bbox 881 3829 930 3874; x_wconf 92' lang='lat' dir='ltr'><strong>quo</strong></span> <span class='ocrx_word' id='word_1_351' title='bbox 951 3813 1053 3861; x_wconf 86' lang='lat' dir='ltr'><strong>numine</strong></span> <span class='ocrx_word' id='word_1_352' title='bbox 1069 3814 1137 3863; x_wconf 85' lang='lat' dir='ltr'><strong>laeso</strong></span> <span class='ocrx_word' id='word_1_353' title='bbox 1152 3818 1176 3864; x_wconf 85' lang='lat' dir='ltr'><strong>el</strong></span> <span class='ocrx_word' id='word_1_354' title='bbox 1246 3815 1345 3880; x_wconf 75' lang='lat' dir='ltr'><strong>:tquae</strong></span> <span class='ocrx_word' id='word_1_355' title='bbox 1364 3817 1455 3868; x_wconf 67' lang='lat' dir='ltr'><strong>tuedo</strong></span> <span class='ocrx_word' id='word_1_356' title='bbox 1469 3824 1499 3884; x_wconf 72' lang='lat'><strong>1¹5</strong></span> 
     </span>
    </p>

    <p class='ocr_par' dir='ltr' id='par_1_4' title="bbox 217 3881 1587 4923">
     <span class='ocr_line' id='line_1_34' title="bbox 220 3881 1582 3945; baseline -0.001 -11"><span class='ocrx_word' id='word_1_357' title='bbox 220 3883 371 3945; x_wconf 68' lang='lat' dir='ltr'><strong>essequod</strong></span> <span class='ocrx_word' id='word_1_358' title='bbox 389 3884 452 3932; x_wconf 85' lang='lat' dir='ltr'><strong>BFe</strong></span> <span class='ocrx_word' id='word_1_359' title='bbox 537 3881 597 3931; x_wconf 81' lang='lat' dir='ltr'><strong>bfit</strong></span> <span class='ocrx_word' id='word_1_360' title='bbox 620 3883 704 3929; x_wconf 71' lang='lat' dir='ltr'><strong>breuis</strong></span> <span class='ocrx_word' id='word_1_361' title='bbox 725 3897 757 3930; x_wconf 90' lang='lat' dir='ltr'><strong>nu</strong></span> <span class='ocrx_word' id='word_1_362' title='bbox 776 3882 888 3930; x_wconf 65' lang='lat' dir='ltr'><strong>elaeae</strong></span> <span class='ocrx_word' id='word_1_363' title='bbox 908 3883 990 3931; x_wconf 75' lang='lat' dir='ltr'><strong>luetis</strong></span> <span class='ocrx_word' id='word_1_364' title='bbox 1009 3894 1046 3932; x_wconf 86' lang='lat' dir='ltr'><strong>est</strong></span> <span class='ocrx_word' id='word_1_365' title='bbox 1065 3898 1097 3932; x_wconf 90' lang='lat' dir='ltr'><strong>nu</strong></span> <span class='ocrx_word' id='word_1_366' title='bbox 1115 3885 1160 3933; x_wconf 84' lang='lat' dir='ltr'><strong>Fel</strong></span> <span class='ocrx_word' id='word_1_367' title='bbox 1244 3887 1495 3938; x_wconf 76' lang='lat' dir='ltr'><strong>limezeutiusaut¹</strong></span> <span class='ocrx_word' id='word_1_368' title='bbox 1579 3892 1582 3897; x_wconf 83' lang='lat'>&#39;</span> 
     </span>
     <span class='ocr_line' id='line_1_35' title="bbox 219 3944 1574 4021; baseline -0.008 -20"><span class='ocrx_word' id='word_1_369' title='bbox 219 3955 302 4002; x_wconf 90' lang='lat' dir='ltr'><strong>littera</strong></span> <span class='ocrx_word' id='word_1_370' title='bbox 316 3954 369 4001; x_wconf 84' lang='lat' dir='ltr'><strong>sola</strong></span> <span class='ocrx_word' id='word_1_371' title='bbox 388 3954 453 4001; x_wconf 84' lang='lat' dir='ltr'><strong>inter</strong></span> <span class='ocrx_word' id='word_1_372' title='bbox 472 3952 535 4002; x_wconf 75' lang='lat' dir='ltr'><strong>illias</strong></span> <span class='ocrx_word' id='word_1_373' title='bbox 550 3952 650 3998; x_wconf 69' lang='lat' dir='ltr'><strong>voe-ades</strong></span> <span class='ocrx_word' id='word_1_374' title='bbox 672 3954 753 4012; x_wconf 80' lang='lat' dir='ltr'><strong>posita</strong></span> <span class='ocrx_word' id='word_1_375' title='bbox 774 3961 799 3999; x_wconf 88' lang='lat' dir='ltr'><strong>nt</strong></span> <span class='ocrx_word' id='word_1_376' title='bbox 818 3954 900 3999; x_wconf 71' lang='lat' dir='ltr'><strong>nrsrior</strong></span> <span class='ocrx_word' id='word_1_377' title='bbox 918 3956 927 4000; x_wconf 87' lang='lat' dir='ltr'><strong>l</strong></span> <span class='ocrx_word' id='word_1_378' title='bbox 997 3952 1013 4001; x_wconf 83' lang='grc'>9</span> <span class='ocrx_word' id='word_1_379' title='bbox 1036 3955 1132 4016; x_wconf 86' lang='lat' dir='ltr'><strong>possita</strong></span> <span class='ocrx_word' id='word_1_380' title='bbox 1148 3953 1226 4003; x_wconf 84' lang='lat' dir='ltr'><strong>luerit</strong></span> <span class='ocrx_word' id='word_1_381' title='bbox 1242 3964 1270 4005; x_wconf 89' lang='lat' dir='ltr'><strong>ut</strong></span> <span class='ocrx_word' id='word_1_382' title='bbox 1288 3966 1355 4006; x_wconf 87' lang='lat' dir='ltr'><strong>amat</strong></span> <span class='ocrx_word' id='word_1_383' title='bbox 1367 3957 1438 4021; x_wconf 71' lang='lat' dir='ltr'><strong>(cerr.</strong></span> <span class='ocrx_word' id='word_1_384' title='bbox 1456 3944 1491 3995; x_wconf 81' lang='lat' dir='ltr'><strong>ari</strong></span> <span class='ocrx_word' id='word_1_385' title='bbox 1571 3980 1574 3985; x_wconf 95' lang='lat'>.</span> 
     </span>
     <span class='ocr_line' id='line_1_36' title="bbox 219 4016 1487 4090; baseline 0 -20"><span class='ocrx_word' id='word_1_386' title='bbox 219 4023 320 4070; x_wconf 83' lang='lat' dir='ltr'><strong>iurmat</strong></span> <span class='ocrx_word' id='word_1_387' title='bbox 338 4038 419 4070; x_wconf 86' lang='lat' dir='ltr'><strong>uenus</strong></span> <span class='ocrx_word' id='word_1_388' title='bbox 437 4022 461 4069; x_wconf 92' lang='lat' dir='ltr'><em>F</em></span> <span class='ocrx_word' id='word_1_389' title='bbox 528 4021 638 4083; x_wconf 78' lang='lat' dir='ltr'><strong>qualibet</strong></span> <span class='ocrx_word' id='word_1_390' title='bbox 659 4020 683 4067; x_wconf 83' lang='lat' dir='ltr'><em>B</em></span> <span class='ocrx_word' id='word_1_391' title='bbox 769 4023 799 4070; x_wconf 81' lang='lat'><strong>12</strong></span> <span class='ocrx_word' id='word_1_392' title='bbox 819 4019 930 4087; x_wconf 81' lang='lat' dir='ltr'><strong>ineptus]</strong></span> <span class='ocrx_word' id='word_1_393' title='bbox 957 4023 1078 4086; x_wconf 85' lang='lat' dir='ltr'><strong>deeeptus</strong></span> <span class='ocrx_word' id='word_1_394' title='bbox 1097 4024 1171 4073; x_wconf 81' lang='lat' dir='ltr'><strong>Beda</strong></span> <span class='ocrx_word' id='word_1_395' title='bbox 1187 4039 1213 4085; x_wconf 89' lang='lat' dir='ltr'><strong>p.</strong></span> <span class='ocrx_word' id='word_1_396' title='bbox 1235 4027 1303 4078; x_wconf 77' lang='lat'><strong>2357</strong></span> <span class='ocrx_word' id='word_1_397' title='bbox 1372 4016 1487 4090; x_wconf 73' lang='lat' dir='ltr'><strong>ipsislllls</strong></span> 
     </span>
     <span class='ocr_line' id='line_1_37' title="bbox 219 4091 1484 4156; baseline 0.001 -17"><span class='ocrx_word' id='word_1_398' title='bbox 219 4091 255 4139; x_wconf 86' lang='lat' dir='ltr'><strong>Fe</strong></span> <span class='ocrx_word' id='word_1_399' title='bbox 338 4092 371 4141; x_wconf 85' lang='lat'><strong>13</strong></span> <span class='ocrx_word' id='word_1_400' title='bbox 389 4093 413 4138; x_wconf 91' lang='lat' dir='ltr'><strong>iu</strong></span> <span class='ocrx_word' id='word_1_401' title='bbox 434 4091 517 4140; x_wconf 86' lang='lat' dir='ltr'><strong>uerbis</strong></span> <span class='ocrx_word' id='word_1_402' title='bbox 536 4099 711 4154; x_wconf 81' lang='lat' dir='ltr'><strong>eonpommtur</strong></span> <span class='ocrx_word' id='word_1_403' title='bbox 724 4092 749 4139; x_wconf 93' lang='lat' dir='ltr'><em>F</em></span> <span class='ocrx_word' id='word_1_404' title='bbox 834 4092 998 4156; x_wconf 76' lang='lat' dir='ltr'><strong>dissyllabam</strong></span> <span class='ocrx_word' id='word_1_405' title='bbox 1016 4108 1084 4145; x_wconf 82' lang='lat' dir='ltr'><strong>corr.</strong></span> <span class='ocrx_word' id='word_1_406' title='bbox 1102 4109 1157 4142; x_wconf 88' lang='lat' dir='ltr'><strong>-um</strong></span> <span class='ocrx_word' id='word_1_407' title='bbox 1175 4095 1200 4141; x_wconf 95' lang='lat' dir='ltr'><em>F</em></span> <span class='ocrx_word' id='word_1_408' title='bbox 1287 4098 1318 4146; x_wconf 78' lang='lat' dir='ltr'><strong>ll</strong></span> <span class='ocrx_word' id='word_1_409' title='bbox 1339 4095 1484 4145; x_wconf 69' lang='lat' dir='ltr'><strong>indesenenter</strong></span> 
     </span>
     <span class='ocr_line' id='line_1_38' title="bbox 219 4160 1566 4229; baseline 0.002 -20"><span class='ocrx_word' id='word_1_410' title='bbox 219 4168 278 4209; x_wconf 83' lang='lat' dir='ltr'><strong>suut</strong></span> <span class='ocrx_word' id='word_1_411' title='bbox 297 4160 322 4208; x_wconf 99' lang='lat' dir='ltr'><em>F</em></span> <span class='ocrx_word' id='word_1_412' title='bbox 338 4161 512 4209; x_wconf 83' lang='lat' dir='ltr'><strong>iudillerenter</strong></span> <span class='ocrx_word' id='word_1_413' title='bbox 531 4162 572 4211; x_wconf 86' lang='lat' dir='ltr'><strong>.ll.</strong></span> <span class='ocrx_word' id='word_1_414' title='bbox 592 4168 649 4207; x_wconf 78' lang='lat' dir='ltr'><strong>sarrit</strong></span> <span class='ocrx_word' id='word_1_415' title='bbox 667 4175 681 4208; x_wconf 87' lang='lat' dir='ltr'><strong>e</strong></span> <span class='ocrx_word' id='word_1_416' title='bbox 699 4161 877 4210; x_wconf 78' lang='lat' dir='ltr'><strong>irulellerenter</strong></span> <span class='ocrx_word' id='word_1_417' title='bbox 897 4174 979 4209; x_wconf 80' lang='lat' dir='ltr'><strong>aruem</strong></span> <span class='ocrx_word' id='word_1_418' title='bbox 999 4162 1023 4210; x_wconf 85' lang='lat' dir='ltr'><em>B</em></span> <span class='ocrx_word' id='word_1_419' title='bbox 1042 4163 1215 4212; x_wconf 80' lang='lat' dir='ltr'><strong>indifferentes</strong></span> <span class='ocrx_word' id='word_1_420' title='bbox 1230 4175 1313 4216; x_wconf 83' lang='lat' dir='ltr'><strong>autem</strong></span> <span class='ocrx_word' id='word_1_421' title='bbox 1331 4176 1414 4219; x_wconf 65' lang='lat' dir='ltr'><strong>suntq</strong></span> <span class='ocrx_word' id='word_1_422' title='bbox 1465 4222 1470 4229; x_wconf 43' lang='lat'><em>,</em></span> <span class='ocrx_word' id='word_1_423' title='bbox 1560 4166 1566 4174; x_wconf 79' lang='grc'><em>”</em></span> 
     </span>
     <span class='ocr_line' id='line_1_39' title="bbox 219 4225 1587 4293; baseline 0.004 -16"><span class='ocrx_word' id='word_1_424' title='bbox 219 4229 391 4293; x_wconf 84' lang='lat' dir='ltr'><strong>trissyllabam</strong></span> <span class='ocrx_word' id='word_1_425' title='bbox 410 4246 477 4280; x_wconf 74' lang='lat' dir='ltr'><strong>eurr.</strong></span> <span class='ocrx_word' id='word_1_426' title='bbox 497 4245 552 4276; x_wconf 84' lang='lat' dir='ltr'><strong>-inn</strong></span> <span class='ocrx_word' id='word_1_427' title='bbox 569 4230 594 4276; x_wconf 94' lang='lat' dir='ltr'><em>F</em></span> <span class='ocrx_word' id='word_1_428' title='bbox 662 4230 694 4279; x_wconf 78' lang='lat'><strong>15</strong></span> <span class='ocrx_word' id='word_1_429' title='bbox 711 4230 802 4279; x_wconf 86' lang='lat' dir='ltr'><strong>adiecit</strong></span> <span class='ocrx_word' id='word_1_430' title='bbox 818 4232 908 4281; x_wconf 80' lang='lat' dir='ltr'><strong>obierit</strong></span> <span class='ocrx_word' id='word_1_431' title='bbox 931 4233 1014 4279; x_wconf 83' lang='lat' dir='ltr'><strong>iniecit</strong></span> <span class='ocrx_word' id='word_1_432' title='bbox 1034 4233 1139 4281; x_wconf 85' lang='lat' dir='ltr'><strong>subiecit</strong></span> <span class='ocrx_word' id='word_1_433' title='bbox 1158 4249 1227 4287; x_wconf 84' lang='lat' dir='ltr'><strong>corr.</strong></span> <span class='ocrx_word' id='word_1_434' title='bbox 1248 4237 1326 4286; x_wconf 89' lang='lat' dir='ltr'><strong>adicit</strong></span> <span class='ocrx_word' id='word_1_435' title='bbox 1343 4236 1411 4285; x_wconf 84' lang='lat' dir='ltr'><strong>obicit</strong></span> <span class='ocrx_word' id='word_1_436' title='bbox 1423 4225 1476 4277; x_wconf 68' lang='lat' dir='ltr'><strong>inicit</strong></span> <span class='ocrx_word' id='word_1_437' title='bbox 1572 4252 1587 4282; x_wconf 81' lang='lat'><strong>.:</strong></span> 
     </span>
     <span class='ocr_line' id='line_1_40' title="bbox 219 4299 1570 4362; baseline 0.004 -14"><span class='ocrx_word' id='word_1_438' title='bbox 219 4299 311 4350; x_wconf 87' lang='lat' dir='ltr'><strong>subicit</strong></span> <span class='ocrx_word' id='word_1_439' title='bbox 328 4300 351 4347; x_wconf 90' lang='lat' dir='ltr'><em>F</em></span> <span class='ocrx_word' id='word_1_440' title='bbox 432 4299 619 4362; x_wconf 81' lang='lat' dir='ltr'><strong>tetrasyllabam</strong></span> <span class='ocrx_word' id='word_1_441' title='bbox 639 4315 706 4348; x_wconf 85' lang='lat' dir='ltr'><strong>corr.</strong></span> <span class='ocrx_word' id='word_1_442' title='bbox 727 4315 781 4348; x_wconf 90' lang='lat' dir='ltr'><strong>-um</strong></span> <span class='ocrx_word' id='word_1_443' title='bbox 801 4303 825 4350; x_wconf 92' lang='lat' dir='ltr'><em>F</em></span> <span class='ocrx_word' id='word_1_444' title='bbox 912 4302 943 4354; x_wconf 78' lang='grc'><strong>111</strong></span> <span class='ocrx_word' id='word_1_445' title='bbox 965 4301 1064 4351; x_wconf 88' lang='lat' dir='ltr'><strong>adiecio</strong></span> <span class='ocrx_word' id='word_1_446' title='bbox 1084 4302 1180 4352; x_wconf 87' lang='lat' dir='ltr'><strong>obiecio</strong></span> <span class='ocrx_word' id='word_1_447' title='bbox 1198 4304 1289 4357; x_wconf 85' lang='lat' dir='ltr'><strong>inieeio</strong></span> <span class='ocrx_word' id='word_1_448' title='bbox 1309 4305 1409 4356; x_wconf 77' lang='lat' dir='ltr'><strong>subiecit</strong></span> <span class='ocrx_word' id='word_1_449' title='bbox 1421 4307 1474 4346; x_wconf 61' lang='lat' dir='ltr'><strong>diff*</strong></span> <span class='ocrx_word' id='word_1_450' title='bbox 1550 4300 1570 4345; x_wconf 62' lang='lat'><strong>&#39;‘⁴-</strong></span> 
     </span>
     <span class='ocr_line' id='line_1_41' title="bbox 220 4368 1570 4439; baseline 0.009 -21"><span class='ocrx_word' id='word_1_451' title='bbox 220 4369 302 4418; x_wconf 84' lang='lat' dir='ltr'><strong>odicio</strong></span> <span class='ocrx_word' id='word_1_452' title='bbox 316 4368 399 4418; x_wconf 82' lang='lat' dir='ltr'><strong>obicio</strong></span> <span class='ocrx_word' id='word_1_453' title='bbox 414 4368 488 4419; x_wconf 90' lang='lat' dir='ltr'><strong>inicio</strong></span> <span class='ocrx_word' id='word_1_454' title='bbox 507 4369 605 4417; x_wconf 80' lang='lat' dir='ltr'><strong>subicio</strong></span> <span class='ocrx_word' id='word_1_455' title='bbox 619 4369 643 4416; x_wconf 95' lang='lat' dir='ltr'><em>F</em></span> <span class='ocrx_word' id='word_1_456' title='bbox 712 4370 742 4419; x_wconf 82' lang='lat'><strong>17</strong></span> <span class='ocrx_word' id='word_1_457' title='bbox 757 4371 904 4435; x_wconf 85' lang='lat' dir='ltr'><strong>plerumque</strong></span> <span class='ocrx_word' id='word_1_458' title='bbox 919 4375 1092 4434; x_wconf 81' lang='lat' dir='ltr'><strong>producantur</strong></span> <span class='ocrx_word' id='word_1_459' title='bbox 1109 4388 1123 4422; x_wconf 87' lang='lat' dir='ltr'><strong>e</strong></span> <span class='ocrx_word' id='word_1_460' title='bbox 1193 4374 1226 4424; x_wconf 88' lang='lat'><strong>18</strong></span> <span class='ocrx_word' id='word_1_461' title='bbox 1241 4391 1342 4439; x_wconf 75' lang='lat' dir='ltr'><strong>praeces</strong></span> <span class='ocrx_word' id='word_1_462' title='bbox 1357 4388 1414 4422; x_wconf 83' lang='lat' dir='ltr'><strong>corr.</strong></span> <span class='ocrx_word' id='word_1_463' title='bbox 1429 4376 1472 4429; x_wconf 61' lang='grc' dir='ltr'><strong>ΡΝ·</strong></span> <span class='ocrx_word' id='word_1_464' title='bbox 1550 4383 1570 4413; x_wconf 83' lang='grc'><strong>“’-’</strong></span> 
     </span>
     <span class='ocr_line' id='line_1_42' title="bbox 219 4437 1587 4510; baseline 0.002 -23"><span class='ocrx_word' id='word_1_465' title='bbox 219 4455 262 4488; x_wconf 86' lang='lat' dir='ltr'><strong>ces</strong></span> <span class='ocrx_word' id='word_1_466' title='bbox 283 4437 307 4487; x_wconf 85' lang='lat' dir='ltr'><em>F</em></span> <span class='ocrx_word' id='word_1_467' title='bbox 321 4439 404 4503; x_wconf 87' lang='lat' dir='ltr'><strong>precis</strong></span> <span class='ocrx_word' id='word_1_468' title='bbox 424 4439 448 4487; x_wconf 90' lang='lat' dir='ltr'><em>B</em></span> <span class='ocrx_word' id='word_1_469' title='bbox 463 4454 552 4503; x_wconf 86' lang='lat' dir='ltr'><strong>precor</strong></span> <span class='ocrx_word' id='word_1_470' title='bbox 567 4455 596 4488; x_wconf 90' lang='lat' dir='ltr'><strong>e:</strong></span> <span class='ocrx_word' id='word_1_471' title='bbox 616 4453 704 4504; x_wconf 83' lang='lat' dir='ltr'><strong>preces</strong></span> <span class='ocrx_word' id='word_1_472' title='bbox 723 4440 853 4503; x_wconf 85' lang='lat' dir='ltr'><strong>prehendo</strong></span> <span class='ocrx_word' id='word_1_473' title='bbox 866 4450 890 4490; x_wconf 87' lang='lat' dir='ltr'><strong>et</strong></span> <span class='ocrx_word' id='word_1_474' title='bbox 906 4456 997 4503; x_wconf 89' lang='lat' dir='ltr'><strong>queror</strong></span> <span class='ocrx_word' id='word_1_475' title='bbox 1007 4456 1036 4497; x_wconf 82' lang='grc' dir='ltr'><strong>ς;</strong></span> <span class='ocrx_word' id='word_1_476' title='bbox 1054 4442 1202 4493; x_wconf 84' lang='lat' dir='ltr'><strong>breviantur</strong></span> <span class='ocrx_word' id='word_1_477' title='bbox 1218 4459 1277 4493; x_wconf 81' lang='lat' dir='ltr'><strong>vero</strong></span> <span class='ocrx_word' id='word_1_478' title='bbox 1292 4445 1392 4510; x_wconf 89' lang='lat' dir='ltr'><strong>pretium</strong></span> <span class='ocrx_word' id='word_1_479' title='bbox 1403 4442 1471 4504; x_wconf 71' lang='lat' dir='ltr'><strong>precer</strong></span> <span class='ocrx_word' id='word_1_480' title='bbox 1545 4446 1587 4490; x_wconf 59' lang='lat'><strong>³12:</strong></span> 
     </span>
     <span class='ocr_line' id='line_1_43' title="bbox 219 4506 1553 4574; baseline 0.005 -17"><span class='ocrx_word' id='word_1_481' title='bbox 219 4524 305 4573; x_wconf 90' lang='lat' dir='ltr'><strong>premo</strong></span> <span class='ocrx_word' id='word_1_482' title='bbox 325 4508 453 4573; x_wconf 90' lang='lat' dir='ltr'><strong>prehendo</strong></span> <span class='ocrx_word' id='word_1_483' title='bbox 469 4517 493 4558; x_wconf 92' lang='lat' dir='ltr'><strong>et</strong></span> <span class='ocrx_word' id='word_1_484' title='bbox 513 4524 605 4572; x_wconf 84' lang='lat' dir='ltr'><strong>queror</strong></span> <span class='ocrx_word' id='word_1_485' title='bbox 624 4509 698 4558; x_wconf 83' lang='lat' dir='ltr'><strong>Beda</strong></span> <span class='ocrx_word' id='word_1_486' title='bbox 769 4512 946 4559; x_wconf 85' lang='lat' dir='ltr'><strong>dirinationem</strong></span> <span class='ocrx_word' id='word_1_487' title='bbox 965 4512 1017 4560; x_wconf 86' lang='lat' dir='ltr'><strong>BF</strong></span> <span class='ocrx_word' id='word_1_488' title='bbox 1085 4512 1115 4561; x_wconf 76' lang='lat' dir='ltr'><strong>itt</strong></span> <span class='ocrx_word' id='word_1_489' title='bbox 1131 4529 1180 4574; x_wconf 91' lang='lat' dir='ltr'><strong>que</strong></span> <span class='ocrx_word' id='word_1_490' title='bbox 1194 4517 1387 4565; x_wconf 78' lang='lat' dir='ltr'><strong>coriirrnctioueua</strong></span> <span class='ocrx_word' id='word_1_491' title='bbox 1402 4509 1422 4558; x_wconf 81' lang='lat' dir='ltr'><em>F</em></span> <span class='ocrx_word' id='word_1_492' title='bbox 1433 4511 1468 4563; x_wconf 64' lang='lat' dir='ltr'><strong>‘ll‘</strong></span> <span class='ocrx_word' id='word_1_493' title='bbox 1542 4506 1553 4527; x_wconf 61' lang='lat'>⁸</span> 
     </span>
     <span class='ocr_line' id='line_1_44' title="bbox 218 4577 1551 4646; baseline -0.002 -20"><span class='ocrx_word' id='word_1_494' title='bbox 218 4579 404 4629; x_wconf 89' lang='lat' dir='ltr'><strong>coniunctioB</strong></span> <span class='ocrx_word' id='word_1_495' title='bbox 473 4579 531 4626; x_wconf 87' lang='lat' dir='ltr'><strong>item</strong></span> <span class='ocrx_word' id='word_1_496' title='bbox 553 4589 699 4630; x_wconf 85' lang='lat' dir='ltr'><strong>econtrae</strong></span> <span class='ocrx_word' id='word_1_497' title='bbox 769 4581 803 4629; x_wconf 75' lang='lat'><strong>⁶20</strong></span> <span class='ocrx_word' id='word_1_498' title='bbox 822 4597 853 4629; x_wconf 75' lang='lat' dir='ltr'><strong>en</strong></span> <span class='ocrx_word' id='word_1_499' title='bbox 872 4580 971 4629; x_wconf 83' lang='lat' dir='ltr'><strong>hisdem</strong></span> <span class='ocrx_word' id='word_1_500' title='bbox 989 4582 1040 4632; x_wconf 88' lang='lat' dir='ltr'><strong>BF</strong></span> <span class='ocrx_word' id='word_1_501' title='bbox 1055 4598 1086 4630; x_wconf 88' lang='lat' dir='ltr'><strong>ex</strong></span> <span class='ocrx_word' id='word_1_502' title='bbox 1104 4582 1233 4633; x_wconf 88' lang='lat' dir='ltr'><strong>eisdeme</strong></span> <span class='ocrx_word' id='word_1_503' title='bbox 1285 4586 1310 4633; x_wconf 92' lang='lat' dir='ltr'><strong>in</strong></span> <span class='ocrx_word' id='word_1_504' title='bbox 1327 4577 1466 4646; x_wconf 76' lang='lat' dir='ltr'><strong>conpositione</strong></span> <span class='ocrx_word' id='word_1_505' title='bbox 1538 4590 1551 4597; x_wconf 87' lang='lat'><strong>··</strong></span> 
     </span>
     <span class='ocr_line' id='line_1_45' title="bbox 217 4646 1584 4717; baseline 0.006 -22"><span class='ocrx_word' id='word_1_506' title='bbox 217 4647 253 4696; x_wconf 86' lang='lat' dir='ltr'><strong>Bi</strong></span> <span class='ocrx_word' id='word_1_507' title='bbox 269 4650 294 4696; x_wconf 88' lang='lat' dir='ltr'><strong>iu</strong></span> <span class='ocrx_word' id='word_1_508' title='bbox 313 4649 529 4714; x_wconf 76' lang='lat' dir='ltr'><strong>corapositionibus</strong></span> <span class='ocrx_word' id='word_1_509' title='bbox 547 4665 641 4698; x_wconf 82' lang='lat' dir='ltr'><strong>ecorr.</strong></span> <span class='ocrx_word' id='word_1_510' title='bbox 657 4664 718 4699; x_wconf 90' lang='lat' dir='ltr'><strong>-one</strong></span> <span class='ocrx_word' id='word_1_511' title='bbox 735 4649 759 4698; x_wconf 91' lang='lat' dir='ltr'><em>F</em></span> <span class='ocrx_word' id='word_1_512' title='bbox 828 4653 859 4700; x_wconf 85' lang='lat' dir='ltr'><strong>de</strong></span> <span class='ocrx_word' id='word_1_513' title='bbox 879 4660 902 4699; x_wconf 88' lang='lat' dir='ltr'><strong>et</strong></span> <span class='ocrx_word' id='word_1_514' title='bbox 921 4667 965 4716; x_wconf 91' lang='lat' dir='ltr'><strong>pro</strong></span> <span class='ocrx_word' id='word_1_515' title='bbox 984 4668 1028 4704; x_wconf 80' lang='lat' dir='ltr'><strong>uni.</strong></span> <span class='ocrx_word' id='word_1_516' title='bbox 1049 4651 1103 4710; x_wconf 82' lang='lat' dir='ltr'><strong>BF,</strong></span> <span class='ocrx_word' id='word_1_517' title='bbox 1119 4653 1180 4705; x_wconf 81' lang='lat' dir='ltr'><strong>add.</strong></span> <span class='ocrx_word' id='word_1_518' title='bbox 1201 4669 1215 4703; x_wconf 87' lang='lat' dir='ltr'><strong>e</strong></span> <span class='ocrx_word' id='word_1_519' title='bbox 1234 4662 1258 4704; x_wconf 91' lang='lat' dir='ltr'><strong>et</strong></span> <span class='ocrx_word' id='word_1_520' title='bbox 1276 4656 1300 4703; x_wconf 85' lang='lat' dir='ltr'><strong>in</strong></span> <span class='ocrx_word' id='word_1_521' title='bbox 1317 4646 1430 4717; x_wconf 59' lang='lat' dir='ltr'><strong>norwl</strong></span> <span class='ocrx_word' id='word_1_522' title='bbox 1549 4658 1584 4699; x_wconf 70' lang='lat'><strong>2-=</strong></span> 
     </span>
     <span class='ocr_line' id='line_1_46' title="bbox 218 4712 1549 4788; baseline 0.006 -22"><span class='ocrx_word' id='word_1_523' title='bbox 218 4717 250 4767; x_wconf 80' lang='lat'><strong>21</strong></span> <span class='ocrx_word' id='word_1_524' title='bbox 270 4719 362 4767; x_wconf 92' lang='lat' dir='ltr'><strong>deinde</strong></span> <span class='ocrx_word' id='word_1_525' title='bbox 379 4735 425 4772; x_wconf 78' lang='lat' dir='ltr'><strong>ern.</strong></span> <span class='ocrx_word' id='word_1_526' title='bbox 447 4718 501 4777; x_wconf 85' lang='lat' dir='ltr'><strong>BF,</strong></span> <span class='ocrx_word' id='word_1_527' title='bbox 519 4718 578 4771; x_wconf 78' lang='lat' dir='ltr'><strong>edd.</strong></span> <span class='ocrx_word' id='word_1_528' title='bbox 600 4725 623 4770; x_wconf 86' lang='lat' dir='ltr'><strong>ei</strong></span> <span class='ocrx_word' id='word_1_529' title='bbox 692 4719 815 4784; x_wconf 84' lang='lat' dir='ltr'><strong>prularms</strong></span> <span class='ocrx_word' id='word_1_530' title='bbox 835 4738 882 4774; x_wconf 80' lang='lat' dir='ltr'><strong>orn,</strong></span> <span class='ocrx_word' id='word_1_531' title='bbox 900 4721 938 4769; x_wconf 87' lang='lat' dir='ltr'><strong>Be</strong></span> <span class='ocrx_word' id='word_1_532' title='bbox 956 4721 1031 4772; x_wconf 84' lang='lat' dir='ltr'><strong>b&#39;edu</strong></span> <span class='ocrx_word' id='word_1_533' title='bbox 1102 4737 1216 4788; x_wconf 85' lang='lat' dir='ltr'><strong>proavus</strong></span> <span class='ocrx_word' id='word_1_534' title='bbox 1241 4741 1287 4777; x_wconf 75' lang='lat' dir='ltr'><strong>oia.</strong></span> <span class='ocrx_word' id='word_1_535' title='bbox 1304 4725 1328 4773; x_wconf 92' lang='lat' dir='ltr'><em>F</em></span> <span class='ocrx_word' id='word_1_536' title='bbox 1385 4712 1463 4767; x_wconf 67' lang='lat'><strong>2²³¹¹¹¹¹</strong></span> <span class='ocrx_word' id='word_1_537' title='bbox 1536 4712 1549 4732; x_wconf 75' lang='lat'><strong>&#39;&#39;</strong></span> 
     </span>
     <span class='ocr_line' id='line_1_47' title="bbox 218 4782 1587 4853; baseline -0.007 -19"><span class='ocrx_word' id='word_1_538' title='bbox 218 4796 301 4836; x_wconf 85' lang='lat' dir='ltr'><strong>autem</strong></span> <span class='ocrx_word' id='word_1_539' title='bbox 318 4789 342 4837; x_wconf 92' lang='lat' dir='ltr'><em>F</em></span> <span class='ocrx_word' id='word_1_540' title='bbox 409 4788 597 4853; x_wconf 80' lang='lat' dir='ltr'><strong>23permotant</strong></span> <span class='ocrx_word' id='word_1_541' title='bbox 614 4790 665 4839; x_wconf 81' lang='lat' dir='ltr'><strong>BF</strong></span> <span class='ocrx_word' id='word_1_542' title='bbox 732 4806 796 4852; x_wconf 87' lang='lat' dir='ltr'><strong>quae</strong></span> <span class='ocrx_word' id='word_1_543' title='bbox 813 4793 899 4841; x_wconf 86' lang='lat' dir='ltr'><strong>subter</strong></span> <span class='ocrx_word' id='word_1_544' title='bbox 917 4802 975 4841; x_wconf 87' lang='lat' dir='ltr'><strong>sunt</strong></span> <span class='ocrx_word' id='word_1_545' title='bbox 993 4792 1097 4842; x_wconf 84' lang='lat' dir='ltr'><strong>collecto</strong></span> <span class='ocrx_word' id='word_1_546' title='bbox 1116 4793 1251 4844; x_wconf 80' lang='lat' dir='ltr'><strong>I’utsedius</strong></span> <span class='ocrx_word' id='word_1_547' title='bbox 1318 4795 1347 4843; x_wconf 75' lang='lat'><strong>24</strong></span> <span class='ocrx_word' id='word_1_548' title='bbox 1366 4782 1461 4849; x_wconf 74' lang='lat' dir='ltr'><strong>aelplte</strong></span> <span class='ocrx_word' id='word_1_549' title='bbox 1535 4788 1587 4835; x_wconf 53' lang='lat' dir='ltr'><strong>app.</strong></span> 
     </span>
     <span class='ocr_line' id='line_1_48' title="bbox 217 4857 1278 4923; baseline 0.007 -17"><span class='ocrx_word' id='word_1_550' title='bbox 217 4857 408 4923; x_wconf 84' lang='lat' dir='ltr'><strong>quamperlecto</strong></span> <span class='ocrx_word' id='word_1_551' title='bbox 426 4859 449 4906; x_wconf 93' lang='lat' dir='ltr'><em>F</em></span> <span class='ocrx_word' id='word_1_552' title='bbox 517 4858 551 4908; x_wconf 76' lang='lat'><strong>28</strong></span> <span class='ocrx_word' id='word_1_553' title='bbox 570 4858 686 4911; x_wconf 85' lang='lat' dir='ltr'><strong>ludioel</strong></span> <span class='ocrx_word' id='word_1_554' title='bbox 705 4860 846 4912; x_wconf 80' lang='lat' dir='ltr'><strong>lodeoBF</strong></span> <span class='ocrx_word' id='word_1_555' title='bbox 915 4862 1020 4912; x_wconf 80' lang='lat' dir='ltr'><strong>30e1no</strong></span> <span class='ocrx_word' id='word_1_556' title='bbox 1041 4863 1168 4913; x_wconf 74' lang='lat' dir='ltr'><strong>—odero</strong></span> <span class='ocrx_word' id='word_1_557' title='bbox 1187 4879 1233 4917; x_wconf 71' lang='lat' dir='ltr'><strong>onn</strong></span> <span class='ocrx_word' id='word_1_558' title='bbox 1255 4865 1278 4913; x_wconf 90' lang='lat' dir='ltr'><em>F</em></span> 
     </span>
    </p>
   </div>
   <div class='ocr_carea' id='block_1_4' title="bbox 0 0 1662 5506">
    <p class='ocr_par' dir='ltr' id='par_1_5' title="bbox 0 0 1662 5506">
     <span class='ocr_line' id='line_1_49' title="bbox 0 0 1662 5506; baseline 0 3"><span class='ocrx_word' id='word_1_559' title='bbox 0 0 1662 5506; x_wconf 95' lang='lat' dir='ltr'><strong> </strong></span> 
     </span>
    </p>
   </div>
  </div>
 </body>
</html>
