3346 5506
690 336 877 403 tubunnis
899 335 1024 400 38-45
1444 342 1503 405 199

1309 455 1374 496 .ll·'r.
1384 456 1410 496 tu
1426 455 1451 500 V.

235 543 320 588 surus
332 542 391 587 nou
405 542 502 595 mora,
523 524 620 603 neptis
635 540 695 587 uon
713 522 849 602 nepticla,
871 540 945 585 antis
959 541 1019 585 uon
1034 522 1138 593 anicla,
1159 525 1268 586 tondeo
1284 467 1344 587 non
1363 527 1501 597 detondo,

236 629 298 689 nrm
313 628 470 697 marius,
494 626 592 706 inrogo
614 642 674 687 non
695 642 814 704 emago,
840 641 931 704 paror
955 642 1015 686 non
1035 644 1122 705 paor,
1146 624 1269 688 coluber
1292 644 1351 688 non
1370 627 1501 700 coluber,

235 728 315 808 adipes
326 745 385 789 non
400 726 501 807 alipes,
523 725 627 789 sibilus
641 744 702 788 non
716 725 819 797 sitilus,
840 726 984 789 frustrum
999 744 1060 787 non
1075 728 1209 797 irustum,
1232 727 1317 808 plebs
1332 745 1393 790 non
1406 729 1500 810 pleps,

235 828 349 909 pnulus
366 846 428 891 non
448 826 579 909 garrulus,
601 826 763 909 parentalia
784 844 845 890 non
864 826 1042 906 parentalia,
1065 827 1164 890 celebs
1183 846 1242 889 non
1261 828 1373 908 celeps,
1397 831 1501 912 poples

235 949 278 991 non
294 928 406 1012 poples.
428 929 563 1010 locuples
583 948 644 992 non
663 928 816 1010 locuplex,
840 928 945 1006 robigo
968 947 1028 991 non
1049 930 1172 1009 rubigo,
1197 929 1292 1011 plasta
1315 950 1374 993 nou
1396 931 1527 1005 blastus

236 1031 347 1112 bipennis
366 1048 427 1094 non
447 1031 586 1113 bipiunis,
609 1038 831 1094 ermeneumata
852 1047 912 1091 uon
934 1033 1143 1103 orminomata,
1166 1039 1277 1112 tymum
1297 1051 1357 1094 uon
1377 1042 1500 1106 tuntum,

236 1134 307 1196 uon
326 1152 385 1196 non
405 1142 524 1213 sinopa,
556 1132 691 1197 bitumen
712 1151 773 1195 non
794 1132 954 1203 butumeu,
986 1150 1107 1211 mergus
1130 1149 1191 1195 non
1213 1133 1378 1213 mergulus,
1406 1146 1500 1217 myrta

238 1253 280 1296 non
297 1244 404 1309 muria,
433 1235 543 1298 nisiben
570 1253 631 1297 non
655 1235 779 1315 simper,
804 1235 950 1314 iunipirus
979 1253 1040 1296 non
1062 1237 1229 1314 iuniperus,
1259 1235 1424 1299 tolerabilis
1442 1256 1499 1298 non

240 1333 388 1407 iderabilis.
417 1336 539 1400 basilica
560 1355 621 1399 uon
635 1333 649 1421 ΙΙ
664 1335 816 1406 bassilica,
849 1335 959 1398 tribula
984 1354 1042 1398 non
1065 1337 1166 1408 tribla,
1199 1340 1300 1402 viridis
1320 1357 1378 1401 non
1401 1340 1500 1408 virdis,

241 1437 413 1501 tmsiabiliius
426 1457 489 1501 non
506 1438 692 1510 instabilibus,
710 1440 816 1501 Sirena
835 1456 894 1499 nou
916 1437 1037 1507 Serena,
1062 1441 1188 1501 musium
1212 1439 1256 1503 vel
1274 1442 1419 1504 musivum
1441 1460 1540 1505 nonio

242 1556 361 1612 nusum,
382 1538 485 1603 labsus
505 1557 567 1603 nou
587 1540 702 1620 lapsus,
725 1539 879 1618 orilegium
899 1558 959 1601 non
981 1539 1163 1621 orologium,
1184 1544 1277 1604 ostiae
1295 1560 1354 1604 non
1376 1543 1499 1613 hostiae,

244 1638 388 1729 Februarius
408 1660 469 1706 non
490 1641 666 1714 Febrarius,
695 1641 769 1722 glari
790 1660 850 1702 non
873 1640 978 1711 oracli,
1002 1641 1076 1704 allec
1097 1661 1155 1703 non
1179 1642 1271 1713 aller,
1298 1643 1419 1706 rabidus
1440 1663 1500 1707 nou

244 1738 358 1814 rabiosus,
382 1743 590 1807 ununaoulom
610 1762 670 1807 non
690 1742 913 1812 tintinabulum,
936 1744 1021 1805 Adon
1040 1762 1099 1806 nou
1122 1745 1268 1815 ddonius,
1295 1745 1421 1824 grundio
1441 1765 1499 1807 non

244 1846 347 1919 punicu
365 1845 473 1926 vapulo
495 1863 556 1907 nou
572 1844 670 1925 baplo,
692 1864 788 1908 necne
806 1863 866 1907 non
888 1863 1015 1915 necnec,
1035 1847 1143 1925 passim
1166 1865 1225 1906 non
1248 1848 1341 1926 passi,
1365 1851 1501 1928 numquit

244 1960 286 2004 nou
302 1949 442 2029 nimquit,
472 1964 634 2027 numquam
657 1940 716 2010 nou
738 1965 886 2028 numqua,
919 1947 1073 2009 nobiscum
1096 1966 1154 2008 non
1182 1966 1321 2019 nuscum,
1349 1948 1499 2011 vobiscum
1515 1974 1538 2014 m

245 2060 285 2105 non
300 2067 426 2121 romum,
456 2050 556 2112 nescio
573 2047 624 2111 ubi
646 2065 705 2110 non
726 2049 917 2120 nesciooube,
940 2049 1056 2129 pridem
1079 2068 1137 2110 non
1159 2051 1258 2129 pride,
1281 2050 1349 2111 olim
1370 2069 1429 2112 nou
1451 2050 1499 2120 oli,

245 2144 314 2213 adu
330 2168 387 2213 non
408 2150 496 2222 aduc,
519 2149 599 2213 idem
619 2168 679 2212 uon
701 2150 758 2221 ide,
780 2151 894 2213 amiors
916 2169 974 2212 nou
995 2170 1125 2232 ampora.

302 2352 372 2417 luter
390 2362 524 2417 austrum
541 2362 571 2417 et
589 2362 701 2416 ostrum
723 2354 781 2416 hoe
803 2355 935 2425 interest,
958 2354 1038 2435 quod
1061 2361 1193 2418 austrum
1209 2364 1325 2418 ventum
1347 2357 1499 2434 signilieat,

242 2456 324 2517 mrum
340 2474 410 2518 vero
430 2474 595 2537 purpuram
615 2475 682 2519 csse
701 2456 891 2519 demonstrat.

301 2555 373 2621 luter
391 2558 448 2619 hos
467 2565 497 2621 et
517 2576 551 2621 os
572 2558 630 2620 hoc
649 2559 789 2628 interest,
817 2558 897 2638 quod
922 2559 978 2620 hos
997 2576 1162 2638 pronomen
1184 2559 1344 2637 signifieat,
1374 2577 1407 2620 os
1429 2579 1498 2622 vero
1514 2582 1540 2623 ro

241 2650 322 2721 illum
341 2678 407 2723 esse
429 2659 620 2723 demonstrat

265 2827 271 2835 ,
300 2760 373 2825 lnior
401 2759 482 2824 labat
510 2771 540 2826 ei
564 2761 641 2823 lavat
667 2761 725 2824 hoo
746 2764 884 2834 interest,
914 2761 993 2842 quod
1021 2760 1101 2823 labat
1124 2770 1209 2824 numi
1236 2764 1396 2842 significat,
1425 2762 1501 2825 lavat

240 2870 290 2919 'lit
303 2860 424 2927 lotorem
446 2880 512 2927 ease
530 2865 721 2927 demonstrat.

300 2964 372 3029 lnier
394 2964 511 3028 ebrium
533 2974 563 3028 et
582 2965 732 3028 ebriosum
753 2965 811 3026 hoc
831 2968 969 3035 interest,
992 2965 1071 3047 qnod
1095 2964 1210 3027 ebrium
1233 2966 1269 3027 ad
1289 2975 1405 3046 ternpus
1425 2964 1499 3027 mul·

239 3062 282 3123 lun
297 3064 401 3131 bibisse
418 3067 573 3147 signifieat,
596 3067 748 3130 ebriosum
764 3086 833 3130 vero
854 3085 972 3147 semper
996 3066 1119 3129 miiitum
1134 3066 1284 3129 bibentem
1306 3069 1496 3129 demonstret.
1512 3092 1537 3130 os

299 3168 373 3232 lnier
391 3168 501 3232 lseium
523 3177 553 3233 et
571 3169 662 3232 letum
685 3169 742 3230 boc
762 3171 895 3240 interest,
917 3169 996 3250 quod
1017 3168 1126 3232 laetum
1149 3170 1325 3248 gaudentem
1346 3172 1499 3250 signifieat,

235 3254 303 3331 'din
320 3288 389 3335 reru
406 3278 558 3334 mortuum
580 3290 645 3334 esse
666 3273 858 3334 demonstrat.

298 3372 373 3435 luter
394 3372 563 3453 capillatum
585 3383 615 3435 et
637 3372 810 3454 capillosum
837 3373 895 3434 hoc
916 3375 1054 3442 interest,
1082 3374 1161 3454 quod
1187 3372 1352 3451 capillatum
1379 3371 1501 3451 capillos

228 3474 335 3537 uenies
352 3474 512 3539 habentem
530 3476 684 3554 significat,
704 3474 876 3555 capillosum
901 3493 969 3536 vero
988 3474 1129 3554 pilosum,
1151 3474 1179 3535 id
1203 3482 1247 3535 est
1267 3474 1413 3535 hirsutum
1437 3494 1500 3536 esse

226 3558 415 3642 lenonum·
1513 3599 1540 3637 so

296 3680 373 3743 luter
398 3697 495 3761 paene
518 3688 546 3741 et
571 3696 648 3758 pene
678 3678 734 3740 boc
759 3680 897 3749 interest,
926 3678 1006 3756 quod
1029 3695 1124 3756 paene
1151 3677 1323 3739 adverbium
1346 3678 1499 3755 signillont,

211 3773 289 3843 l'l'sse
305 3801 372 3845 rero
392 3783 583 3844 novissimam
604 3787 719 3861 partem
739 3782 874 3860 corporis
897 3799 962 3842 esse
985 3781 1176 3842 demonstrat.

198 4023 261 4048 M
286 3978 408 4031 lluudeo
426 3977 603 4029 nondetundo
622 3977 648 4028 B
750 3978 840 4028 4uon
858 3977 938 4040 celips
955 3990 1024 4027 corr.
1045 3990 1095 4026 uon
1115 3975 1199 4042 celeps
1219 3976 1243 4025 B
1327 3975 1500 4042 ditiiiipirus]

210 4038 259 4096 ²9³
282 4050 409 4103 iracundo
426 4048 625 4114 superscriptum
636 4059 664 4095 e:
683 4048 811 4112 lependmn
826 4046 938 4109 forsitan
957 4046 1091 4111 iuniperus
1109 4061 1158 4094 uon
1178 4045 1320 4111 iunipirus’
1339 4046 1424 4095 editor·
1439 4047 1500 4096 Vin-

192 4092 357 4171 dffloamia
442 4118 551 4183 diripis
569 4132 638 4170 corr.
657 4117 734 4167 iribla
751 4117 777 4165 B
864 4116 893 4167 ll
915 4115 1076 4182 horologium
1094 4130 1145 4166 non
1161 4116 1313 4181 orologium,
1336 4113 1434 4165 bustiae
1451 4131 1500 4165 uon

190 4172 293 4275 fuine
307 4188 411 4240 ostede
428 4189 511 4239 editor
523 4187 724 4240 Vindoboneusis
778 4187 810 4237 12
828 4196 904 4252 grum
921 4201 989 4236 corr.
1009 4186 1075 4250 plari
1093 4187 1134 4241 B:
1151 4187 1187 4249 es.
1206 4201 1286 4248 supro
1303 4199 1330 4245 p.
1355 4184 1411 4243 195,
1422 4185 1456 4236 23

202 4228 222 4279 ⁰3
254 4256 437 4309 tintinabulum
456 4272 507 4308 nou
526 4257 701 4311 tinnunculum
719 4257 826 4307 coniecit
842 4258 925 4309 editor
947 4254 1147 4306 Vindobonenuis
1207 4258 1238 4305 ts
1259 4257 1457 4305 internuntium
1470 4283 1500 4290 -·

185 4299 276 4385 Μ,
290 4327 319 4379 10
334 4329 445 4379 delectat
463 4328 620 4379 demonstret
642 4334 701 4379 suut
718 4328 744 4376 iu
760 4328 848 4377 codice
865 4326 1089 4389 illoutepessulauo
1108 4324 1167 4376 306.
1197 4327 1268 4375 euius
1290 4325 1384 4375 codicis
1405 4326 1502 4376 disere·

184 4381 301 4501 2:⁸⁸³&
315 4398 448 4463 adscripta
466 4404 505 4448 eat
519 4398 640 4463 adpositu
658 4395 689 4445 M
707 4398 802 4448 littero.
838 4412 967 4449 ructemus
987 4408 1176 4445 uirrsnsnmsr
1191 4410 1264 4446 enom
1280 4409 1381 4446 usuaou
1401 4394 1435 4443 Μ

186 4464 1504 4603 offititbsltllttillutibilis„illiniti,ailittttltltl
1589 4489 1601 4512 '

192 4576 228 4695 ἐξ
254 4665 265 4677 ,
310 4610 343 4659 24
361 4606 561 4657 lnterbebrium
580 4616 605 4657 ei
622 4606 769 4657 liebriosum
787 4606 821 4657 M
887 4604 1004 4655 hebrium
1020 4604 1053 4653 M
1120 4604 1154 4654 ‘25
1174 4603 1282 4670 bibisse]
1300 4605 1414 4654 benisset
1433 4619 1502 4654 corr.

225 4653 318 4727 bum
333 4676 360 4727 B
429 4676 464 4727 ab
482 4678 551 4727 luter
569 4677 660 4741 leolum
678 4693 737 4728 erim
754 4691 769 4726 a
788 4686 812 4726 et
828 4677 920 4738 loeium
938 4677 993 4724 siue
1011 4690 1026 4724 a
1045 4674 1092 4723 boc
1113 4674 1217 4726 litierest
1235 4676 1303 4739 quod
1321 4674 1412 4723 lectum
1433 4673 1465 4722 M

194 4717 235 4802 ἴῃ
270 4740 356 4797 laetum
374 4758 437 4795 uero
455 4746 488 4797 M
554 4746 741 4812 subpriorem
761 4747 820 4797 BM
887 4745 918 4797 31
940 4747 1103 4811 luterpaene
1122 4754 1253 4795 cumaei
1272 4742 1504 4810 penesinealtuu

200 4801 314 4865 uut‘rest
330 4814 401 4880 quod
417 4829 481 4879 pene
497 4816 528 4866 M
581 4816 615 4867 32
630 4833 697 4884 pene
716 4831 776 4868 uero
795 4816 960 4868 lentissimum
980 4826 1077 4882 purtem
1099 4814 1130 4864 ‚ti
