3314 5506
227 376 286 438 116
810 373 924 437 ottoni
1009 386 1013 392 '

274 490 429 545 ennean.
1281 489 1459 543 *nan-stt.

307 561 379 622 item
404 563 434 622 in
456 580 544 642 supra
566 561 643 622 dicta
665 560 760 622 torma
788 571 857 623 sunt
884 561 980 640 aliqua
1008 562 1143 629 nomina,
1172 578 1248 638 quae
1268 569 1299 624 et
1318 563 1507 639 figuratorum

224 665 376 724 nominum
399 664 529 742 speciem
552 663 689 734 habeant,
712 671 832 743 utputa
853 665 1008 725 exercitus.
1052 680 1144 742 quare
1166 662 1223 723 boc
1237 681 1404 735 monemus,
1422 665 1508 744 quod,

223 768 248 825 si
270 766 417 826 exercitus
440 766 597 842 figuratum
620 783 728 826 nomen
757 783 821 825 esse
848 765 1011 843 reperitur,
1041 763 1098 824 hoc
1122 774 1167 826 est
1188 772 1221 825 nt
1242 764 1396 842 fatigatum
1422 768 1510 845 signi·

223 868 314 927 licans
341 865 541 944 intellegatur,
570 866 608 928 ad
636 867 714 927 tlooti
744 867 867 927 sormam
895 884 949 945 per
977 883 1081 926 omnes
1105 885 1191 927 casus
1220 865 1433 951 declinabitur;
1467 870 1509 927 sin

198 986 293 1034 aveto
325 969 472 1030 exereitus
504 968 720 1029 multitudinem
746 966 896 1028 bominum
930 968 1028 1028 lacere
1053 952 1300 1038 demonstratur,¹
1320 969 1356 1029 atl
1386 969 1510 1031 lormant

223 1070 330 1132 lluctus
351 1068 493 1131 declinari
513 1072 731 1149 pronuntiatur.
748 1068 761 1153 ΙΙ

307 1172 380 1233 item
400 1173 429 1232 in
448 1172 505 1232 ltac
527 1165 746 1251 suprascripta
774 1172 868 1231 torma
891 1172 1056 1250 quaeritur,
1086 1186 1144 1249 qua
1166 1170 1203 1231 de
1225 1189 1312 1231 causa
1337 1171 1397 1232 sint
1417 1169 1510 1252 aliqua

223 1275 357 1344 nomina,
379 1292 455 1352 quae
476 1274 570 1334 dativo
591 1272 634 1333 vel
655 1273 779 1335 ablativo
801 1291 870 1333 casu
898 1273 1014 1332 numeri
1038 1272 1160 1351 pluralis
1181 1280 1248 1334 ante
1271 1271 1405 1334 ultimam
1426 1272 1510 1352 sylli·

223 1374 293 1436 batn
311 1382 341 1436 et
360 1393 415 1453 per
432 1377 441 1436 i
463 1382 491 1437 et
513 1392 567 1452 per
590 1393 608 1434 n
626 1374 752 1436 litteram
773 1374 950 1441 scribantur,
972 1381 1006 1434 ut
1028 1382 1096 1452 puta
1119 1374 1155 1435 ab
1175 1375 1232 1434 boc
1249 1382 1325 1445 artu,
1348 1373 1456 1435 bisnei
1474 1374 1508 1435 ab

187 1503 211 1544 ιι
224 1478 269 1539 bia
291 1475 423 1538 artubus.
453 1495 545 1557 quare
565 1477 622 1537 boc
641 1495 805 1543 monemus,
829 1475 907 1555 quod
930 1487 1133 1555 quaecumque
1156 1477 1274 1537 nomina
1296 1475 1424 1537 ablativo
1443 1493 1508 1537 casu

223 1579 340 1641 numeri
361 1577 517 1655 singularis
539 1597 558 1637 u
580 1576 673 1639 littera
704 1581 900 1641 terminantur
927 1586 958 1638 et
979 1577 1090 1638 dativus
1113 1578 1157 1638 vel
1178 1577 1320 1640 ablativos
1342 1595 1431 1639 casus
1458 1595 1508 1638 uu·

223 1683 298 1742 meri
319 1680 440 1760 pluralis
463 1699 529 1740 eum
552 1679 609 1740 illis
631 1680 813 1748 nominibus,
843 1699 918 1758 quae
939 1678 1065 1740 ablativo
1088 1698 1157 1742 casu
1179 1680 1294 1741 numeri
1317 1677 1475 1758 singularis
1494 1699 1508 1740 e

222 1781 318 1843 littera
337 1781 450 1843 scilieet
464 1790 601 1860 correpta
617 1783 806 1850 dellttiuntur.
830 1782 938 1843 similes
954 1781 1063 1842 babere
1086 1781 1258 1860 probantur,
1277 1781 1352 1841 baec
1372 1782 1403 1842 iu
1423 1799 1506 1860 supra

223 1884 307 1945 dictis
329 1883 446 1945 casibus
469 1893 536 1944 ante
558 1882 688 1944 ultimant
710 1883 849 1963 syllabam
872 1885 948 1960 peri
968 1891 997 1943 ct
1017 1901 1072 1962 per
1087 1902 1106 1943 u
1124 1882 1250 1944 litteram
1272 1885 1507 1961 pronuntiantur,

185 2013 211 2053 ιι
223 1994 255 2047 ut
276 1994 346 2065 puta
368 1985 405 2046 ab
421 1985 480 2045 ltoc
499 1994 584 2064 partu
607 1994 636 2047 et
655 1985 764 2046 abbae
783 1993 876 2062 parte,
900 1983 994 2044 biset
1015 1985 1051 2044 ab
1068 1985 1113 2045 bis
1128 1984 1262 2064 partibus
1281 1983 1328 2045 rel
1351 1984 1507 2063 partubns;

221 2087 333 2150 scilicet
359 2089 426 2168 quia
454 2087 499 2147 ltis
519 2087 564 2148 rel
583 2086 620 2147 ab
642 2087 687 2147 bis
706 2091 709 2162 1
729 2086 863 2165 partibus
888 2094 917 2146 et
939 2086 974 2146 ab
995 2105 1012 2146 e
1030 2095 1166 2166 correpta
1194 2087 1312 2146 nomina
1340 2088 1441 2148 lacere
1461 2087 1507 2148 tle·

222 2196 432 2250 monstrantur.
477 2191 520 2249 sic
538 2195 566 2248 et
587 2196 684 2249 cetera
703 2190 829 2253 uomina.
852 2207 928 2266 quae
948 2186 1073 2248 ablativo
1095 2207 1163 2248 casu
1183 2189 1299 2248 numeri
1319 2187 1506 2266 singulariae

221 2290 318 2352 littera
340 2291 537 2352 terminantur
559 2297 588 2350 et
609 2290 720 2350 datims
744 2289 787 2351 vel
807 2289 949 2349 ablativos
968 2308 1054 2351 casus
1076 2292 1191 2350 numeri
1217 2288 1340 2368 pluralis
1362 2308 1431 2351 cunt
1455 2289 1509 2350 illis

223 2391 407 2461 nominibus,
438 2409 513 2471 quae
544 2390 668 2470 ablativo
703 2411 771 2451 casn
799 2394 915 2452 numeri
947 2392 1103 2470 singularis
1131 2411 1147 2452 e
1177 2390 1272 2453 littera
1305 2393 1507 2460 terminantur,

184 2493 331 2559 assimiles
354 2492 464 2554 babere
483 2495 682 2572 reperiuntur,
706 2495 735 2553 iu
758 2494 860 2555 eodem
883 2495 979 2554 (latito
1000 2498 1046 2554 vet
1067 2495 1193 2554 ablativo
1215 2511 1284 2554 casu
1307 2495 1426 2555 numeri
1446 2493 1508 2574 plu·

222 2594 292 2655 ralis
313 2603 343 2656 et
359 2597 435 2672 peri
455 2602 484 2655 et
505 2612 558 2672 per
575 2593 734 2656 ulitterant
756 2605 822 2656 ante
844 2595 973 2656 ultimant
997 2594 1137 2674 syllabam
1158 2596 1248 2656 scribi
1270 2598 1507 2673 pronuntiantur.

306 2697 378 2757 item
402 2698 430 2756 in
452 2715 541 2776 supra
563 2696 639 2757 dicta
663 2697 756 2758 lorma
775 2698 933 2777 quaeritur,
955 2699 1038 2766 vitus
1062 2716 1129 2757 eum
1145 2697 1272 2758 dativum
1291 2695 1337 2758 vel
1352 2696 1507 2758 ablativum

221 2816 321 2859 casnm
343 2800 460 2859 numeri
482 2798 603 2877 pluralis
625 2798 734 2860 similes
756 2817 823 2858 cuin
848 2798 905 2858 illis
924 2798 1102 2869 nontinibus
1123 2817 1197 2878 quae
1219 2798 1345 2859 ablativo
1365 2818 1436 2861 casu
1457 2817 1509 2861 uu·

222 2902 297 2961 meri
319 2899 475 2978 singularis
497 2919 513 2960 e
535 2899 631 2960 littera
656 2911 792 2979 correpta
815 2902 1024 2970 terminantur,
1052 2900 1162 2961 babere
1183 2902 1366 2979 reperiatur,
1394 2920 1452 2982 qua
1474 2901 1509 2962 de

183 3027 209 3067 ιι
223 3019 310 3063 causa
337 3003 366 3062 in
394 3002 487 3063 isdem
515 3020 605 3082 supra
628 3002 713 3062 dictis
737 3002 853 3063 casibus
876 3010 944 3063 ante
968 3002 1099 3063 ultimam
1126 3001 1265 3082 syllabam
1290 3012 1350 3063 iton
1376 3005 1510 3081 periet

220 3122 275 3183 per
293 3123 313 3164 tt
336 3102 464 3165 litteram
488 3106 695 3182 pronuntietur
720 3105 818 3165 scribi.
863 3105 919 3165 bac
938 3105 974 3165 tle
1000 3123 1103 3174 causa,
1133 3106 1270 3183 quoniam
1293 3106 1369 3166 titus
1391 3123 1451 3165 non
1472 3107 1510 3165 si·

221 3205 306 3267 miles
324 3223 413 3284 supra
436 3207 562 3285 scriptos
584 3225 669 3267 casus
688 3206 799 3267 habere
828 3226 894 3268 cnm
915 3205 974 3265 illis
993 3205 1176 3274 nominibus,
1199 3225 1274 3285 quae
1294 3205 1421 3267 ablativo
1441 3226 1509 3268 casu

223 3309 338 3370 numeri
361 3308 518 3386 singularis
539 3327 555 3368 o
576 3308 672 3370 littera
701 3309 969 3396 scilicet-correpta
1000 3310 1210 3376 terminantur,
1240 3310 1465 3386 pronuntiatur,
1487 3310 1510 3370 si

221 3411 340 3488 quidem
363 3410 400 3471 ab
423 3411 478 3472 ltac
501 3411 559 3470 vitu
576 3406 589 3494 ΙΙ
605 3411 650 3471 bis
670 3410 714 3470 rel
735 3410 771 3471 ab
793 3411 840 3472 bis
861 3411 966 3471 ritibus
1001 3429 1103 3489 presso
1125 3417 1248 3472 accentu
1270 3413 1510 3488 pronuntiantur,

182 3537 209 3577 ao
222 3523 252 3573 at
274 3531 343 3574 aero
365 3513 401 3573 ab
417 3513 472 3573 ltac
495 3515 551 3573 rite
574 3513 618 3573 bis
638 3511 682 3574 vel
707 3512 743 3573 ab
760 3512 805 3573 liis
828 3514 931 3573 ritibus
948 3522 1035 3573 acuto
1056 3519 1180 3573 accentu
1203 3520 1375 3582 tettuantur;
1399 3522 1429 3575 et
1445 3513 1511 3575 itleo

223 3615 297 3675 vitus
319 3615 415 3675 dativo
438 3615 482 3674 rel
503 3613 629 3674 ablativo
652 3626 726 3674 casu·
742 3617 859 3675 numeri
880 3613 1001 3694 pluralis
1024 3624 1090 3675 ante
1110 3613 1241 3674 ultimam
1261 3613 1403 3693 syllabam
1427 3616 1512 3696 peri

220 3722 333 3775 tantum
353 3714 479 3776 litteram
501 3718 718 3793 pronuntiatur.

305 3816 378 3877 Item
400 3820 428 3876 in
452 3818 507 3877 ttae
532 3820 752 3895 suprascripta
776 3818 886 3885 torma,
916 3836 972 3895 qua
996 3818 1122 3878 (linimus
1150 3816 1275 3879 ablativo
1299 3837 1369 3880 casu
1396 3823 1513 3883 numeri

221 3916 377 3995 singularis
408 3920 526 3979 nentina
560 3937 578 3977 tt
606 3917 704 3979 littera
737 3919 902 3990 terminari,
938 3921 1104 3997 quaeritur,
1141 3938 1197 4000 qua
1227 3920 1264 3981 de
1286 3938 1375 3982 causa
1408 3923 1512 3986 eadem

182 4020 341 4080 annomina
370 4021 401 4079 in
430 4021 607 4079 nominativo
638 4020 803 4079 accusativo
831 4029 861 4080 et
889 4024 1018 4080 vocativo
1045 4041 1113 4082 casn
1148 4024 1264 4083 numeri
1293 4021 1417 4100 pluralis
1445 4034 1513 4087 aute

222 4119 354 4181 ultimam
377 4129 588 4182 consonantem
611 4140 670 4182 non
691 4140 745 4201 por
767 4122 849 4191 unas.
870 4124 921 4183 seu
944 4141 1107 4200 peronam
1131 4142 1149 4183 n
1171 4124 1299 4185 litteram
1322 4129 1513 4206 reperiantur

220 4222 321 4284 scribi.
364 4222 421 4283 bac
440 4225 477 4285 tle
497 4242 593 4293 causa,
616 4226 753 4303 qnoniam
775 4227 872 4285 omnia
893 4227 1009 4304 nomina
1033 4229 1150 4303 getteris
1172 4226 1326 4288 masculini
1346 4230 1409 4291 site
1427 4231 1512 4291 lerni-

271 4399 273 4403 ,
291 4360 302 4409 1
325 4375 389 4424 quae
406 4371 430 4410 et
445 4362 468 4412 11
485 4377 550 4425 qnae
564 4361 590 4411 11
659 4361 676 4412 3
699 4363 824 4427 reperitur
842 4378 870 4412 ro
890 4363 1048 4427 repperiatur
1064 4364 1087 4414 11
1157 4363 1174 4413 8
1193 4365 1279 4415 datiuo
1297 4363 1337 4413 uel
1354 4365 1470 4416 ablatiuo
1487 4366 1513 4417 B

221 4432 308 4480 (latino
328 4444 352 4480 et
371 4430 524 4481 ablutinoli
621 4440 679 4482 ante
696 4432 842 4482 ultimamr
860 4433 1049 4498 postultitnam
1068 4433 1118 4483 RB
1208 4434 1238 4484 ll
1257 4435 1358 4484 uatiuos
1374 4437 1416 4487 uel
1434 4436 1470 4501 (et
1484 4435 1509 4497 r)

221 4500 346 4549 ublatinos
364 4516 440 4553 casus
457 4502 480 4552 11
499 4501 585 4551 datiuo
604 4511 629 4551 et
643 4502 755 4553 ablatino
773 4518 833 4552 casn
851 4503 875 4551 B
958 4503 990 4554 tt
1010 4512 1067 4553 ante
1085 4505 1197 4554 ultimam
1217 4521 1233 4554 r
1251 4513 1308 4571 post
1327 4505 1443 4556 ultimam
1463 4505 1509 4558 RB

290 4573 485 4635 pronuntiantur
502 4588 531 4620 ro
549 4572 765 4636 pronuntlaturli
836 4574 868 4624 11)
886 4572 925 4622 uel
944 4574 1068 4638 partubus
1088 4574 1113 4623 B
1137 4575 1177 4623 uel
1196 4575 1343 4625 artubusll
1419 4576 1452 4627 tt
1469 4592 1507 4626 co·

221 4649 275 4690 tere
292 4643 393 4690 nomina
412 4642 435 4692 11
454 4653 537 4691 cetera
555 4642 604 4691 ulia
623 4644 725 4692 nomina
743 4643 769 4692 B
837 4644 871 4694 20
889 4643 928 4693 vel
947 4644 1057 4693 ablativo
1076 4660 1119 4694 ont.
1141 4644 1190 4694 RB
1260 4646 1294 4695 ll
1311 4647 1457 4710 reperiatur
1473 4646 1507 4699 Bt

220 4712 435 4776 remetienturll
523 4713 557 4763 to
576 4716 750 4776 pronuntietur
766 4728 781 4760 r
798 4714 993 4778 pronuntientur
1010 4715 1059 4764 RB
1147 4714 1181 4765 29
1199 4716 1394 4780 pronuntiantur
1411 4717 1437 4767 B
1452 4730 1505 4782 pro·

220 4782 349 4830 nuntiatur
367 4782 389 4830 11
460 4781 646 4833 301entmntur
664 4781 713 4833 1111
730 4792 847 4833 tenuatur
865 4800 880 4832 r
967 4783 1001 4834 3²
1020 4787 1197 4848 pronuntiatur
1213 4802 1228 4833 r
1246 4787 1444 4850 pronuntiantur
1462 4784 1505 4836 1111

290 4852 324 4905 35
342 4860 399 4902 ante
417 4852 531 4902 ultimam
551 4869 564 4903 o
581 4864 638 4918 post
654 4855 768 4904 nltimam
786 4853 835 4903 IiB
905 4854 938 4905 311
955 4870 1003 4904 uon
1024 4870 1068 4920 per
1084 4855 1148 4907 duas
1167 4864 1205 4904 set
1223 4855 1245 4906 lt
1263 4857 1389 4907 interdum
1409 4868 1434 4907 et
1452 4857 1476 4908 11
