3314 5506
173 378 232 442 180
760 371 875 436 PROBI

221 507 243 547 p.
258 493 346 535 sta-u
362 492 388 532 n.
1249 503 1274 545 p.
1286 488 1371 533 unae
1383 489 1412 535 v.

169 565 346 643 deponentia
365 571 395 623 et
408 562 575 624 communia
590 561 712 623 modum
737 561 955 640 inpersonalem
976 570 1006 621 et
1023 561 1149 640 gerundi
1163 578 1219 623 uec
1233 579 1295 623 nou
1309 571 1341 623 et
1354 580 1459 623 nomen

171 665 214 725 vel
246 665 488 744 appellationem,
523 667 565 726 sic
585 665 629 725 uti
659 672 689 724 et
721 665 851 743 passiva,
885 662 922 723 ad
949 662 1075 724 lormam
1108 664 1232 724 activam
1265 663 1461 747 repelriaulur

168 765 325 826 declinare.

252 868 398 928 Futurum
419 876 538 946 tempus
570 866 651 928 modi
672 867 819 928 indicativi
840 869 900 927 sive
923 867 1115 946 promissivus
1142 866 1250 929 modus
1279 866 1399 929 duabus
1419 866 1464 929 bis

141 971 270 1037 elormis
292 972 483 1038 terminatur,
512 987 559 1029 arn
583 976 612 1029 et
631 968 679 1029 bo.
724 969 774 1030 sed
798 987 815 1028 a
836 969 933 1046 prima
962 970 1171 1045 coniugatione
1200 976 1230 1030 et
1257 969 1391 1030 secunda
1419 968 1465 1029 vel

167 1073 253 1132 tertia
277 1072 436 1150 producta,
466 1089 542 1151 quac
564 1071 719 1130 indicativo
742 1071 830 1130 modo
856 1070 999 1148 temporis
1019 1072 1184 1149 praesentis
1210 1088 1247 1130 cx
1276 1071 1376 1150 prima
1398 1088 1465 1149 per-

167 1192 238 1233 sona
268 1174 386 1234 numeri
407 1171 565 1249 singularis
587 1190 623 1232 eo
645 1172 748 1232 litteris
771 1172 923 1240 delinitur,
953 1172 983 1232 in
1006 1171 1045 1231 bo
1067 1170 1208 1252 syllabam
1232 1173 1307 1242 exit,
1341 1180 1376 1233 ut
1395 1179 1468 1252 puta

167 1292 248 1335 arnas
269 1274 390 1344 amabo,
414 1275 502 1335 doces
524 1273 654 1344 docebo,
679 1276 740 1335 exis
759 1273 861 1343 eilbo;
896 1292 912 1334 a
934 1275 1020 1334 tertia
1041 1280 1180 1351 correpta
1197 1275 1227 1334 in
1250 1292 1315 1343 am,
1340 1280 1468 1354 utputa

166 1375 272 1436 scribis
299 1375 444 1446 scribam;
479 1376 603 1436 atertia
631 1394 702 1436 vero
727 1376 888 1454 producta,
920 1394 997 1455 quae
1023 1376 1179 1437 indicativo
1204 1375 1295 1436 modo
1321 1377 1483 1455 tenporis

129 1503 153 1543 ro
166 1480 331 1557 praesentis
353 1497 388 1538 ex
408 1479 504 1555 prima
527 1495 654 1556 persona
673 1480 789 1539 numeri
804 1475 960 1555 singularis
980 1477 1008 1536 io
1027 1475 1132 1538 litteris
1154 1476 1305 1546 delinitur,
1330 1495 1369 1538 cx
1386 1485 1479 1539 utra·

166 1600 224 1661 que
248 1580 344 1640 lorma
365 1579 541 1648 declinatur,
563 1587 596 1640 ut
617 1587 689 1658 puta
709 1581 805 1640 nutris
827 1580 955 1639 nutriam
977 1587 1006 1639 et
1024 1578 1154 1639 nutribo.
1189 1578 1326 1641 futurum
1347 1588 1486 1659 tempus

167 1682 246 1741 modi
268 1679 466 1760 inpersonalis
498 1680 612 1741 duabus
632 1681 736 1742 lormis
758 1681 947 1750 terminatur,
978 1689 1045 1741 etur
1067 1688 1097 1741 et
1118 1680 1207 1742 bitur.
1252 1680 1307 1741 scd
1331 1682 1476 1760 aprima

167 1785 374 1859 coniugatione
396 1790 425 1843 et
448 1783 577 1844 secunda
596 1780 641 1843 rel
658 1784 741 1843 tertia
764 1782 919 1861 producta,
942 1801 1017 1862 quae
1039 1782 1194 1842 indicativo
1209 1782 1300 1842 modo
1321 1784 1478 1861 temporis

165 1887 330 1963 praesentis
359 1886 510 1964 exprimo
534 1902 661 1962 persona
689 1886 806 1944 numeri
829 1884 987 1962 singularis
1009 1902 1045 1945 co
1069 1883 1176 1945 litteris
1197 1883 1354 1953 delinitur,
1386 1883 1469 1945 bitur

128 2013 152 2052 n,
167 1987 285 2067 syllabis
305 1984 499 2055 concluditur,
524 1994 646 2064 utputa
667 2003 748 2046 amas
763 1985 1030 2072 amabitur„doces
1047 1984 1212 2055 docebitur,
1234 1987 1299 2048 exis
1319 1985 1465 2055 exibiturr

166 2110 182 2150 a
205 2092 293 2151 tertia
318 2097 454 2167 correpta
478 2097 544 2148 etur
567 2087 673 2148 litteris
693 2086 840 2155 delinitur,
865 2096 989 2167 utputa
1017 2087 1123 2148 scribis
1144 2086 1309 2156 scribetur;
1339 2089 1459 2150 aceruo

165 2210 235 2251 vero
258 2190 411 2269 producta,
435 2207 510 2267 quae
530 2188 686 2248 indicativo
704 2189 793 2249 modo
816 2191 958 2267 temporis
978 2191 1143 2269 praesentis
1164 2207 1201 2250 er
1221 2191 1320 2268 prima
1334 2208 1457 2269 persona

165 2294 282 2352 numeri
305 2290 462 2367 singularis
482 2292 509 2349 io
526 2287 631 2350 litteris
652 2290 800 2361 delinitur,
826 2311 861 2353 ex
878 2300 1004 2372 utraque
1026 2292 1119 2352 torma
1139 2289 1317 2363 declinatur,
1340 2299 1374 2352 ut
1395 2298 1456 2370 pota

165 2395 262 2454 nutris
284 2393 433 2452 nutrietur
456 2398 485 2451 et
507 2391 677 2461 nutribitun

127 2519 153 2558 vo
250 2493 468 2572 appellationes
489 2492 649 2554 verborum
673 2493 787 2555 duabus
808 2494 854 2555 bis
869 2497 973 2558 lormis
992 2496 1182 2564 deliniuntur,
1206 2512 1223 2555 a
1243 2503 1273 2556 et
1291 2513 1319 2565 o,
1341 2503 1455 2575 utputa

165 2593 252 2656 lectio
274 2597 431 2674 scriptura.
477 2612 556 2656 nunc
579 2595 697 2674 quando
725 2595 782 2656 bae
803 2596 1013 2674 appellationes
1035 2600 1065 2658 in
1089 2616 1107 2657 ο
1133 2605 1163 2658 ct
1185 2597 1304 2675 quando
1324 2599 1356 2658 iu
1377 2616 1395 2658 a
1413 2596 1455 2657 lit·

165 2705 259 2758 teram
281 2703 400 2766 exeunt,
424 2697 481 2757 boc
503 2699 532 2756 in
555 2699 635 2757 sonis
658 2705 852 2774 conpetenter
874 2698 1075 2760 tractabimus.
1090 2696 1106 2783 ll

250 2799 448 2879 ddeponenti
469 2797 560 2858 verbo
582 2806 716 2876 tempora
738 2801 960 2879 participiorum
983 2801 1142 2863 trahuntur
1164 2802 1221 2862 tria
1244 2809 1274 2862 et
1291 2800 1337 2862 bis
1358 2801 1457 2862 tomis

165 2902 355 2972 deliniuntur,
379 2910 503 2981 utputa
526 2917 667 2978 praesens
688 2898 811 2970 luctans,
836 2903 1029 2979 praeteritum
1051 2901 1185 2972 luctatus,
1210 2903 1345 2963 futurum
1367 2901 1456 2963 lucta·

126 3027 152 3066 m
166 3011 259 3063 turus.
305 3022 320 3062 a
344 3004 494 3064 communi
515 3001 606 3063 verbo
628 3009 762 3080 tempora
785 3005 1007 3082 participiorum
1030 3003 1187 3065 trahuntur
1206 3007 1263 3066 tria
1283 3013 1313 3066 ct
1335 3004 1382 3065 bis
1399 3005 1456 3064 lor·

164 3106 220 3165 mis
244 3104 433 3172 deliniuntur,
459 3113 492 3164 ut
510 3114 579 3184 puta
598 3122 739 3183 praesens
763 3105 909 3176 osculans,
932 3109 1125 3183 praeteritum
1144 3105 1302 3176 osculatus,
1325 3107 1455 3168 futurum

164 3205 350 3268 osculaturus
373 3216 402 3266 et
424 3205 610 3267 osculandus.

250 3311 327 3370 Sane
350 3308 408 3369 lroc
428 3325 592 3378 monemus,
616 3308 695 3388 quod
714 3308 862 3370 secundae
883 3316 913 3368 et
933 3311 1087 3371 tertiarum
1107 3310 1348 3387 coniugationum
1369 3309 1457 3371 verba

164 3430 219 3490 per
240 3414 355 3490 specics
376 3411 525 3488 perlectas
542 3417 572 3469 et
593 3426 657 3479 reS,
688 3430 763 3491 quas
788 3419 896 3488 regunt
917 3413 1032 3488 species
1055 3412 1220 3490 perlectae,
1249 3412 1338 3472 variis
1356 3411 1458 3473 lormis

125 3536 151 3576 ao
164 3514 351 3582 deliniantur,
374 3513 431 3572 boc
454 3520 498 3572 est
519 3520 551 3572 ut
573 3512 603 3570 iu
626 3511 717 3571 isdem
739 3510 896 3590 speciebus
917 3511 961 3571 rel
981 3512 1088 3590 quibus
1108 3513 1199 3573 rebus
1220 3520 1368 3590 reguntur
1393 3531 1458 3574 cac·

164 3616 232 3675 dom
254 3617 368 3693 specics
390 3612 563 3674 catholicam
585 3612 766 3691 disciplinam
789 3616 918 3674 retinere
941 3632 1000 3674 non
1021 3617 1219 3693 reperiantur,
1243 3622 1274 3674 ct
1294 3614 1364 3675 ideo
1384 3633 1459 3695 quac

163 3734 213 3775 res
238 3718 327 3795 quam
352 3733 415 3774 rem
443 3722 527 3792 regat
554 3712 599 3774 vel
626 3732 682 3793 qua
705 3724 827 3792 regatur
853 3714 1023 3777 subicimus.
1068 3716 1173 3776 modus
1194 3714 1372 3777 indicativus
1401 3718 1463 3778 sive

163 3817 400 3895 pronuntiativus
428 3817 569 3893 temporis
591 3818 755 3892 praesentis
780 3819 842 3877 sire
869 3819 1004 3877 instantis
1031 3826 1059 3878 et
1080 3818 1173 3877 luturi
1199 3815 1244 3877 rel
1267 3819 1468 3896 promissivus

164 3917 270 3978 modus
298 3927 328 3978 ct
351 3917 457 3978 modus
484 3917 672 3995 imperativus
701 3916 857 3979 cuiuslibet
885 3921 1028 3997 temporis
1055 3927 1084 3978 ct
1111 3919 1216 3979 modus
1243 3920 1377 3983 indultus
1401 3923 1469 3982 sire

126 4040 151 4079 aa
165 4027 326 4096 perpetuus
347 4019 510 4096 praesentis
532 4020 673 4096 temporis
695 4020 754 4079 sive
776 4021 910 4080 instantis
943 4029 973 4080 et
995 4020 1100 4081 modus
1121 4022 1267 4099 optativus
1295 4025 1462 4100 praesentis

164 4122 305 4198 temporis
328 4123 389 4180 sive
404 4121 538 4181 instantis
558 4128 587 4180 et
608 4120 699 4181 luturi
722 4129 751 4182 et
772 4122 878 4182 modus
899 4124 1103 4183 coniunctivus
1121 4123 1182 4182 sive
1203 4124 1354 4185 iunctivus
1375 4142 1460 4203 prae-

164 4223 254 4281 sentis
278 4224 420 4298 temporis
448 4223 508 4281 sire
534 4224 667 4282 instantis
695 4231 725 4282 et
752 4223 858 4283 modus
885 4224 1080 4303 impersonalis
1109 4227 1272 4303 praesentis
1291 4221 1297 4309 Ι
1317 4227 1456 4306 temporit

164 4324 223 4382 sive
245 4324 378 4384 instantis
400 4331 430 4384 et
451 4323 542 4385 luturi
566 4333 594 4384 et
611 4325 737 4402 gerundi
758 4327 829 4393 tria,
860 4343 935 4403 quac
963 4334 1033 4386 sunt
1054 4328 1223 4404 superiora,
1253 4337 1284 4387 et
1306 4328 1454 4407 participia

233 4496 249 4544 t
269 4494 381 4543 latinum
399 4493 512 4560 tempus]
533 4496 643 4557 Pompei.
656 4509 685 4557 p.
706 4495 766 4544 aut.
784 4495 836 4546 419
855 4496 927 4546 Serr-
947 4498 972 4545 in
991 4497 1055 4546 Ocn-
1071 4512 1099 4560 p.
1122 4495 1190 4548 1790
1259 4498 1276 4548 5
1295 4512 1338 4548 am
1355 4515 1386 4549 νυ
1404 4513 1454 4548 eam

163 4563 187 4614 ll
249 4565 479 4614 iexitoexeunt
498 4564 546 4613 bu
609 4563 641 4613 10
660 4567 683 4612 io
703 4564 787 4612 littero
805 4563 830 4612 B
848 4566 1026 4617 eolitterisli
1082 4566 1112 4616 11
1132 4566 1275 4617 declinatur
1293 4586 1308 4619 o
1326 4568 1455 4618 declinan-

162 4633 267 4683 tnrllB
338 4632 370 4684 15
387 4633 577 4684 concluditurll
595 4633 781 4683 concluduntur
798 4634 839 4683 Br
908 4636 1014 4686 20aet
1032 4652 1047 4685 o
1064 4644 1093 4685 ut
1111 4648 1175 4701 puta
1190 4635 1266 4686 lectio
1285 4638 1454 4703 scripturali

164 4713 222 4752 aet
239 4717 268 4752 or
282 4712 309 4751 ut
327 4714 388 4769 puta
406 4703 501 4752 lectura
520 4705 630 4768 scriptor
648 4703 673 4752 B
743 4703 775 4753 21
796 4707 821 4752 in
842 4717 856 4752 ο
876 4705 899 4754 rt
917 4706 943 4753 in
959 4721 988 4755 or
1004 4706 1029 4755 B
1097 4707 1131 4756 22
1150 4707 1317 4756 tractabimus
1335 4723 1351 4755 r
1369 4718 1457 4759 tracu-

163 4773 248 4823 uimus
266 4773 314 4824 RB
383 4774 417 4823 24
435 4773 616 4822 luctaturusli
643 4772 777 4822 lactandus
795 4774 821 4823 B
908 4774 941 4826 32
959 4777 1000 4825 nel
1019 4790 1070 4839 qua
1087 4784 1219 4843 rogaturo
1237 4776 1278 4826 uel
1298 4793 1368 4840 quse
1386 4793 1458 4845 rega-

163 4852 203 4892 tur
220 4845 244 4893 lt
314 4843 349 4896 33
367 4843 489 4907 temporis
505 4843 648 4906 praesentis
664 4845 718 4892 sire
736 4845 855 4892 instantis
874 4860 919 4895 ont.
938 4845 971 4907 tt,
990 4847 1051 4896 adel.
1071 4861 1100 4896 rvr
1170 4858 1195 4896 et
1213 4845 1319 4897 iuturus
1335 4847 1388 4899 RB
