3346 5506
663 390 733 453 tus
756 390 996 455 Gutttnattcs
1400 391 1458 457 361

190 586 310 661 tempore
331 578 492 660 praeterito
513 578 801 661 plusquamperfecto
822 598 889 641 cum
905 577 1040 660 legissem
1056 576 1175 659 legisses
1190 576 1320 657 legisset,
1344 584 1373 638 et
1395 573 1459 657 plu·

158 756 163 765 .
190 680 279 744 raliter
305 700 374 742 cum
400 679 573 761 legissemus
600 681 744 761 legissetis
772 680 924 761 legissent:
954 681 1057 742 eodem
1085 681 1173 742 motio
1201 690 1333 761 temporo
1362 679 1460 741 futnrn

150 773 157 785 ’
190 802 245 845 curn
267 782 368 863 legero
391 782 497 862 legeris
520 783 638 863 legerit,
668 794 697 846 et
719 782 870 864 pluraliter
892 804 957 845 cum
981 783 1138 863 legerimus
1166 781 1296 861 legeritis
1325 781 1458 859 lugerint.

187 886 319 947 infinitivo
342 884 428 946 morlo
453 889 581 947 rrrtnreris
604 895 632 948 et
654 889 788 967 personis
810 896 942 967 ternpore
960 888 1106 967 praesenti
1128 896 1157 946 et
1179 887 1338 965 praeterito
1362 886 1460 963 inper-

188 988 254 1049 lecto
276 987 392 1067 legere,
414 991 573 1068 praeterito
588 990 720 1069 perfecto
743 998 772 1049 et
787 987 1071 1069 plusquamperfecto
1088 987 1206 1067 legisse,
1232 989 1328 1048 lntmn
1352 986 1458 1047 lectmn
1487 1003 1498 1041 a

187 1090 224 1150 ire
244 1088 289 1150 rel
311 1087 455 1151 lecturum
480 1109 552 1152 esse.
587 1091 676 1152 verbo
699 1090 878 1172 inpersonali
901 1100 1034 1169 ternpore
1057 1092 1203 1171 praesenti
1226 1087 1346 1166 legitur,
1376 1107 1459 1168 prae

188 1192 265 1252 terito
287 1190 452 1271 inperfecto
476 1192 641 1271 legebatur,
665 1195 823 1274 praeterito
845 1194 976 1274 perfectu
1000 1192 1106 1254 lertrrrn
1130 1202 1174 1253 est
1203 1190 1245 1251 rel
1269 1190 1375 1252 leettnn
1399 1191 1460 1261 fruit,

186 1294 337 1372 praeterito
360 1291 646 1375 plusquamperfecto
670 1294 776 1358 luctum
802 1305 865 1357 erat
886 1296 929 1356 rel
952 1294 1060 1356 lectum
1085 1295 1193 1363 luerat,
1218 1295 1315 1354 ltrturn
1338 1291 1460 1371 legetur.

187 1394 301 1473 gereutli
323 1394 367 1456 rel
388 1396 579 1476 participialia
602 1396 689 1459 uerlm
712 1406 779 1459 sunt
801 1399 888 1468 haec,
912 1398 1028 1477 leguntii
1044 1396 1167 1476 legeruln
1184 1395 1337 1474 legerulunr
1354 1395 1461 1456 lectrum

187 1495 265 1558 lectu.
302 1499 456 1578 participia
478 1499 633 1561 trahuntur
656 1519 671 1561 a
695 1499 784 1560 uerbo
806 1502 898 1561 actico
921 1500 995 1570 elue,
1019 1501 1180 1579 praesentis
1204 1499 1344 1578 terrqroris
1366 1507 1395 1558 et
1418 1497 1460 1557 fu·
1478 1510 1499 1549 ¹⁰

187 1601 253 1670 turi,
275 1603 441 1680 praesentis
463 1599 577 1680 legens,
602 1604 691 1664 futuri
713 1602 850 1664 lecturus.
886 1603 968 1680 leger
991 1602 1110 1663 uerlnnu
1140 1603 1285 1682 passinun
1308 1598 1462 1659 irrelicatiro

188 1701 266 1762 ruodo
288 1702 398 1763 dictum
422 1705 562 1782 ternpnris
584 1707 746 1783 praesentis
770 1707 883 1765 nurumi
905 1703 1061 1781 singularis
1090 1706 1199 1781 figurae
1227 1701 1367 1781 simplicis
1394 1720 1461 1780 per·

189 1821 269 1863 sonae
291 1805 405 1883 primae
427 1807 640 1883 cotriugationis
663 1809 766 1867 tertiae
788 1816 954 1885 centuplam
979 1806 1056 1885 ‹prrutl
1080 1805 1272 1864 declinabitur
1294 1804 1350 1865 sic:
1380 1801 1462 1881 leger

191 1902 289 1982 legeris
312 1906 355 1966 rel
378 1904 476 1985 legere
499 1906 620 1986 legitur,
650 1917 678 1969 et
702 1907 852 1987 pltrrulitur
876 1906 1000 1986 legirnnr·
1023 1906 1151 1985 legimini
1175 1905 1327 1981 leguntur:
1359 1905 1461 1965 etrelern

189 2007 265 2067 modo
287 2016 421 2088 tempore
443 2011 601 2088 praeterito
623 2011 786 2088 inperfecto
808 2009 926 2088 legebar
948 2009 1092 2086 legebatis
1116 2008 1157 2067 rel
1187 2007 1323 2086 lugeluue
1346 2006 1460 2085 legeba-
1478 2022 1500 2061 tt·

191 2118 243 2180 tur,
266 2117 296 2170 et
318 2107 471 2190 pluraliter
492 2109 662 2189 legebantur
684 2112 858 2191 legebarnini
883 2111 1068 2190 lugelmutur:
1094 2109 1197 2171 endem
1220 2111 1307 2171 tiroelu
1330 2119 1462 2190 terrrpnrc

190 2213 339 2288 praeterito
362 2213 493 2292 perfecto
516 2213 609 2275 lectus
636 2234 700 2275 sum
731 2223 842 2285 esest,
865 2222 894 2274 et
916 2213 1068 2295 pluraliter
1084 2212 1151 2274 lecti
1166 2232 1267 2274 suenus
1289 2214 1359 2273 estis
1379 2221 1462 2280 strtrt;

192 2321 215 2373 ct
234 2313 374 2375 ulteriore
395 2316 483 2375 morlo
511 2314 603 2377 lectus
631 2316 672 2377 fui
700 2317 779 2377 fuisti
807 2317 874 2385 luit,
905 2324 933 2377 et
960 2315 1112 2396 pluraliter
1141 2316 1207 2375 lecti
1235 2316 1342 2375 fuimus
1370 2314 1464 2375 fuistis

192 2414 300 2478 fuerunt
322 2415 485 2478 refluere:
509 2418 612 2479 coelem
635 2418 722 2480 ruotlo
746 2429 878 2499 ternpore
893 2420 1053 2500 praeterito
1069 2418 1355 2498 plusquamperfecto
1371 2415 1463 2476 lectus

191 2534 260 2579 eram
281 2537 349 2579 eras
372 2527 448 2588 erat,
473 2527 502 2579 et
522 2518 675 2601 pluraliter
698 2519 764 2581 lecti
788 2540 903 2582 eramus
925 2523 1013 2581 eratis
1036 2532 1134 2590 er·ant;
1164 2529 1192 2581 et
1214 2519 1352 2582 ulteriore
1375 2518 1462 2580 urntln
1476 2534 1501 2572 ‘ru

191 2615 272 2681 lectus
292 2621 405 2681 fueraut
429 2621 526 2682 fueras
550 2622 659 2696 fuerat,
683 2631 712 2682 et
734 2622 885 2702 plenaliter
912 2622 979 2684 lecti
1008 2624 1156 2683 lueraurus
1185 2624 1306 2683 lateralis
1334 2622 1462 2682 irruerant:

192 2722 282 2784 eodem
307 2722 394 2783 rrrodo
417 2731 549 2803 tempore
572 2725 668 2785 futuro
692 2724 772 2803 legar
795 2724 902 2803 legeris
924 2723 968 2785 rel
990 2724 1089 2803 legere
1112 2724 1238 2802 legetur,
1262 2734 1291 2785 et
1313 2722 1465 2807 pluraliter

192 2819 313 2903 legemur
334 2822 472 2904 legumini
495 2825 638 2905 legentur.
672 2828 845 2906 imperativo
867 2827 955 2888 nitido
979 2836 1110 2907 tetrrpnre
1133 2829 1278 2906 praesenti
1301 2827 1336 2887 ael
1359 2844 1463 2885 sertatu-

192 2922 246 2987 tlam
268 2935 297 2988 et
325 2928 440 2988 tertiam
464 2934 740 3007 personamlegere
761 2933 936 3005 collegeris
958 2928 1084 3008 legatur,
1108 2938 1136 2989 et
1159 2928 1310 3008 pluraliter
1333 2928 1464 3005 legantur

191 3022 310 3106 legimini
340 3033 387 3090 vel
411 3033 553 3105 leguruini
578 3029 722 3108 legantur.
757 3031 860 3092 eotleur
889 3030 976 3092 rrurtlo
1006 3041 1137 3112 tempure
1167 3033 1264 3092 lntnro
1293 3033 1399 3105 legitor
1420 3034 1465 3089 uel
1476 3046 1501 3083 'to

191 3131 290 3205 legaris
310 3135 416 3208 legitor
439 3135 629 3207 uelleretur,
652 3141 680 3193 et
702 3133 854 3213 pluraliter
876 3133 1009 3213 legemur
1032 3132 1161 3211 legimini
1184 3139 1229 3195 tul
1248 3136 1401 3208 legirur'uur
1422 3136 1461 3191 lc·

189 3241 289 3303 eantur
310 3238 356 3295 rel
376 3234 520 3313 leguntur.
555 3236 681 3315 optativo
705 3235 792 3296 uredo
815 3246 947 3315 tempure
970 3238 1117 3314 praesenti
1140 3246 1169 3296 et
1191 3236 1348 3314 praeterito
1364 3235 1462 3311 inper-

192 3331 256 3396 fecte
278 3337 390 3397 utinam
413 3335 530 3415 legerer
553 3336 693 3415 legereris
716 3337 759 3397 rel
783 3337 914 3415 legerere
937 3337 1099 3415 legeretur,
1129 3346 1157 3397 et
1179 3336 1330 3416 pluraliter
1353 3338 1462 3396 utinum

192 3431 348 3514 legerentur
371 3437 542 3517 legerernini
566 3438 747 3517 legerentur:
771 3439 874 3500 erulem
898 3439 985 3498 rrrtrtlo
1008 3448 1141 3518 ternpore
1157 3440 1316 3518 praeterito
1332 3439 1463 3517 perfectu

193 3545 215 3597 et
232 3540 517 3621 plusquamperfecto
540 3543 649 3602 utinam
673 3542 764 3603 lectus
787 3560 881 3602 esseut
904 3560 983 3601 esses
1005 3551 1096 3610 esset,
1120 3550 1149 3600 rt
1178 3539 1329 3620 pluraliter
1352 3542 1461 3600 trtiuaru
1476 3553 1502 3592 tu

193 3634 249 3702 leui
270 3661 403 3703 essemus
423 3645 526 3703 essetis
547 3652 660 3712 esseut;
684 3654 713 3704 et
736 3643 874 3705 ulteriore
897 3643 985 3704 morlo
1008 3645 1116 3705 utinam
1141 3643 1232 3703 iterius
1251 3642 1371 3702 fuissem
1394 3642 1463 3701 luis·

192 3758 230 3801 tes
251 3744 369 3816 fuisset,
398 3753 427 3805 et
448 3743 602 3824 pluraliter
630 3748 739 3807 utineam
765 3746 829 3813 lecti
853 3747 1009 3807 fuissemus
1038 3746 1166 3806 fuissetis
1193 3747 1328 3805 fuissent:
1359 3743 1462 3805 eonem

192 3844 267 3907 uodo
290 3856 424 3926 tempure
447 3848 545 3908 futuro
566 3851 678 3909 utinam
700 3848 781 3927 legar
803 3848 910 3926 legaris
926 3848 970 3909 rel
993 3847 1091 3929 legare
1114 3847 1243 3926 legatur,
1268 3856 1298 3906 et
1311 3844 1464 3926 pluraliter

193 3947 290 4009 uuuam
319 3946 452 4027 legantur
479 3948 616 4028 tegamini
644 3949 787 4028 legantur.
822 3953 1006 4012 curriuuctiru
1035 3952 1122 4012 neerrlu
1154 3960 1286 4030 terrrpore
1315 3950 1464 4028 praesenti

192 4061 247 4110 tum
268 4048 350 4129 legar
372 4050 479 4129 legaris
502 4051 545 4111 rel
568 4050 665 4130 legare
688 4051 815 4130 legatur,
839 4062 867 4113 ut
890 4054 1041 4133 pluraliter
1069 4074 1136 4115 esstrrn
1166 4052 1297 4132 legantur
1324 4051 1462 4133 lugamiui
1477 4066 1502 4103 m

187 4141 328 4227 legantur:
352 4153 455 4213 eorlem
479 4153 566 4214 antido
589 4163 721 4234 tempore
744 4158 901 4234 praeterito
925 4158 1087 4236 inperfecto
1110 4176 1176 4217 eum
1194 4155 1308 4233 legerer
1323 4153 1465 4233 legereris

189 4249 227 4311 tel
247 4250 379 4334 legerere
403 4254 564 4334 legeretur,
588 4265 618 4317 et
639 4255 791 4336 pluraliter
813 4279 879 4319 curu
903 4258 1070 4335 legerentur
1093 4258 1263 4335 legereuriui
1280 4257 1463 4335 legerentur:

185 4353 283 4417 cotem
305 4356 394 4418 urorlo
416 4367 548 4438 tempore
571 4362 732 4438 praeterito
755 4361 887 4440 perfeeto
915 4379 981 4421 enm
1005 4360 1096 4419 lectus
1123 4363 1177 4419 situ
1201 4363 1240 4418 sia
1263 4362 1314 4425 sit,
1343 4369 1372 4417 et
1400 4359 1463 4435 quu·

250 4538 259 4585 l
280 4548 395 4601 ternpore
414 4540 548 4601 praeterio»
568 4537 680 4604 perferto
697 4552 720 4585 rt
740 4540 987 4604 plusquarnpouforte
1006 4556 1062 4585 euru
1082 4539 1200 4601 legissem
1222 4538 1253 4586 ,11
1327 4542 1391 4585 lte-r
1404 4554 1463 4601 prm

189 4608 306 4659 Praesenti
326 4607 410 4671 legere
427 4612 560 4671 praeterito
581 4610 675 4673 legisse
696 4606 726 4655 .l!
811 4612 827 4657 ‘t
851 4615 875 4657 iu
899 4610 973 4657 verbu
996 4612 1151 4671 r'rqreruouule'
1172 4614 1321 4673 reliquorum
1339 4608 1464 4655 rotulorum

187 4667 364 4726 decimationem
381 4678 442 4728 adef.
461 4678 492 4725 ‚ll
558 4680 575 4727 ft
590 4677 716 4726 fiertualia
736 4679 767 4727 ‚ll
836 4682 868 4728 ’31
889 4682 972 4743 legere
993 4680 1086 4731 !··..1=t¹u
1109 4692 1132 4725 ··t
1150 4681 1278 4742 pemati-vr
1297 4680 1409 4742 lrg'uuur
1430 4679 1451 4723 ie

188 4739 267 4801 simini
286 4747 421 4812 (legumini
440 4748 472 4803 S,
491 4748 606 4813 leguntur
626 4748 676 4796 ‚tts'
761 4748 795 4798 25
818 4750 908 4813 tegitur
933 4762 957 4797 tu
978 4752 1067 4812 legitur
1088 4750 1128 4793 ile
1153 4761 1176 4793 et
1197 4750 1326 4812 pluraliter
1350 4750 1464 4809 legemur

189 4806 313 4877 legiuiuor
338 4817 379 4864 uel
404 4817 519 4882 leguntur
539 4817 569 4865 ,ll
591 4819 682 4883 legitur
698 4818 796 4882 legauit
814 4832 838 4867 er
858 4820 987 4884 pluraliter
1006 4819 1132 4885 (legantur
1151 4820 1212 4871 artu,
1231 4830 1259 4879 up
1278 4818 1411 4882 legirniurr
1429 4818 1463 4866 fe·

189 4892 271 4944 grator
289 4886 330 4936 uel
350 4886 409 4953 lego
423 4921 505 4940 .....
525 4888 577 4943 (uel
596 4890 725 4955 leguntete
741 4904 766 4947 sp
784 4888 805 4933 S
