3314 5506
183 381 267 428 xxiv
720 364 930 425 enauimus

183 560 252 617 item
274 557 427 616 sciendam
450 562 493 614 cst
514 556 597 629 arrad
617 556 684 628 ipsa
707 554 870 613 declinatio
892 555 1107 628 inpersonolis,
1133 556 1261 627 qimaiu
1283 560 1334 612 tur
1349 557 1427 626 enit,
1452 571 1472 612 a

183 659 388 730 neutralibus,
420 664 452 716 ut
478 660 521 716 ait
543 657 673 727 Probae,
703 658 864 730 liburniam
895 657 967 729 quia
989 657 1056 730 ipsa
1078 662 1188 713 neutra
1203 657 1358 730 passuum
1381 673 1420 715 cx
1441 674 1473 715 se

184 763 274 820 aliter
295 776 353 818 non
373 758 513 830 sociant:
535 753 578 818 cf.
602 753 711 816 Diom.
736 761 796 823 398
806 799 819 831 ,,
839 761 889 822 31.
933 752 1013 816 ibid.
1039 757 1155 815 Probus
1183 773 1254 815 uero
1275 758 1306 816 in
1334 758 1381 816 bis
1404 752 1472 837 (ge-

184 857 276 922 rendi
299 856 422 938 verbis)
447 868 547 920 actum
569 867 669 918 tamen
693 853 729 939 (l.
753 854 884 940 tautum)
905 860 977 930 fieri
997 859 1084 918 docet
1105 860 1271 918 accludens
1289 847 1470 933 passionem,

182 965 237 1024 secl
257 964 423 1022 notandum
445 964 527 1037 quod
547 962 663 1021 Probus
685 963 716 1020 in
739 961 785 1020 bis
807 977 886 1035 quae
907 978 927 1019 a
949 969 1056 1020 neutro
1078 962 1125 1020 uel
1140 977 1160 1018 a
1175 961 1338 1035 deponenti
1349 963 1472 1022 ueniunt

183 1069 288 1128 rncrito
310 1072 338 1124 ct
359 1072 440 1124 recte
461 1064 598 1135 exclusit,
624 1080 684 1123 non
707 1065 745 1122 ub
767 1064 815 1123 bis
836 1080 915 1138 puae
937 1064 975 1122 ab
997 1065 1096 1122 activo
1119 1065 1248 1122 ueniunt.
1272 1096 1314 1106 -
1336 1065 1414 1136 item,
1440 1071 1473 1124 ut

183 1171 228 1228 ait
255 1168 387 1240 Probus,
424 1167 500 1224 baec
524 1166 694 1240 participia
722 1183 782 1226 non
815 1173 899 1235 sunt,
929 1167 984 1225 sed
1010 1167 1145 1240 propriu
1178 1181 1323 1224 sermones
1349 1168 1471 1240 species.

181 1272 349 1346 participia
370 1269 450 1328 enirn
472 1284 539 1328 cum
560 1269 620 1326 sint
642 1269 706 1325 alia
730 1263 765 1347 (l.
789 1263 891 1348 tolia),
915 1270 1067 1342 reci'piunt
1087 1273 1116 1326 et
1132 1283 1296 1341 personam
1318 1274 1348 1327 et
1369 1284 1473 1328 nume·

183 1389 249 1432 rum
272 1378 300 1430 et
324 1366 359 1451 (l.
376 1367 423 1450 ut)
448 1370 485 1429 ab
507 1370 554 1428 liis
575 1370 720 1442 lepcndis.
745 1365 858 1429 eadem
880 1364 949 1429 fere
972 1364 1012 1428 de
1034 1364 1167 1449 gerendi
1189 1364 1283 1428 modo
1301 1375 1475 1450 praecepta

184 1469 290 1533 Probo
313 1467 501 1532 tribuuntur
528 1465 626 1530 etiam
655 1467 688 1529 in
716 1465 827 1530 codice
848 1465 1003 1531 Leidensi
1027 1475 1102 1535 135:
1133 1465 1176 1530 cf.
1198 1466 1307 1530 Diem.
1336 1489 1369 1552 p.
1399 1475 1472 1536 342.

186 1571 325 1656 denique
347 1569 388 1633 ad
410 1568 538 1633 laudem
562 1568 641 1633 artis
663 1568 908 1652 grammaticae,
937 1591 1001 1655 qua
1022 1568 1150 1632 Probus
1172 1569 1257 1633 inter
1279 1570 1474 1634 recentiores

185 1672 412 1758 grammaticos
435 1669 586 1749 florebat,
614 1668 778 1754 pertinent
799 1669 894 1749 haec,
918 1670 1005 1756 apud
1021 1669 1251 1736 Cassiodorum
1275 1669 1315 1734 de
1337 1693 1472 1756 gramm.

182 1799 215 1862 p.
238 1783 319 1845 2321
343 1780 398 1838 sed
425 1778 560 1852 quamuis
588 1782 728 1836 auctores
756 1783 920 1852 temporum
947 1780 1136 1852 superiorum
1163 1779 1201 1835 de
1229 1785 1296 1837 arte
1320 1795 1473 1853 pramma-

183 1885 245 1942 tica
268 1882 375 1940 ordine
397 1882 516 1940 diuerso
538 1881 739 1939 tractaverint
759 1880 879 1952 suisque
901 1881 1029 1938 saeculis
1051 1880 1173 1939 nonoris
1196 1881 1286 1940 decus
1300 1881 1472 1954 tabuerint,

183 1991 216 2044 ut
239 1984 401 2043 Palaemon
426 1983 544 2042 Pbocos
566 1981 682 2041 Probra
708 1987 737 2040 et
760 1981 955 2053 Censorinus,
986 1976 1073 2061 apud
1097 1977 1279 2041 Ausonium
1305 1978 1408 2063 praef.
1433 1979 1475 2042 ad

185 2083 300 2168 Syagr.
326 2087 364 2149 18
387 2102 493 2145 nomeu
514 2085 710 2157 prammotici
726 2084 836 2153 merui,
861 2099 921 2142 non
944 2090 1005 2143 tom
1026 2084 1148 2158 proinde
1170 2085 1304 2159 quidem,
1329 2102 1388 2158 quo
1408 2088 1474 2158 pla

183 2190 233 2246 ria
255 2194 362 2247 nostru
383 2188 495 2246 subiret
517 2187 673 2245 Aemilium
696 2192 749 2244 aut
771 2183 919 2245 Scaurum
936 2185 1151 2262 Berytiumque
1165 2186 1311 2260 Probum,
1336 2182 1473 2268 profess.

183 2285 319 2370 Burdig.
345 2292 398 2363 16,
430 2293 467 2352 12
496 2286 644 2347 Scaurum
667 2288 856 2362 Probumque
880 2289 976 2348 corde
1002 2289 1116 2347 callens
1142 2290 1260 2362 intimo,
1296 2285 1340 2348 ib.
1370 2293 1425 2364 21,
1456 2298 1474 2354 7

181 2394 383 2465 prammutice
403 2391 447 2448 acl
467 2388 617 2450 Scaurum
640 2396 730 2465 atque
752 2390 892 2449 Probrm.
923 2386 956 2449 in
979 2384 1090 2449 codiee
1113 2385 1260 2449 Parisino
1284 2393 1366 2455 7560
1389 2407 1473 2450 saec.

184 2489 235 2553 XI
258 2488 282 2553 f.
308 2497 346 2560 10
367 2495 444 2552 sciat
465 2508 497 2550 se
519 2492 676 2552 Prisciani
695 2494 742 2562 uel
760 2493 889 2565 Donati,
920 2492 1016 2552 Probi
1035 2495 1081 2553 uel
1102 2492 1248 2565 Audacii,
1279 2493 1359 2550 Velii
1378 2491 1477 2566 Lonpi

184 2597 231 2656 uel
263 2595 407 2668 Romani,
444 2596 589 2654 Flauiani
620 2596 666 2653 uel
694 2594 825 2668 Euticis,
865 2595 1015 2654 Victorini
1045 2595 1092 2654 ael
1124 2595 1240 2665 Pocae,
1276 2594 1400 2669 Asporii
1430 2596 1476 2654 uel

184 2699 310 2773 Pompei
335 2699 414 2757 latus
441 2698 577 2769 laniare,
610 2691 747 2757 analect.
778 2714 913 2776 gramm.
937 2691 1077 2756 Vindob.
1100 2714 1132 2777 p.
1156 2701 1217 2761 514
1246 2697 1300 2755 scd
1326 2697 1393 2755 illos
1414 2714 1475 2756 non

178 2806 269 2875 putes
291 2800 478 2873 intellcpcre,
508 2801 568 2858 nisi
587 2815 607 2857 a
629 2800 748 2858 Donato
769 2800 951 2874 sumpserint
968 2800 1167 2874 principium,
1192 2804 1224 2857 ut
1244 2802 1288 2857 est
1310 2798 1426 2859 Probus
1448 2805 1477 2858 et

185 2903 307 2962 Caesar.

270 2997 340 3062 Non
363 2998 469 3084 piguit
490 3020 644 3082 magnum
659 3019 828 3064 numerum
842 2998 999 3078 locorum,
1023 2997 1142 3084 quibus
1158 2998 1351 3083 posteriores
1368 3020 1474 3083 gram·

183 3101 293 3165 matici
315 3101 511 3164 mentionem
533 3100 632 3164 Probi
660 3099 822 3180 fecerunt,
852 3121 1047 3185 conponere,
1077 3109 1113 3164 ut
1143 3120 1253 3164 eorum
1282 3101 1475 3164 testimoniis

184 3212 362 3284 constaret,
392 3224 490 3290 quam
512 3203 664 3290 frequens
687 3201 783 3266 huius
806 3202 1007 3284 grammatici
1029 3203 1184 3265 memoria
1207 3213 1239 3266 et
1260 3211 1384 3288 quanta
1405 3204 1474 3266 eius

183 3304 361 3369 auotoritas
384 3305 534 3386 tuerint)
566 3327 641 3369 nam.
663 3325 746 3389 quae
769 3300 942 3368 Suetonius
965 3301 1090 3369 Gellius
1114 3302 1282 3368 Charisius
1305 3304 1346 3367 de
1368 3303 1476 3368 Probo

184 3406 402 3488 tradiderunt,
426 3408 577 3493 quoniam
600 3428 642 3470 ex
664 3403 845 3491 antiquiore
868 3414 974 3470 aetate
1002 3406 1149 3492 profecta
1176 3415 1209 3470 et
1235 3404 1277 3469 ab
1303 3405 1353 3470 his
1382 3405 1474 3470 libris

184 3508 218 3574 in
240 3509 359 3595 quibus
381 3531 466 3574 niune
490 3530 657 3574 versamur
680 3505 786 3572 aliena
807 3519 894 3588 sunt,
919 3507 1022 3571 omisi.
1054 3508 1109 3573 sed
1132 3518 1169 3571 ut
1190 3508 1231 3572 ad
1253 3509 1476 3593 quaestionem

268 3663 291 3731 ⁸)
310 3665 353 3714 Ex
371 3664 405 3713 iis
425 3678 497 3727 quae
516 3663 656 3729 adscripto
675 3663 759 3714 Probi
782 3664 890 3715 nomine
914 3665 942 3712 in
961 3664 1165 3714 commentariis
1184 3663 1347 3727 quibusdam
1365 3664 1476 3713 intimae

186 3752 291 3801 aetatis
309 3751 339 3798 in
358 3748 501 3799 codicibus
519 3765 601 3798 maun
620 3748 731 3811 seriptis
750 3748 881 3813 leguntur
899 3735 1035 3811 quaedam
1053 3764 1107 3798 non
1125 3750 1227 3814 recepi,
1245 3754 1391 3813 propterea
1404 3749 1476 3813 quiod

185 3850 240 3884 uon
259 3851 292 3884 ex
311 3835 400 3898 ipsius
418 3833 502 3884 Probi
520 3833 598 3883 libris
617 3832 772 3896 descripta,
792 3831 840 3881 sed
859 3847 875 3881 a
894 3833 1094 3896 posterioribus
1113 3834 1315 3898 grammaticis,
1335 3834 1382 3897 qui
1400 3833 1477 3884 illius

185 3919 351 3969 mentionem
371 3919 512 3979 lecerunt,
536 3918 625 3981 petita
643 3920 714 3966 sunt.
752 3915 824 3978 alia,
848 3932 934 3979 quae,
959 3917 1024 3980 quia
1043 3917 1087 3966 vel
1110 3917 1218 3967 incerta
1236 3918 1281 3969 vel
1299 3919 1403 3968 nullius
1417 3935 1475 3987 ¹ruo·

186 4004 273 4054 menti
292 4007 364 4065 sunt,
384 4002 477 4064 omisi,
497 4017 569 4050 niune
586 4001 708 4050 breviter
726 3999 864 4050 indicabo.
901 3999 1137 4051 Monteialconius
1159 4002 1227 4053 bibl.
1247 4002 1300 4052 vol.
1319 4004 1345 4052 ll
1365 4020 1389 4067 p.
1412 4006 1476 4054 1334

184 4092 213 4140 in
232 4088 323 4140 indica
342 4086 465 4137 codicum
483 4085 672 4136 bibliothecae
690 4085 915 4135 Pontiniaeensis
933 4086 1026 4150 posuit
1044 4085 1176 4136 ‘Probum
1195 4086 1228 4136 de
1247 4089 1356 4138 ratione
1374 4094 1477 4153 tempo·

184 4175 265 4226 rum'.
301 4172 334 4222 de
363 4187 416 4234 quo
439 4169 533 4220 codice
558 4169 627 4219 nihil
650 4176 796 4234 praeterea
820 4171 886 4220 mihi
910 4176 1027 4234 constet.
1063 4171 1111 4222 sed
1133 4173 1157 4221 si
1179 4177 1255 4222 recte
1280 4174 1315 4223 ab
1338 4155 1386 4227 illd
1405 4175 1478 4225 liber

184 4257 268 4308 Probi
288 4255 426 4305 indicatus
446 4260 502 4317 est,
522 4255 724 4305 commentariis
743 4256 983 4321 grammaticorum
1002 4273 1034 4306 en
1048 4257 1131 4307 Probi
1149 4256 1337 4322 disputatione
1356 4257 1389 4308 de
1408 4263 1476 4310 tem·

187 4343 299 4407 poribus
317 4341 462 4391 verborum
482 4338 629 4405 excerptis,
648 4339 696 4404 qui
714 4355 798 4405 supra
816 4339 932 4389 indicati
950 4346 1027 4405 sunt,
1046 4342 1144 4392 similis
1163 4343 1250 4392 luisse
1270 4342 1386 4396 videtur.
1417 4345 1476 4394 Va·

187 4427 250 4476 larii
269 4426 377 4475 nomine
397 4423 536 4490 adscripto
556 4425 691 4489 quaedam
712 4426 800 4474 citata
818 4430 883 4475 sunt
901 4425 935 4475 ab
949 4426 1091 4478 tidhelmo
1109 4427 1176 4479 Mai.
1191 4429 1273 4478 class.
1293 4432 1367 4477 auct.
1384 4428 1440 4480 vol.
1453 4431 1477 4479 V

186 4525 211 4574 p.
230 4510 280 4560 538
298 4513 326 4559 et
344 4511 403 4570 560,
422 4508 456 4558 de
475 4525 528 4573 quo
549 4511 584 4560 cs.
605 4510 708 4560 Osann.
728 4510 843 4575 symbol.
862 4509 916 4559 litt.
935 4510 990 4561 vol.
1008 4511 1036 4560 11
1054 4529 1080 4577 p.
1101 4515 1163 4575 173,
1188 4513 1261 4562 etin
1280 4515 1476 4564 commentario

185 4593 288 4644 codicis
312 4595 463 4644 Lavantini
485 4595 571 4645 val.1
594 4596 681 4661 praef.
705 4612 731 4661 p.
751 4595 808 4657 LV,
833 4610 904 4657 quae
928 4597 989 4661 ipsa
1012 4611 1121 4660 quoque
1146 4597 1180 4646 ad
1201 4598 1340 4647 Valerium
1358 4598 1476 4648 Probum

188 4678 328 4744 pertinere
346 4678 419 4729 haurd
439 4681 611 4745 improbabile
631 4685 680 4731 est.
705 4679 823 4743 denique
842 4695 940 4731 nomen
958 4682 1042 4731 Probi
1061 4697 1121 4730 eum
1141 4682 1204 4732 aliis
1223 4683 1409 4747 grammaticis
1428 4699 1478 4748 ap·

183 4763 301 4828 pellavit
323 4765 484 4814 Priscianus
502 4764 520 4814 1.
540 4765 615 4818 Xlll.
638 4783 664 4831 p.
685 4769 729 4827 13,
750 4768 781 4814 14
807 4769 834 4814 et
858 4766 875 4818 l.
895 4765 973 4816 xv11
991 4782 1017 4830 p.
1038 4768 1098 4827 112,
1118 4768 1165 4828 27,
1188 4766 1301 4816 Rufinus
1318 4783 1344 4832 p.
1364 4770 1429 4818 ‘2713
1448 4773 1478 4818 et

183 4850 259 4900 2720.
