3346 5506
240 378 299 442 186
829 377 943 439 ruunt

288 497 447 552 nmmo
1319 494 1480 549 amau

236 587 323 647 quam
346 571 373 629 io
395 568 499 628 litteris
527 568 716 628 deliniuntur.
761 584 841 627 nnnc
863 584 931 628 oum
957 566 1160 628 dicat'Cicero
1186 569 1242 629 ‘et
1261 566 1429 629 obscure
1450 585 1531 629 ser·

235 675 352 751 pons’,
378 671 478 748 utiipne
497 672 554 730 iam
577 687 683 748 serpo,
696 686 756 728 non
779 670 877 747 serpio
900 668 997 730 lacere
1019 671 1237 747 pronuntiatur.
1282 667 1449 746 quaeritur,
1472 686 1530 749 qua

235 773 271 833 de
300 790 388 832 causa
413 771 568 849 serpebam
599 777 628 832 et
653 788 713 830 non
740 769 905 848 scrpiebam
935 770 1057 832 dicatur.
1102 769 1159 831 bae
1189 771 1226 832 de
1253 788 1357 840 eausa,
1389 773 1531 851 quoniam

235 892 437 953 quaecumque
457 873 546 934 verba
575 871 664 934 modo
690 872 846 933 indicativo
871 873 1012 950 temporis
1035 875 1200 951 praesentis
1228 873 1258 933 in
1283 866 1379 951 prima¹
1401 890 1531 953 persona

209 977 352 1039 snumeri
374 974 532 1053 singularis
555 982 622 1035 ante
642 993 660 1033 o
680 973 815 1034 ultimum
836 976 846 1033 i
867 975 994 1034 litteram
1020 992 1079 1035 non
1106 974 1219 1036 habent
1246 975 1432 1054 oppositam,
1456 974 1531 1038 baec

233 1080 261 1138 in
285 1079 383 1156 specie
406 1078 577 1154 imperfecta
599 1084 667 1136 ante
689 1095 720 1144 e,
749 1082 891 1157 quaeest
914 1092 1008 1154 prope
1029 1075 1163 1137 ultimam
1186 1075 1343 1157 syllabam,
1367 1094 1529 1158 numquam

232 1178 392 1240 ilitteram
425 1177 537 1239 habent
565 1179 763 1238 constitutam.
808 1179 877 1238 item
906 1176 960 1238 alia
989 1177 1141 1256 probatio,
1174 1196 1232 1258 qua
1261 1177 1436 1257 serpebant,
1470 1196 1529 1240 nou

234 1280 399 1359 serpiebam
424 1280 522 1341 lacere
543 1274 767 1358 pronuntiatum
791 1279 902 1341 scilicet
922 1265 1063 1360 quoniam
1082 1282 1247 1360 praesentis
1268 1281 1414 1359 temporis
1438 1281 1529 1361 parti·

234 1383 342 1459 cipinm
365 1399 383 1441 n
405 1389 433 1442 et
455 1402 470 1442 s
490 1380 608 1442 ultimas
631 1380 745 1441 litteras
773 1383 880 1443 omittit
905 1389 935 1443 et
955 1381 1024 1443 bam
1048 1380 1189 1462 syllabam
1211 1384 1319 1460 accipit
1346 1389 1377 1444 et
1396 1384 1529 1461 speciem

197 1484 436 1562 nimperlectam
456 1483 535 1545 modi
556 1483 702 1544 indicativi
725 1485 860 1554 ostendit,
885 1491 1004 1564 utputa
1026 1483 1161 1545 scribens
1182 1483 1361 1546 scribebam.
1406 1501 1453 1546 ue
1472 1484 1529 1545 uti·

233 1603 291 1664 que
313 1592 343 1646 et
364 1602 487 1664 serpens
507 1584 672 1664 serpebam,
696 1603 756 1646 non
776 1586 941 1665 serpiebani
965 1589 1063 1647 lacere
1083 1587 1301 1664 pronuntiatur.

318 1687 393 1747 Sunt
415 1686 516 1756 verba,
546 1706 621 1767 quae
643 1707 659 1748 a
682 1690 827 1767 positione
849 1707 901 1750 sua
930 1690 959 1748 in
982 1689 1197 1768 compositione
1222 1689 1381 1748 immutent
1404 1686 1527 1758 uuum

232 1796 265 1849 ut
287 1797 356 1866 puta
378 1795 465 1849 teneo
484 1789 609 1857 detineo,
633 1787 699 1866 lego
723 1789 808 1868 eligo,
831 1809 942 1870 quaero
966 1792 1082 1869 inquiro
1103 1796 1133 1850 et
1150 1795 1248 1850 cetera
1271 1788 1350 1850 talia.
1380 1789 1435 1851 sed
1455 1789 1529 1852 baec

232 1908 308 1969 quae
330 1889 373 1951 vel
397 1899 470 1969 quot
490 1893 550 1950 sint
571 1890 670 1959 rerba,
694 1910 769 1970 quae
791 1883 807 1952 a
829 1888 983 1972 positiolne
1008 1909 1060 1952 sua
1084 1892 1112 1950 in
1134 1890 1348 1970 compositione
1370 1892 1530 1954 immutent

195 2011 218 2052 n
233 1991 354 2062 litteras,
378 1993 434 2053 hoc
456 1992 582 2052 insonis
603 1999 796 2070 conpetenter
818 1993 1017 2053 tractabimus.
1033 1989 1046 2077 ll
1062 2000 1130 2053 sunt
1151 1992 1240 2053 verba
1263 1993 1432 2054 communis
1452 2000 1528 2056 tem·

231 2096 321 2173 poris,
345 2100 468 2171 utputa
492 2094 577 2153 vertit
606 2093 681 2154 bibit
701 2095 761 2154 ruit
786 2102 815 2155 et
836 2102 934 2155 cetera
958 2092 1034 2154 talia.
1079 2102 1148 2155 sunt
1169 2092 1258 2155 verba
1281 2094 1451 2157 communis
1472 2113 1527 2157 uu·

232 2198 316 2266 meri,
341 2202 464 2274 utputa
487 2196 579 2254 amari
602 2194 742 2256 scribitur
763 2196 922 2257 sedebatur
945 2204 974 2257 et
995 2202 1092 2258 cetera
1114 2194 1191 2256 talia.
1236 2202 1305 2256 sunt
1327 2195 1418 2257 rerba
1441 2215 1528 2278 quae,

232 2316 300 2358 cnm
322 2297 351 2356 in
369 2297 433 2356 aliis
455 2296 551 2356 modis
572 2297 630 2357 sint
650 2296 814 2368 dissimilia,
843 2306 972 2359 attamen
1002 2299 1116 2376 species
1140 2297 1288 2376 perlectas
1310 2305 1339 2358 et
1361 2314 1426 2368 res,
1454 2316 1529 2379 quas

231 2406 340 2476 regunt
356 2399 469 2476 species
492 2399 654 2476 perlectae,
678 2399 788 2459 similes
810 2399 952 2469 babeant,
975 2407 1007 2459 ut
1028 2405 1098 2478 puta
1119 2398 1205 2460 luceo
1224 2397 1311 2476 lugeo
1334 2399 1411 2469 luxi,
1435 2418 1529 2463 cerno

192 2519 335 2562 sorresco
362 2501 457 2569 crevi,
490 2499 587 2577 polleo
612 2500 711 2579 polluo
736 2499 826 2579 pollni
857 2510 886 2562 et
913 2509 1011 2563 cetera
1039 2500 1117 2561 talia.
1162 2508 1232 2562 sunt
1256 2499 1362 2571 verba,
1395 2504 1528 2582 quaein

231 2603 326 2681 prima
352 2619 478 2680 persona
500 2600 609 2662 similes
632 2620 722 2663 sonos
743 2602 885 2671 babeant,
909 2604 937 2662 in
960 2602 1089 2664 secunda
1114 2621 1182 2663 reru
1202 2602 1358 2664 dissimiles
1379 2604 1528 2680 signitica-

229 2705 326 2765 tiones
355 2704 523 2772 ostendant,
555 2711 678 2783 utputa
706 2704 814 2765 mando
836 2705 971 2775 mandas,
1000 2703 1107 2764 mando
1131 2704 1261 2774 mandis;
1288 2704 1384 2774 tundo
1406 2705 1527 2784 luridas,

230 2805 323 2868 lunda
345 2804 459 2874 lundis;
488 2824 556 2866 sero
577 2824 673 2875 seras,
698 2824 765 2867 sero
785 2807 861 2866 seris
889 2815 917 2866 ct
939 2814 1037 2867 cetera
1064 2804 1143 2866 talia.
1188 2812 1258 2866 sunt
1284 2804 1372 2867 verba
1398 2808 1527 2884 figurata

229 2908 275 2970 rel
296 2906 472 2976 translativa,
495 2915 527 2968 ut
551 2907 628 2986 apud
646 2906 805 2984 Vergilium
824 2911 897 2968 ‘est
919 2907 1062 2968 llamma
1087 2905 1273 2968 medullas
1296 2908 1475 2979 interoa’,
1499 2917 1528 2971 et

191 3012 373 3090 assignificat
395 3009 468 3079 edit,
504 3009 532 3069 id
556 3016 600 3069 est
622 3010 777 3069 consumit.
823 3011 892 3069 item
914 3009 990 3088 apud
1015 3010 1188 3070 Ciceronem
1222 3010 1327 3088 ‘quis
1356 3016 1396 3072 ut
1424 3009 1528 3072 volet

230 3113 421 3191 accipiat',
446 3119 476 3170 et
498 3112 642 3187 significat
661 3113 710 3170 ‘ut
729 3110 882 3171 rolnerit'.
927 3113 997 3170 item
1020 3110 1098 3188 apud
1118 3109 1278 3188 Vergilium

381 3214 424 3273 dc
447 3230 561 3289 grege
582 3229 651 3271 non
673 3213 787 3271 ausim
810 3213 1005 3290 quiequam
1024 3212 1212 3290 deponere
1231 3221 1370 3281 tecum,

229 3325 259 3376 et
281 3316 424 3393 significat
446 3313 522 3372 ‘non
546 3314 699 3373 audeam’.
737 3315 780 3374 sic
803 3320 831 3374 et
850 3322 947 3374 cetera
970 3311 1045 3373 talia.
1091 3322 1161 3373 saint
1179 3311 1283 3382 rerba,
1308 3331 1384 3392 quae
1405 3317 1526 3377 tertiam

229 3435 386 3497 personant
416 3416 561 3475 retineant
584 3422 712 3480 tantiam,
743 3421 864 3493 utputa
894 3417 984 3493 irridet
1011 3415 1107 3475 taedet
1134 3422 1250 3495 oportet
1276 3418 1409 3494 paenitet
1439 3416 1526 3479 dccet

190 3519 297 3581 aoliret
317 3521 399 3598 piget
428 3525 457 3578 et
478 3526 575 3577 cetera
599 3515 676 3577 talia.
722 3517 773 3576 sed
796 3516 870 3577 baec
891 3536 966 3596 quiae
990 3514 1033 3575 rel
1056 3525 1128 3596 quot
1151 3519 1210 3577 sint
1232 3517 1336 3586 rerba,
1365 3535 1442 3597 quae
1465 3527 1526 3580 ter·

229 3623 295 3681 tiam
320 3637 477 3699 personam
499 3619 668 3678 contineant
689 3625 802 3679 tantum
826 3619 869 3678 vel
891 3637 963 3698 quas
985 3638 1034 3679 res
1055 3619 1152 3679 lacere
1173 3621 1383 3698 nonpossint,
1412 3620 1472 3681 boe
1494 3623 1525 3682 iu

228 3724 308 3782 sonis
330 3729 522 3800 conpetenter
544 3718 746 3779 tractabimus.
792 3726 861 3780 sunt
883 3719 982 3789 rerba,
1006 3739 1081 3799 quae
1105 3722 1276 3799 imperativo
1297 3721 1388 3781 modo
1409 3729 1526 3800 tempo·

227 3824 268 3882 ris
290 3824 452 3901 praesentis
478 3824 506 3882 in
526 3821 655 3881 secunda
684 3838 811 3898 persona
841 3822 956 3879 numeri
983 3821 1140 3899 singularis
1164 3830 1287 3901 propter
1313 3841 1404 3883 sonos
1430 3826 1527 3885 etsie

228 3926 370 4002 permissa
397 3926 455 3984 sint
483 3921 640 3989 (lacrimari,
670 3929 791 3998 utputa
820 3922 866 3980 lac
887 3921 933 3980 dic
955 3922 1020 3981 cluo.
1066 3924 1108 3983 sic
1131 3933 1160 3984 et
1180 3932 1279 3984 cetera
1304 3922 1373 3984 talia
1402 3933 1434 3985 et
1455 3944 1525 3987 cum

189 4044 214 4084 as
228 4027 439 4104 compositione
461 4045 512 4084 sna
531 4031 654 4102 propter
675 4029 773 4081 certos
795 4039 884 4080 sonos
907 4030 936 4081 et
956 4024 997 4081 sic
1015 4026 1157 4099 permissa
1179 4034 1248 4086 sunt
1266 4024 1418 4087 declinari.
1455 4034 1526 4088 sunt

229 4127 332 4194 rerba,
355 4146 431 4206 qliae
454 4125 541 4187 reluti
564 4123 784 4184 similitudinem
808 4123 970 4182 eorundem
994 4124 1153 4186 verborum
1177 4127 1321 4196 habeant,
1350 4145 1428 4205 quae
1451 4127 1525 4190 dixi·

228 4245 294 4287 mns
325 4228 495 4305 imperativo
524 4226 611 4285 niodo
644 4226 785 4302 temporis
814 4225 980 4301 praesentis
1012 4226 1041 4284 in
1071 4228 1200 4288 secunda
1215 4225 1229 4310 ΙΙ
1244 4245 1372 4307 persona
1404 4232 1526 4292 numeri

298 4425 430 4491 leicero]
450 4430 475 4477 in
493 4428 567 4478 Catil.
587 4427 632 4475 llll
651 4425 713 4488 un
797 4426 997 4487 iqrturquoe
1015 4426 1039 4475 tt
1057 4444 1133 4489 quere
1152 4430 1308 4494 Bqusree
1397 4448 1450 4484 nou
1468 4449 1524 4485 tet·-

228 4496 570 4563 ppebgmom‚}t‚m1‹t.lt
642 4497 674 4546 lb
693 4496 858 4545 tractaninius
879 4495 927 4544 1111
999 4495 1029 4544 lli
1048 4501 1195 4549 suin—li
1214 4502 1339 4552 tuliaom.
1361 4502 1396 4561 tt,
1416 4504 1480 4553 add.
1500 4505 1527 4555 11

279 4565 477 4617 mmmmm„
498 4565 518 4612 pf
537 4566 658 4614 pausiam
678 4566 702 4614 B
755 4564 822 4628 cipriid
842 4561 995 4627 Vergilium}
1014 4565 1078 4614 :len-
1099 4568 1143 4616 llll
1158 4569 1193 4617 tut
1264 4574 1297 4622 25
1316 4571 1368 4620 edii
1386 4572 1413 4620 B
1431 4573 1524 4624 edetll

280 4636 314 4685 20
332 4635 401 4700 „pud
422 4632 575 4698 vergilium]
595 4635 674 4685 liniret.
693 4634 718 4691 3,
736 4632 770 4683 3¹2
840 4634 873 4682 'tlt
892 4635 986 4696 periitet
1005 4633 1029 4680 B
1047 4638 1158 4698 poenitet
1176 4641 1199 4688 11
1269 4641 1303 4691 32
1322 4643 1492 4693 tractabimus
1508 4659 1525 4691 r

228 4706 393 4755 tractauintus
411 4704 461 4753 1111
530 4702 564 4751 :ll
583 4704 631 4752 darc
650 4703 691 4751 luc
709 4712 733 4751 rt
752 4711 834 4749 cetera
854 4701 910 4749 talla
931 4712 953 4749 ei
973 4706 1156 4767 compositione
1176 4710 1198 4757 11
1216 4709 1266 4756 duc
1285 4711 1325 4759 luc
1342 4711 1381 4760 sic
1397 4722 1424 4760 et
1439 4722 1523 4763 cetera

229 4775 290 4825 teliu
308 4784 406 4824 etcum
424 4773 608 4836 compositione
626 4788 669 4829 ro,
695 4770 737 4820 ubi
753 4770 791 4819 lue
807 4785 857 4831 pro
874 4769 914 4817 lire
936 4771 1093 4821 scribendum
1112 4790 1168 4824 esse
1190 4781 1296 4828 coniecit
1318 4781 1405 4831 editor·
1426 4782 1522 4832 Vindo-

228 4845 343 4897 Μῶα-8
361 4845 424 4895 emp·
440 4858 544 4909 mmm,
563 4841 594 4889 (ις
609 4840 677 4889 perd,
695 4855 723 4902 p,
742 4839 789 4889 155
808 4839 849 4891 eil.
874 4839 949 4888 l'r'ncl.
1021 4842 1056 4892 :td
1073 4842 1182 4893 babeant
1200 4848 1225 4896 B
1244 4847 1381 4899 ltnbeutfl
