3346 5506
167 381 231 444 230
744 369 889 453 [nitunt]

236 526 242 537 .
257 495 314 537 ravo.
325 495 362 536 roo
376 494 399 534 v.
1263 496 1288 537 p.
1300 483 1373 527 saar
1385 482 1411 525 ι..

169 511 272 628 eodIem
291 584 359 626 casu
383 563 526 640 genetivo,
546 560 721 637 corripiunt.
755 577 773 617 o
794 556 889 618 littera
912 556 1086 619 terminatus
1106 557 1258 619 vocativus
1279 556 1459 619 nominativo

169 668 313 745 congruit.
358 664 493 726 ulittera
513 662 689 722 terminatus
711 659 833 720 Graecis
854 655 1025 719 nominibus
1048 654 1166 736 longam
1185 657 1293 728 babet,
1318 664 1351 718 ut
1371 661 1460 736 ‘quo

169 787 229 829 res
259 783 396 829 summa
428 763 529 831 loeo,
566 761 745 824 Pantlrul’
790 766 895 820 neutro
924 776 994 820 vero
1021 776 1133 839 genero
1159 760 1341 822 nominativo
1373 767 1461 838 atque

169 870 332 930 accusativo
354 865 514 945 respondet
535 863 688 924 nominum
708 861 891 922 Latinorum.
935 861 1084 922 vocativus
1108 860 1268 940 singularis
1289 861 1388 924 Latini
1408 878 1461 922 no·

143 971 255 1041 hminis
285 970 345 1029 sive
367 966 488 1035 Graeci,
518 981 704 1044 quacumque
728 962 818 1024 luerit
839 971 1022 1026 consonante
1042 963 1158 1033 linitus,
1185 962 1309 1026 brevem
1330 961 1461 1032 babebit,

168 1079 200 1132 ut
222 1070 427 1131 nominativus.

252 1170 402 1232 Ablativus
424 1165 581 1245 singularis
605 1164 734 1245 qualibet
756 1163 849 1227 vocali
876 1167 1051 1227 terminatus
1071 1164 1205 1228 niumm
1230 1164 1375 1246 syllabam
1398 1163 1463 1227 lou·

168 1293 235 1352 gam
264 1272 352 1334 babet
382 1278 501 1350 praeter
530 1267 695 1330 elitteram
728 1274 906 1345 correptam.
950 1267 1026 1328 baec
1053 1269 1132 1329 enim
1159 1265 1222 1329 sola
1250 1268 1280 1328 in
1306 1267 1365 1329 isto
1393 1284 1464 1329 castr

169 1372 276 1453 duplex
299 1380 352 1433 est.
396 1372 570 1452 producitur
589 1387 659 1430 vero
682 1367 858 1449 specialiter,
879 1369 903 1429 si
923 1369 1119 1431 nominativus
1134 1365 1149 1452 ΙΙ
1162 1367 1300 1431 babuerit
1322 1387 1355 1431 es
1377 1367 1465 1449 sylla·

133 1499 156 1538 ro
170 1475 238 1536 bam
260 1474 379 1553 longam
397 1480 427 1535 et
444 1474 612 1551 genetivum
632 1490 720 1532 suum
740 1490 756 1533 e
776 1478 806 1531 et
826 1471 835 1532 i
856 1469 975 1549 syllabis
998 1468 1186 1549 explicuerit,
1212 1478 1247 1532 ut
1266 1471 1379 1533 moues
1401 1489 1464 1533 ma·

170 1577 233 1645 cici,
253 1577 367 1655 specics
386 1575 504 1654 speciei,
526 1580 559 1633 ut

323 1694 402 1738 cum
425 1674 550 1736 subito
573 1692 589 1734 e
610 1673 719 1734 silvis
738 1675 854 1734 macie
876 1673 982 1744 coni„

169 1775 225 1859 uti

322 1896 432 1938 causa
456 1879 527 1939 luit
548 1894 669 1955 neque
691 1877 786 1937 enim
808 1876 937 1954 specie
959 1876 1012 1934 i..

132 2005 156 2043 rs
169 1985 266 2058 potest
288 1980 375 2040 etiam
397 1980 429 2039 in
452 1979 497 2039 bis
518 1979 644 2058 produci
668 1978 851 2046 nominibus,
880 1995 956 2057 quae
977 1977 1113 2054 genetivo
1137 1995 1209 2038 casu
1231 1977 1270 2039 ab
1294 1978 1353 2039 bac
1373 1978 1465 2041 decli·

170 2082 289 2143 natione
312 2081 489 2150 desciscunt,
511 2090 543 2141 ut
561 2080 637 2141 baec
659 2079 752 2164 tames
773 2079 861 2141 buius
880 2078 974 2141 lamis.
1018 2095 1087 2138 nam
1109 2077 1197 2156 longa
1219 2086 1265 2141 est
1284 2079 1389 2143 ultima
1410 2097 1466 2142 no·

171 2184 307 2244 minatiro
329 2190 359 2244 et
379 2182 515 2251 ablativo,
540 2192 572 2242 ut
593 2181 705 2242 ‘liaeo
729 2187 811 2241 erat
833 2178 898 2241 illa
920 2181 1055 2242 lames’
1079 2188 1109 2241 et

321 2285 483 2353 amissis,
507 2291 545 2344 ut
567 2284 679 2351 lama,
703 2281 841 2361 apibus
864 2281 1069 2361 morboque
1092 2284 1272 2363 lanaeque.

170 2387 199 2444 in
221 2384 368 2464 aliquibus
397 2383 567 2446 nominibus
590 2403 622 2445 es
643 2382 753 2464 syllaba
781 2390 814 2444 ut
840 2385 871 2444 iu
898 2383 1076 2473 nominativo
1105 2383 1205 2447 brevis
1229 2392 1288 2456 cst,
1320 2387 1362 2446 ita
1384 2393 1414 2447 et
1436 2388 1465 2446 in

132 2509 158 2550 ao
171 2485 305 2557 ablativo,
326 2495 358 2548 ut
759 2551 764 2562 ,

322 2589 457 2667 impius
479 2587 570 2648 baec
593 2596 664 2648 tam
688 2585 790 2649 culta
812 2585 965 2648 novalia
985 2585 1108 2657 miles,

170 2698 200 2750 et
221 2688 290 2750 alibi

321 2793 495 2868 ingentes
518 2799 742 2869 uterumque
763 2797 907 2852 armato
928 2789 1053 2851 milite
1073 2789 1261 2870 conplent.

170 2895 359 2953 inveniuntur
378 2897 465 2954 etiam
487 2895 605 2953 nomina
630 2910 705 2969 quae
728 2893 758 2952 in
781 2890 905 2952 ablativo
933 2898 1115 2970 postremam
1137 2912 1154 2952 e
1176 2890 1304 2953 litteram
1333 2893 1467 2956 vocalem

133 3015 158 3055 aa
174 2997 348 3073 corripiunt,
372 3014 439 3055 eum
459 2996 487 3054 in
512 2995 690 3054 nominativo
713 2993 801 3070 longa
816 2994 862 3062 sit,
885 3000 917 3054 ut
939 2996 1049 3071 ‘rupe
1071 2993 1138 3054 sub
1161 2996 1282 3055 aeria'
1307 3002 1337 3055 et
1353 2994 1468 3057 ‘mole

172 3105 277 3158 tenet
304 3096 480 3175 scopuli'.
526 3113 617 3173 quare
641 3097 668 3156 in
698 3096 745 3156 bis
767 3094 1007 3173 ambiguitatibus
1028 3097 1189 3157 auctoritas
1214 3097 1393 3175 inquirenda
1412 3108 1467 3159 est

172 3218 273 3259 verum
296 3202 319 3261 si
342 3200 372 3260 in
394 3195 563 3258 nominibus
585 3199 706 3259 Graecis
728 3196 885 3258 ablativum
909 3204 1059 3267 nostrum,
1086 3216 1175 3276 quem
1198 3196 1321 3259 illinon
1344 3198 1468 3269 babent,

170 3302 353 3370 formaveris,
377 3300 563 3361 novissimam
584 3298 725 3378 syllabam
748 3298 868 3360 brevem
891 3315 956 3360 esse
976 3297 1137 3376 intelleges,
1158 3306 1191 3360 ut

322 3402 489 3481 llapbnis
510 3419 563 3462 me
584 3400 703 3461 malus
725 3402 816 3470 urit,
840 3418 907 3478 ego
929 3400 1025 3461 banc
1046 3403 1082 3461 in
1104 3400 1303 3480 [lapbnide
1322 3399 1468 3465 laurum

131 3493 200 3546 anet

323 3579 475 3651 postera
496 3588 574 3630 cum
596 3572 718 3647 primo
743 3569 933 3631 lustrabat
955 3569 1124 3648 lampade
1146 3579 1281 3631 terras.

171 3673 272 3733 iratiua
295 3693 365 3733 voro
388 3673 520 3743 nomina,
548 3674 722 3750 praesertim
744 3691 778 3731 ea
800 3689 875 3748 quae
896 3673 1072 3732 nominativo
1092 3689 1124 3732 es
1144 3680 1173 3732 et
1190 3673 1325 3751 gerretiuo
1347 3675 1387 3734 tis
1408 3674 1467 3754 syl-

170 3773 252 3833 labas
274 3777 432 3852 recipiunt.
456 3777 486 3835 in
505 3772 631 3834 ablativo
655 3792 725 3834 casu
747 3791 865 3850 semper
885 3773 1005 3834 brevem
1028 3772 1146 3834 babent.

255 3876 297 3936 lle
316 3894 441 3936 numero
463 3874 578 3955 plurali.
625 3873 730 3954 plurali
752 3893 876 3935 numero
899 3877 928 3935 in
952 3875 1060 3936 ultimis
1080 3877 1234 3936 nominum
1262 3874 1384 3957 syllabis
1401 3876 1470 3940 nial,

132 3994 158 4033 aa
174 3977 229 4037 lam
263 3976 461 4038 difficultatem
491 3980 630 4055 reperies.
676 3978 785 4038 etenim
815 3978 1010 4038 nominativus
1043 3979 1227 4038 accusativus
1258 3985 1288 4038 et
1318 3981 1470 4041 vocativus

173 4081 254 4139 orum
290 4081 319 4138 iu
352 4096 462 4156 genere
499 4080 630 4157 exceptis
661 4077 832 4140 nominibus
864 4079 987 4140 Graecis
1019 4086 1048 4139 et
1082 4087 1188 4139 neutro
1221 4095 1332 4156 genere
1363 4089 1469 4142 nostro

172 4189 351 4257 postremam
385 4179 524 4259 syllabam
553 4197 672 4258 semper
704 4177 820 4256 longam
850 4182 1004 4259 recipiunt.
1049 4183 1162 4242 Graeca
1195 4183 1277 4242 enirn
1310 4189 1339 4242 et
1360 4189 1468 4242 neutra

171 4301 289 4361 semper
310 4281 429 4343 brevem
453 4283 631 4342 nominativo
653 4299 732 4348 casu,
753 4286 785 4340 ut

239 4420 322 4480 iquo
341 4413 394 4480 res]
420 4417 579 4482 ἴημα.
596 4417 617 4466 ll
635 4416 686 4467 3‘22
755 4416 921 4479 ‘irespondit
939 4417 964 4465 B
1038 4417 1068 4466 12
1087 4415 1156 4482 cram]
1183 4418 1262 4482 Ver-9.
1280 4418 1345 4468 Aen.
1365 4419 1468 4470 111590

223 4488 339 4537 coniecta
357 4501 511 4550 supremus
608 4487 640 4536 ll
659 4481 747 4549 cansa]
772 4486 852 4546 Vero.
873 4484 939 4535 Aes
961 4489 1005 4536 llll
1027 4486 1076 4536 170
1149 4488 1178 4538 17
1201 4485 1275 4552 baec]
1298 4489 1379 4551 Vero.
1399 4488 1465 4538 Aen.

172 4559 215 4605 l'll
237 4557 285 4606 128
356 4553 520 4620 18smissis]
546 4558 728 4620 l'crp.peor9.
748 4552 860 4603 1111318
932 4555 964 4605 lu
982 4558 1017 4604 ita
1035 4567 1059 4605 et
1079 4559 1103 4605 in
1123 4558 1235 4606 ablativo
1251 4556 1467 4607 brevemeiaeit

169 4630 276 4678 rorefecit
294 4627 494 4688 Limiemormos,
527 4627 560 4672 ita
580 4636 604 4675 et
621 4643 634 4675 e
654 4627 679 4673 in
697 4624 808 4674 ablativo
828 4623 970 4674 l‘reamlms
986 4630 1072 4675 annal.
1096 4627 1184 4688 patrol.
1204 4628 1299 4676 noav
1323 4626 1360 4688 (o.
1383 4623 1465 4689 luta)

168 4698 241 4759 palti
312 4697 344 4745 al
366 4693 472 4762 impius]
498 4694 747 4759 sursumsunt
821 4692 998 4760 attingentes]
1023 4697 1179 4760 νημαι.
1197 4695 1268 4746 1120
1337 4691 1464 4761 ἳὸηιρο]

175 4768 356 4831 Vesppeovyy.
376 4765 488 4815 11115118
592 4763 668 4828 mole]
695 4766 774 4828 rem.
795 4764 860 4812 Aea.
878 4764 922 4812 l'll
942 4764 995 4815 aaa
1082 4765 1118 4817 ’29
1135 4764 1261 4831 Daphnis]
1284 4767 1364 4829 Vesp.
1383 4764 1464 4815 bacci

170 4833 196 4895 ⁸,
214 4834 249 4886 83
319 4836 351 4887 al
372 4830 486 4899 postera]
509 4834 590 4899 Vero.
608 4837 673 4884 Aen.
692 4834 738 4884 vu
756 4831 805 4883 lat
