3314 5506
634 370 849 441 ,carituttca
871 371 1027 435 ltu-to
1439 371 1477 435 tt

236 498 258 539 μ.
274 485 375 528 tus-sa
390 486 417 528 a.
1272 501 1294 542 ρ.
1311 489 1427 532 111111.

191 558 299 619 eundae
321 565 412 619 erunt
432 557 643 625 declinationis,
667 557 767 636 lageos
788 556 879 636 lagei:
917 559 1062 635 Vergilius
1087 561 1302 640 ‘tenuisque
1324 560 1477 638 lageos’,

191 659 332 736 Vergilius
353 661 528 740 Androgeos
548 661 705 735 Androgei.
750 662 806 722 hoc
838 661 1027 740 producitur:
1065 678 1132 720 nam
1166 660 1214 722 illa
1244 659 1478 743 corripiuntur.f

189 763 282 822 omnia
304 761 381 823 lraec
407 764 438 822 in
465 764 632 841 genetiroo
653 770 721 823 ante
741 764 928 824 novissimam
951 761 1076 822 litteram
1098 769 1148 823 aut
1163 763 1325 840 corripient
1346 771 1396 824 aut
1413 783 1477 824 eam

187 865 214 924 ia
234 864 245 923 i
265 863 433 925 mutabunt.
467 882 503 924 ua
525 881 598 942 pura
622 866 785 932 terminata,
809 865 832 924 si
855 865 864 923 i
885 871 952 924 ante
972 880 1004 925 se
1027 862 1192 931 habuerint.
1216 867 1350 941 genetivo
1373 864 1479 926 facient

186 965 257 1025 duas
279 964 298 1034 1,
321 965 470 1026 secundae
490 965 601 1028 scilicet
620 965 835 1035 declinationis,
859 965 1002 1043 Vergilius
1018 964 1145 1043 Vergilii,
1162 965 1317 1026 Terentius
1331 966 1476 1034 Terentii;
1504 995 1516 1033 a

251 1066 376 1147 alteram
399 1066 540 1136 vocalem,
563 1087 619 1152 una
642 1069 661 1133 i.
685 1076 717 1128 ut
737 1069 847 1129 arduus
869 1067 962 1135 ardui,
986 1067 1114 1128 carduus
1136 1068 1247 1128 cardui.
1285 1069 1294 1127 i
1317 1086 1388 1145 ergo
1410 1075 1478 1129 aule

187 1185 220 1227 us
243 1167 398 1237 babentia,
428 1171 453 1229 si
481 1171 602 1248 propria
631 1170 756 1238 fuerint,
784 1171 913 1230 vocativo
942 1171 952 1228 i
981 1169 1230 1239 terminabuntur,
1261 1177 1293 1230 ut
1320 1187 1338 1228 o
1361 1169 1478 1248 Vergili,

187 1270 362 1339 o'ferenti;
394 1271 439 1331 siu
462 1268 649 1350 appellativa,
674 1292 690 1332 e
713 1279 865 1350 correpto,
896 1273 1070 1349 aegregie;
1105 1273 1235 1350 exceptis
1263 1272 1479 1350 comparativis.

187 1391 260 1451 quae
282 1372 389 1433 tertiae
411 1379 480 1434 suut
503 1373 704 1435 declinationis
730 1375 772 1433 ris
795 1375 928 1451 genetivo
959 1374 1107 1441 facientia,
1135 1379 1167 1433 ut
1194 1362 1251 1433 boc
1268 1375 1367 1434 carius
1394 1373 1480 1434 huius

187 1475 325 1543 carioris,
349 1476 405 1536 boc
424 1477 528 1536 melius
546 1478 634 1536 buius
656 1472 794 1535 melioris.
837 1477 936 1535 omnia
962 1485 1061 1536 tamen
1089 1476 1284 1553 comparativa
1308 1493 1343 1535 us
1368 1473 1478 1554 syllaba
1493 1500 1518 1540 11

187 1577 343 1636 terminata
376 1578 494 1654 generis
529 1579 588 1637 siut
617 1576 715 1637 neutri
745 1593 867 1637 necesse
893 1586 946 1639 est.
991 1595 1045 1637 aus
1070 1577 1225 1637 terminata
1256 1577 1360 1637 tertiae
1392 1583 1481 1637 erunt

187 1677 398 1748 declinationis,
422 1678 467 1738 dis
490 1679 598 1739 faciunt
619 1680 762 1755 genetivo,
786 1676 849 1738 laus
870 1677 973 1747 laudis,
999 1679 1081 1739 fraus
1101 1677 1222 1739 fraudis.
1260 1694 1312 1737 eus
1333 1678 1481 1739 secundae

187 1787 252 1839 sunt
276 1778 489 1848 declinationis,
512 1781 523 1840 i
546 1781 656 1841 faciunt
677 1780 819 1858 genetivo,
844 1780 962 1860 Tydeus
986 1780 1086 1859 Tydei,
1109 1778 1217 1841 Peleus
1238 1778 1325 1840 Pelei.
1364 1797 1414 1840 vos
1435 1779 1480 1840 rel

187 1899 236 1940 ms
258 1881 411 1941 secundae
432 1887 501 1942 snut
527 1880 744 1951 declinationis,
768 1883 776 1940 i
799 1881 910 1959 faciunt
933 1883 1082 1958 genetiuo,
1110 1882 1158 1942 hic
1181 1899 1285 1942 cervos
1308 1880 1352 1940 rel
1375 1899 1480 1942 cervus

187 1981 272 2044 buius
294 1985 385 2052 cerri,
406 2000 512 2044 nervos
532 1982 578 2044 vel
600 2000 708 2044 nervus
730 1983 817 2043 huius
840 1985 930 2052 nervi,
954 1992 984 2044 et
1004 1985 1086 2063 siqua
1107 1983 1185 2044 talia.
1493 2007 1517 2047 u
1595 2025 1601 2033 -

269 2085 328 2145 Vas
347 2086 503 2146 terminata
525 2086 627 2146 tertiae
654 2093 723 2146 suut
743 2080 965 2153 'declinationis
995 2086 1034 2145 sis
1060 2084 1110 2174 rel
1126 2084 1171 2144 dis
1197 2085 1308 2145 faciunt
1334 2085 1477 2162 genetivo,

186 2186 531 2248 rasrasis20'l'erentius
563 2190 645 2248 ‘uec
676 2205 736 2248 vas
767 2204 832 2248 nec
866 2189 1150 2255 vestimentum’3
1183 2186 1345 2254 rasuadis:
1375 2186 1478 2248 Cicero
1577 2236 1579 2246 .

185 2291 373 2368 'tanquam
395 2289 508 2358 rade’,
531 2297 561 2350 et
583 2290 666 2370 siqua
688 2289 765 2351 talia.
811 2306 860 2350 res
886 2289 983 2349 omnia
1006 2289 1207 2366 corripiuntur
1233 2295 1263 2349 et
1285 2295 1354 2350 sunt
1374 2290 1478 2350 tertiae
1560 2313 1565 2323 ¹

186 2389 391 2467 declinationis
405 2392 441 2451 tis
459 2391 592 2452 facientia
615 2393 758 2469 genetivo,
783 2397 815 2452 ut
833 2391 913 2452 dives
927 2391 1031 2459 divitis,
1053 2397 1083 2450 et
1100 2391 1183 2470 siqua
1205 2390 1282 2450 talia.
1313 2392 1356 2452 ris
1375 2392 1479 2452 tertiae

185 2499 249 2553 mut
270 2489 478 2553 declinationis
496 2494 521 2553 is
542 2494 675 2570 genetivo
698 2494 848 2561 facientia,
871 2493 945 2554 baec
967 2494 1046 2552 naris
1068 2491 1155 2552 butus
1177 2493 1272 2560 naris;
1300 2494 1477 2554 nominativo
1490 2515 1516 2555 ao

185 2593 289 2673 plurali
306 2612 358 2654 res
378 2594 523 2673 producto
545 2595 664 2664 faciunt,
685 2595 740 2656 hae
758 2613 854 2665 naves,
875 2602 999 2673 excepto
1014 2611 1082 2663 uuo,
1102 2593 1181 2674 quod
1197 2595 1265 2655 facit
1279 2613 1328 2655 res
1344 2597 1477 2656 uomina·

185 2697 236 2757 tiro
251 2695 372 2775 plurali,
388 2695 461 2756 baec
474 2697 516 2756 vis
531 2695 618 2758 buius
633 2700 676 2758 ris
690 2698 745 2760 hae
761 2699 847 2759 uires.
877 2696 1032 2758 Lucretius
1049 2704 1146 2757 tamen
1161 2714 1284 2757 numero
1300 2695 1406 2776 plurali
1421 2697 1477 2757 hae

184 2800 221 2860 ris
237 2806 268 2860 et
278 2799 335 2859 bas
345 2800 399 2867 ris,
414 2804 447 2858 111
461 2799 498 2858 sit
510 2816 617 2860 nomeu
630 2800 707 2860 vires
721 2818 846 2861 numero
860 2816 979 2878 semper
993 2797 1098 2877 plurali
1113 2805 1143 2857 et
1152 2797 1208 2858 hae
1218 2798 1261 2858 ris
1275 2797 1475 2867 besuensis,

184 2918 265 2961 casus
282 2899 399 2962 habeus
419 2901 449 2960 iu
470 2918 595 2962 numero
617 2901 721 2980 plurali
740 2910 812 2965 tres.
848 2903 991 2980 excipitur
1012 2918 1112 2968 uuum,
1136 2899 1215 2979 spond
1236 2900 1278 2961 ris
1296 2899 1366 2960 facit
1384 2918 1474 2978 gene·

184 3004 251 3073 ivo,
276 3003 329 3063 bic
353 2999 450 3082 pulvis
471 3002 557 3063 huius
579 3003 722 3082 pulveris,
753 3023 877 3066 numero
900 3021 1018 3081 semper
1044 2999 1193 3079 singulari.
1239 3000 1292 3062 bas
1318 3001 1472 3062 terminata
1486 3023 1512 3063 aa

184 3105 291 3166 Graeca
310 3111 390 3172 sunt,
412 3104 490 3164 uude
507 3106 531 3166 si
551 3105 630 3183 apud
651 3104 717 3166 illos
736 3108 870 3184 genetivo
889 3127 938 3178 τος
957 3106 962 3188 Ι
981 3106 1114 3172 fecerint,
1135 3103 1213 3182 apud
1235 3121 1289 3162 nos
1311 3104 1347 3162 tis
1368 3105 1472 3165 tertiae

183 3206 397 3277 declinationis,
424 3206 471 3266 bic
490 3206 567 3267 Abas
593 3207 680 3268 huius
702 3208 837 3278 Abantis:
874 3227 941 3269 nam
968 3207 1046 3285 apud
1074 3200 1313 3284 111111Ἄβαντοςι
1343 3206 1367 3265 si
1394 3206 1471 3285 apud

183 3308 243 3369 illos
260 3309 329 3386 βου,
352 3308 430 3387 apud
447 3326 501 3368 nos
522 3308 586 3376 bae,
609 3311 722 3387 primae
743 3310 855 3371 scilicet
868 3308 1081 3377 declinationis
1103 3307 1205 3368 larbas
1221 3306 1337 3367 larbae:
1359 3295 1475 3385 Ἰᾰρβου

183 3412 256 3471 enim
279 3410 360 3472 facit.
396 3408 448 3471 bes
470 3415 623 3472 terminata
645 3411 787 3489 producta
810 3419 878 3473 sunt
899 3429 1018 3488 semper
1039 3411 1142 3471 tertiae
1165 3408 1385 3469 declinationis:
1406 3427 1474 3470 uam

182 3510 223 3572 bis
243 3512 359 3573 faciunt
376 3513 517 3591 genetivo,
535 3513 607 3574 baec
623 3509 636 3596 ΙΙ
650 3512 732 3573 labes
749 3514 836 3574 lruius
850 3512 932 3581 labie,
952 3514 1028 3572 baec
1042 3512 1133 3570 nubes
1151 3512 1240 3571 buiris
1258 3510 1353 3570 nubis,
1381 3522 1474 3572 uuunt
1487 3529 1514 3572 as

183 3623 353 3694 correptum
387 3617 506 3694 repperi
535 3623 565 3675 et
592 3617 688 3694 ipsum
718 3616 820 3675 tertiae
842 3614 1045 3676 declinationis
1071 3619 1101 3673 et
1123 3614 1163 3673 ris
1191 3612 1308 3672 faciens
1330 3614 1472 3690 genetiuo,

183 3713 225 3777 bic
245 3724 278 3777 et
291 3715 368 3776 baec
386 3722 416 3777 ef
431 3715 489 3776 hoc
509 3715 604 3796 pubes
625 3717 712 3777 huius
733 3715 863 3794 puberis.
896 3717 939 3780 sic
955 3713 1057 3796 Aquila
1080 3713 1192 3774 rettulit
1204 3712 1334 3775 Tullium
1352 3713 1470 3782 dixisse.

182 3836 268 3899 quam
290 3815 518 3879 declinationem
540 3827 658 3879 secutus
675 3816 831 3879 Sallustius
845 3821 875 3878 in
892 3818 1033 3898 lugurtlra
1054 3815 1231 3894 ‘puberes
1253 3816 1473 3877 interfecit’.

247 4013 262 4064 1
283 4013 375 4080 lageos
393 4013 460 4080 lagei
478 4012 505 4063 B
556 4014 726 4080 Vergilius-
741 4015 758 4064 4
777 4014 908 4066 mutabunt
926 4015 1102 4078 superscripto
1120 4021 1177 4062 sant
1194 4015 1219 4063 in
1234 4011 1260 4062 B
1326 4009 1473 4078 tenuisque]

184 4083 260 4149 Verg.
277 4099 368 4149 peorp.
390 4085 412 4132 11
430 4083 465 4135 33
545 4084 723 4149 baudrngeus
742 4085 864 4151 androgei
882 4085 907 4134 B
989 4083 1102 4135 duom.
1123 4082 1155 4131 B.
1183 4082 1334 4148 Androgeos
1351 4090 1472 4145 correpto

181 4155 260 4204 sitin
276 4152 380 4220 syllaba
393 4153 541 4216 probavisse
558 4154 656 4204 uidetur
672 4156 749 4220 isqui
764 4155 826 4206 baec
843 4155 986 4217 adscripsit,
1002 4157 1068 4205 sicru
1085 4160 1123 4203 est
1140 4155 1164 4202 ia
1177 4153 1262 4202 codice
1276 4151 1385 4202 t'tanett
1398 4168 1424 4216 p.
1439 4152 1470 4202 71

246 4224 280 4276 10
303 4224 352 4272 boc
369 4223 461 4272 melius
478 4221 555 4272 huius
579 4240 625 4277 om.
646 4223 671 4273 B
759 4224 791 4274 lt
815 4224 856 4274 hic
874 4240 964 4275 ceruus
983 4224 1023 4273 uel
1042 4237 1132 4272 ceruos
1157 4222 1182 4271 B
1271 4221 1301 4271 17
1324 4219 1469 4285 Terentius]

180 4292 295 4345 neuun
315 4297 364 4344 tta.
386 4295 396 4343 l
416 4294 441 4351 1,
457 4291 491 4344 89
579 4294 707 4345 Ciceronis
729 4295 807 4344 uerbo
829 4295 866 4343 od
887 4302 954 4344 orat.
977 4308 1005 4356 p.
1027 4292 1094 4343 Sest.
1112 4292 1137 4352 8,
1162 4291 1191 4341 111
1216 4299 1243 4340 111
1266 4292 1309 4340 1110
1334 4291 1471 4356 supercilio

180 4377 257 4416 sunus
276 4363 321 4413 ille
340 4363 387 4412 niti
405 4371 536 4426 tamquam
558 4365 623 4413 vade
642 4365 769 4415 rideretur
791 4367 919 4427 pertinere
942 4364 1026 4413 docuit
1044 4362 1189 4425 Madvigius
1212 4376 1298 4424 opusc.
1321 4363 1395 4410 acad.
1416 4363 1425 4410 l
1442 4376 1469 4423 p.

179 4433 245 4484 ⁴51:
264 4435 300 4498 cf.
318 4435 390 4498 infra
405 4447 434 4495 p.
459 4433 525 4496 1475
596 4434 628 4484 18
646 4446 772 4496 tamquam
792 4449 859 4486 corr.
881 4443 999 4496 tauquam
1017 4432 1043 4483 B
1127 4431 1161 4480 22
1181 4431 1286 4481 lucetius
1305 4431 1345 4481 B:
1363 4431 1469 4480 haeret.

179 4503 198 4553 11
215 4504 274 4555 bffl.
291 4504 325 4554 111
341 4503 466 4564 265th.
487 4503 613 4558 Prisriuu¹
632 4519 658 4566 p.
679 4505 729 4554 707
818 4503 852 4555 23
875 4503 923 4552 hae
942 4505 1010 4553 uires
1030 4507 1111 4565 (corr.
1133 4501 1188 4565 uis)
1212 4511 1236 4550 et
1258 4500 1304 4550 bns
1322 4501 1403 4551 uisB

178 4572 209 4623 bf
225 4584 312 4631 trees
335 4583 405 4625 etres
423 4572 450 4622 B
536 4573 570 4623 28
596 4575 681 4624 iarbae
704 4573 809 4623 hiarbae
827 4574 853 4624 B
939 4572 974 4622 30
998 4571 1061 4622 baec
1079 4572 1159 4622 nubes
1177 4570 1253 4620 huius
1276 4586 1321 4624 osa.
1341 4570 1368 4622 B
1437 4568 1470 4620 32

178 4641 261 4711 pubes]
283 4647 418 4696 Priscian.
435 4657 467 4705 p.
486 4640 536 4691 707
604 4642 638 4695 33
657 4645 682 4693 ia
701 4641 832 4710 Iugurtha]
851 4643 885 4693 54
904 4644 1012 4709 puberes
1033 4642 1138 4691 interfici
1157 4641 1235 4696 iubet.
1254 4656 1318 4705 puae
1336 4641 1368 4691 de
1386 4640 1471 4690 eodem

176 4715 288 4766 matuta
304 4719 445 4780 diepam
459 4712 598 4774 adscripsit
615 4715 718 4764 Servius
733 4717 757 4764 in
780 4715 858 4777 Verp.
878 4717 943 4765 Aen.
964 4713 985 4761 V
1004 4713 1064 4764 5411.
1084 4711 1142 4761 ibid.
1163 4725 1185 4761 c.
1201 4710 1235 4761 26
1255 4725 1341 4760 ourues
1361 4711 1470 4776 puberes

178 4783 292 4836 llumidss
318 4812 352 4823 -
385 4782 510 4835 interficit
597 4783 706 4847 puberes
741 4794 784 4832 aut
816 4785 941 4833 interfecit
972 4797 989 4839 ς
1024 4783 1135 4848 puberes
1165 4783 1201 4829 ait
1233 4780 1359 4830 interfecit
1394 4781 1470 4830 editio

177 4856 332 4909 drusiana.

1221 4936 1239 4997 2
1248 4935 1267 4976 3
