3346 5506
176 320 237 384 aas
750 317 893 399 [raoni]

226 450 247 489 p.
264 437 320 477 ιιιι.
331 437 357 476 aa
373 437 396 477 r.
1270 446 1294 488 p.
1308 435 1378 477 asra
1391 434 1415 477 t.

176 507 308 567 verbinm
331 506 416 584 longa
446 512 573 576 constat,
606 512 638 566 ιιι
660 506 797 567 Lucanus
824 505 911 567 ‘beu
931 505 1083 566 demens
1105 510 1157 566 n.'.
1202 504 1375 569 adverbium
1398 524 1464 586 pro·

176 607 296 668 bibendi
320 625 356 667 ne
378 615 490 669 constat
512 606 614 687 longa,
642 615 673 668 ιιι
701 607 762 668 ‘ne
789 613 875 686 pete
901 609 957 676 c.’;
994 607 1162 668 coniunctio
1189 616 1288 669 autem
1318 608 1343 669 si
1368 608 1464 678 luerit,

176 709 343 786 corripitur,
366 717 398 769 nt
421 711 625 770 ‘coninrne
646 710 810 771 Creusa’.
855 706 1026 770 adverbium
1047 709 1336 778 communicationis,
1359 716 1391 770 ut
1409 728 1465 772 una

175 810 261 870 simul
283 813 403 889 pariter.
449 829 506 870 una
529 811 699 872 adverbium
722 810 848 888 spondio
871 815 1051 877 constabat

107 956 109 961 -
149 942 161 977 ,ι
327 912 383 972 his
405 912 467 973 uhi
492 920 564 974 tum
587 919 713 974 natum
735 911 917 973 Anchises
939 929 1090 989 unaque
1113 910 1307 992 Sibyllam.

175 1013 261 1075 simul
283 1021 397 1075 constat
418 1015 586 1094 pyrrichio,
616 1023 649 1075 ut
671 1013 753 1074 ‘illa
783 1012 920 1074 lurens
947 1012 1056 1075 simul
1085 1032 1170 1074 arra
1198 1014 1311 1092 luga’.
1356 1017 1468 1092 pariter

175 1123 289 1177 constat
311 1114 470 1195 tribracby,
492 1123 525 1177 nt
539 1112 553 1199 ll

327 1218 477 1279 dixerat
499 1226 610 1298 atque
632 1217 767 1278 animis
789 1217 938 1296 pariter
958 1214 1209 1279 certantibus.

176 1319 349 1380 adverbium
372 1320 565 1397 separationis
591 1336 725 1380 seorsum
757 1324 787 1378 et
808 1318 976 1397 separatim.
1021 1335 1153 1380 seorsum
1179 1319 1305 1397 primam
1326 1317 1469 1398 syllabam

139 1421 294 1499 rolorrgam
314 1429 343 1482 et
365 1428 543 1501 postremam
571 1420 692 1482 brevem
715 1421 829 1497 recipit.
874 1420 945 1480 item
967 1420 1125 1499 separatim
1148 1427 1263 1482 constat
1283 1420 1468 1483 ditrochaeo.

177 1522 348 1584 adverbium
369 1521 568 1584 similitudinis
585 1523 627 1583 sic
648 1528 759 1582 constat
777 1519 886 1601 syllaba
907 1520 1003 1600 longa,
1027 1529 1059 1582 nt
1080 1523 1152 1584 ‘sic
1174 1524 1253 1584 ait’.
1285 1521 1376 1583 veluti
1398 1540 1469 1583 con·

175 1631 232 1685 stat
245 1632 413 1705 anapaesto,
434 1633 464 1685 ιιι
486 1624 544 1685 ‘ac
566 1623 684 1685 veluti
708 1639 838 1700 magno
861 1625 895 1683 in
921 1628 973 1700 p.’.
998 1625 1085 1684 etiam
1102 1625 1260 1702 separatim
1275 1624 1319 1685 uti
1333 1624 1468 1694 dicimus,

176 1734 207 1786 ut
226 1725 379 1787 Sallustius
406 1727 435 1785 in
462 1725 636 1804 Iugurthino
667 1726 814 1804 ‘utique
846 1742 920 1785 rem
953 1744 1037 1787 sese
1069 1724 1237 1787 habere'.
1282 1727 1353 1787 item
1384 1728 1468 1805 quasi

175 1836 289 1889 constat
310 1828 469 1908 pyrrichio,
493 1835 526 1888 ιιι
546 1826 660 1888 'lulhus

139 1953 162 1992 n.
327 1948 406 1990 nam
431 1931 539 2010 qnasi
557 1947 622 1990 vos
645 1928 719 1990 sibi
742 1927 919 1990 dedecori
942 1947 1108 2007 genuere
1129 1938 1315 2008 parentes.

175 2031 313 2092 adverbia
334 2031 562 2110 comparationis
590 2030 682 2108 magis
709 2030 807 2110 potius
834 2029 972 2091 omnihus
991 2038 1129 2092 constant
1147 2030 1301 2102 brevibus,
1325 2038 1358 2093 nt
1380 2031 1469 2093 ‘tam

176 2134 290 2211 magis
311 2132 378 2193 illa
407 2132 593 2194 iremons'
627 2139 656 2192 et
681 2130 776 2193 ‘sive
804 2140 912 2193 antro
942 2133 1069 2212 potius
1096 2133 1367 2196 succedimus’:
1402 2151 1470 2194 nam

90 2277 94 2289 .
176 2235 277 2295 nltivna
306 2235 451 2314 positione
483 2235 516 2294 ht
547 2233 643 2314 longa.
688 2252 756 2294 nam
787 2241 817 2294 et
845 2251 931 2312 quam
960 2242 1063 2294 natura
1096 2233 1201 2297 breves
1229 2233 1359 2315 syllabae
1390 2244 1469 2296 strat.

175 2336 348 2398 adverbium
373 2343 493 2398 eventus
517 2337 593 2398 lorte
615 2343 730 2398 constat
749 2335 903 2404 trochaeo,
934 2343 966 2396 ut
986 2335 1104 2397 ‘lorte
1124 2337 1198 2397 luit
1219 2339 1324 2398 iuxta
1347 2345 1469 2398 tumu-

136 2462 162 2500 ιι
176 2437 259 2498 lus'.
305 2437 443 2499 adverbia
463 2441 631 2518 quantitatis
656 2457 761 2517 parurn
784 2439 905 2499 nimium
932 2436 1070 2499 omnibus
1093 2437 1234 2500 brevibus
1256 2446 1408 2510 constant,
1438 2446 1470 2499 ut

177 2540 312 2600 Lucanus
333 2542 362 2600 in
381 2542 482 2619 quinto

328 2642 413 2721 qnid
434 2645 527 2704 satis
546 2650 617 2712 est,
641 2643 672 2702 si
690 2641 801 2703 Roma
823 2641 972 2720 parum?

176 2750 205 2804 ct
227 2741 396 2827 Vergilius!

329 2864 408 2907 esse
431 2849 565 2908 sinent.
612 2846 762 2906 nimium
782 2843 889 2905 vobis
911 2844 1071 2906 llomana
1093 2857 1301 2924 propago‘

136 2969 161 3008 ro
175 2950 244 3008 item
268 2950 354 3008 nimis
374 2957 402 3009 et
421 2949 490 3009 satis
519 2949 616 3008 prinus
638 2956 666 3007 et
689 2946 815 3026 amplius
843 2945 981 3007 omnihus
1004 2947 1143 3009 brevibus
1169 2954 1320 3021 constant,
1350 2958 1379 3011 ιιι
1404 2953 1469 3011 ‘sit

176 3052 273 3110 satis
295 3050 457 3111 henide'
478 3057 507 3109 et
529 3051 616 3109 ‘iam
641 3050 760 3110 minus
782 3056 893 3127 atque
916 3050 1055 3109 minus’
1080 3057 1109 3109 et

531 3169 650 3229 neque
673 3168 726 3211 me
749 3151 966 3212 indecorem
989 3168 1164 3228 germana
1187 3150 1336 3213 videbis

327 3252 498 3332 amplius.

261 3355 404 3416 Aduerbio
426 3353 572 3432 qualitatis
594 3356 655 3415 sive
677 3355 845 3433 quantitatis
866 3352 1006 3432 pleraque
1022 3353 1130 3433 gradus
1152 3356 1310 3436 recipiunt,
1335 3376 1471 3436 praeser-

138 3478 163 3514 ιιι
178 3460 227 3517 tim
250 3459 275 3517 si
296 3476 312 3517 a
336 3459 454 3517 rronriue
478 3457 601 3516 veniant.
647 3474 714 3517 uam
736 3474 884 3535 perpauca
911 3464 980 3516 sunt
1006 3456 1158 3526 adverbia,
1188 3474 1264 3535 quae
1292 3456 1330 3518 ab
1352 3480 1386 3520 se
1408 3471 1471 3521 orta

177 3561 286 3636 gradus
306 3561 458 3638 recipiant.
504 3565 533 3619 et
554 3560 694 3637 quoniam
721 3576 796 3636 quae
822 3577 855 3618 ex
878 3558 942 3618 aliis
964 3557 1098 3638 partibus
1128 3559 1269 3620 orationis
1297 3560 1471 3623 derivantur

177 3661 315 3722 adverbia
348 3659 574 3721 innumerabilia
604 3667 688 3729 sunt,
725 3663 829 3721 merito
863 3663 963 3721 omnia
996 3659 1205 3739 comprehendi
1242 3678 1301 3721 non
1335 3674 1469 3742 possunt.

177 3772 273 3824 tamen
298 3763 404 3823 horum
429 3761 634 3824 adverbiorum
661 3762 836 3840 regulariter
864 3762 901 3823 ele
923 3764 1080 3839 postremis
1102 3761 1220 3842 syllabis
1243 3763 1468 3841 disputabimus.

177 3864 329 3926 absolutus
348 3865 472 3943 gradus,
496 3882 585 3945 quem
605 3863 652 3925 alii
674 3866 831 3942 positivum
855 3870 974 3934 vocant,
998 3865 1027 3924 in
1048 3864 1186 3925 adverbio
1208 3884 1259 3926 sex
1282 3864 1389 3928 litteris
1412 3874 1470 3928 ter·

139 3984 164 4022 aa
179 3969 314 4036 minatur,
340 3967 486 4028 vocalibus
509 3966 618 4035 tribus,
641 3984 671 4034 e,
694 3974 727 4026 ut
749 3984 837 4045 saepe
857 3965 948 4034 bene;
967 3985 984 4025 o
1004 3983 1121 4045 semper
1141 3966 1283 4045 producta
1307 3967 1417 4038 vocali,
1439 3976 1470 4031 ut

247 4161 407 4230 lLucouus]
428 4163 547 4214 Pheraei.
567 4160 658 4212 vtae
728 4160 805 4228 bne]
832 4164 911 4226 Verp.
929 4163 994 4212 Aen.
1016 4162 1060 4211 Vll
1080 4161 1114 4212 66
1184 4161 1364 4229 deoniuxue]
1388 4165 1466 4231 Very.

177 4233 240 4282 Aeo.
260 4235 283 4283 ll
302 4236 352 4285 abl
423 4231 508 4299 bivis]
535 4234 612 4297 Verp.
632 4230 697 4284 Aen.
717 4233 750 4281 Vl
770 4232 822 4283 898
905 4231 995 4297 dille]
1020 4234 1096 4298 Verp.
1116 4248 1203 4298 yeorp.
1225 4233 1257 4282 lli
1274 4232 1324 4284 201
1397 4234 1469 4284 ildi-

177 4300 258 4368 xerat]
285 4305 364 4367 Verp.
389 4303 452 4352 Aen.
473 4303 518 4352 llll
537 4303 588 4352 574
661 4301 691 4351 12
711 4319 740 4351 ue
758 4300 848 4368 veluti]
875 4303 953 4367 Veryy.
974 4303 1068 4353 Aemi
1091 4304 1139 4353 lib
1212 4301 1244 4352 ld
1261 4303 1287 4351 iu
1306 4301 1466 4370 lugurthino]

176 4389 197 4422 e.
218 4371 247 4420 17
341 4374 371 4422 lb
391 4371 446 4438 ros]
464 4374 511 4422 bos
530 4372 555 4421 B
572 4387 636 4434 qnos
653 4374 756 4423 coniecit
774 4373 959 4422 Liodernannnr
1046 4372 1096 4421 sini
1115 4372 1233 4422 dedecori
1250 4386 1364 4437 genuere
1382 4374 1408 4424 B
1422 4374 1468 4423 sibi

178 4442 287 4490 dedecor
305 4442 443 4506 ingenuare
461 4442 618 4491 Parrhasius
636 4443 684 4490 sibi
703 4443 812 4492 dedecor
830 4445 978 4508 ingemuere
994 4457 1011 4497 ς
1115 4442 1148 4493 16
1166 4450 1218 4491 lum
1236 4444 1319 4507 magis
1338 4458 1370 4499 ςς
1391 4445 1466 4509 Verp.

179 4511 377 4563 Aenvhrav
482 4512 514 4562 17
535 4508 599 4576 sive]
625 4512 882 4576 Very.bncol.5‚d
988 4509 1402 4578 19r0r1e1Ver9.Aen.tttaa

177 4578 372 4647 bbinquinto]
394 4598 415 4630 a.
436 4582 487 4630 274
574 4582 607 4629 24
628 4580 696 4649 esse]
722 4585 800 4646 Very.
820 4585 884 4635 Aen.
898 4583 933 4631 Vl
950 4582 999 4633 871
1091 4583 1202 4632 ‘linitam
1220 4583 1470 4635 minusetsntiset

178 4649 323 4714 arrrplinst
427 4650 469 4714 sit]
494 4651 812 4715 VerpAenvttnoolt
913 4654 946 4704 ’26
966 4650 1112 4707 Aeneidos
1218 4650 1279 4718 laur]
1305 4653 1385 4718 Ver-p.
1405 4652 1470 4702 Aea.

179 4718 226 4769 Xll
245 4720 296 4770 616
390 4721 422 4770 ἳἹ
443 4717 536 4785 neque]
562 4722 640 4785 Verp.
661 4723 725 4771 Aen.
746 4722 791 4771 Xll
811 4721 863 4772 676
970 4723 1002 4773 33
1021 4722 1209 4787 disposuimus
1228 4722 1254 4772 B
1342 4721 1471 4774 dbean.

178 4788 210 4847 B,
232 4788 326 4845 adds
