3314 5506
188 395 212 442 x
704 379 914 443 PRAEFATIO

187 567 356 632 Vicetinae
384 566 534 630 editionis
561 567 632 651 ipse
658 565 832 647 indicavit,
860 588 934 630 cum
956 588 991 630 sc
1014 565 1147 651 Georgii
1168 567 1313 632 Merulae
1335 569 1475 652 vestigia

188 679 334 736 secutum
365 667 511 734 codicem
546 669 802 733 vetustissimum
834 669 1045 754 exscripsisse
1080 668 1159 733 dicit
1192 667 1281 753 (nam
1313 669 1474 734 Merulam

186 772 366 837 Bobienses
399 770 526 836 codices
562 772 753 835 tractavisse
787 772 950 854 constat),
989 770 1047 835 sed
1079 770 1176 834 ctiam
1209 771 1345 836 conlatis
1379 772 1473 836 editis

187 872 427 959 exemplaribus
454 893 528 936 cum
550 871 794 937 Vindoboncnsi
821 872 903 938 libro
933 873 1029 959 plane
1059 870 1173 936 elucet.
1217 895 1292 937 nam
1320 875 1367 937 ita
1394 874 1474 938 haec

186 998 260 1041 cum
287 975 371 1040 libro
400 996 498 1038 manu
526 975 645 1059 scripto
673 975 891 1054 consentiunt,
921 983 957 1038 ut
977 996 1082 1058 pauca
1104 974 1150 1038 vel
1173 974 1397 1059 neglegentius
1419 997 1473 1039 ex-

186 1099 300 1164 pressa
321 1077 374 1142 vel
402 1076 537 1141 consilio
565 1075 696 1140 editoris
724 1084 849 1141 mutata
870 1098 942 1140 5115
964 1075 1129 1161 adpareat.
1173 1078 1206 1141 in
1228 1075 1395 1143 catholicis
1418 1099 1473 1141 au·

187 1189 252 1244 tem
274 1200 470 1265 quamquam
492 1177 586 1264 plura
608 1200 704 1264 quam
726 1179 759 1242 in
782 1179 888 1263 priore
910 1177 993 1242 libro
1022 1187 1147 1242 mutata
1168 1187 1257 1258 sunt,
1280 1187 1387 1243 tamen
1410 1179 1473 1245 alio

187 1280 287 1346 Probi
308 1279 419 1344 codice
441 1302 506 1344 non
528 1301 606 1344 usus
630 1289 679 1344 est
694 1278 896 1359 Parrhasius,
918 1281 1003 1343 sicut
1024 1279 1292 1344 existimaverunt
1314 1281 1473 1346 analecto-
1503 1335 1506 1343 .

186 1404 257 1447 rum
280 1383 563 1468 grammaticorum
586 1381 724 1445 editores
746 1381 1013 1446 Vindoboncnses
1036 1381 1138 1469 praef.
1160 1404 1192 1466 p.
1216 1380 1332 1463 XVII,
1356 1382 1412 1446 scd
1435 1406 1474 1448 51

186 1506 270 1572 quae
298 1486 367 1549 sine
395 1483 551 1549 librorum
580 1505 677 1548 manu
704 1485 896 1569 scriptorum
930 1505 991 1569 ope
1019 1485 1163 1548 invenire
1196 1505 1259 1547 non
1293 1485 1399 1569 potuit
1431 1507 1473 1549 ex

186 1586 298 1652 codice
321 1585 451 1651 Claudii
473 1584 672 1667 Sacerdotis,
700 1606 796 1672 quem
822 1587 929 1672 ipsum
956 1607 1084 1672 quoque
1111 1585 1207 1650 Bobii
1228 1587 1396 1650 inventurn
1418 1586 1473 1650 ha-

187 1689 300 1769 bebat,
324 1690 427 1774 petita
449 1698 538 1753 sunt:
562 1686 606 1753 cf.
628 1712 661 1774 p.
677 1696 727 1769 34,
747 1697 765 1755 7
781 1710 850 1774 sqq.
873 1709 972 1774 quare
987 1709 1027 1752 nc
1043 1710 1159 1752 nomen
1174 1687 1304 1774 quidem
1320 1691 1471 1769 auctoris,

186 1791 273 1877 quod
301 1791 493 1855 Parrhasius
521 1789 602 1854 libro
631 1791 672 1855 ad
701 1790 920 1855 Caelestinum
950 1791 1127 1875 inscripsit,
1157 1810 1198 1854 ex
1226 1812 1324 1854 manu
1351 1793 1472 1878 scripto

186 1892 269 1959 libro
303 1902 412 1979 petere
444 1895 564 1977 potuit,
599 1892 656 1957 sed
690 1914 750 1956 sua
781 1893 966 1957 coniectura
999 1892 1115 1956 ductus
1148 1913 1190 1956 ex
1223 1893 1294 1978 ipso
1316 1893 1471 1958 Bobiensi

186 1995 297 2061 codice
324 1994 474 2060 confecit.
519 2017 593 2058 nam
620 2015 694 2058 cum
721 1996 755 2058 in
782 2015 820 2059 eo
841 1994 952 2059 codiee
973 1994 1058 2058 hunc
1081 1993 1197 2059 librum
1219 1992 1308 2057 nullo
1330 1998 1471 2060 auctoris

186 2099 314 2162 nominc
336 2097 527 2182 inscriptum
549 2095 708 2160 catholica
723 2096 821 2160 Probi
842 2096 1019 2182 excipiant,
1042 2117 1084 2159 ex
1106 2096 1217 2180 primis
1239 2095 1470 2160 catholicorum

186 2201 313 2280 verbis,
343 2206 485 2279 quoniam
512 2204 650 2262 instituto
673 2203 782 2261 ortium
803 2201 993 2275 sufficienter
1014 2203 1224 2273 tractavimus,
1254 2219 1333 2261 narie
1361 2205 1399 2261 dc
1420 2221 1470 2263 cu-

186 2307 303 2366 tholicis
336 2308 487 2366 coruinum
525 2305 740 2380 uerborumque
777 2305 946 2365 rationibus
983 2305 1157 2376 doceamus,
1197 2298 1356 2363 conclusit
1391 2299 1471 2366 haec

184 2405 257 2489 ipsa
282 2426 365 2489 quae
394 2403 540 2489 proxime
568 2402 763 2490 antecedunt
790 2423 861 2466 5115
889 2401 987 2466 Probi
1021 2403 1169 2466 instituta
1201 2403 1329 2466 artium.
1374 2411 1471 2489 atque

185 2503 267 2569 illud
288 2506 395 2590 ipsum
419 2504 547 2569 videtur
568 2503 712 2569 indicare
734 2503 876 2568 voluisse
904 2505 938 2567 in
960 2503 1160 2589 praefatione
1182 2505 1298 2589 prioris
1321 2504 1471 2569 editionis

185 2607 236 2671 his
258 2607 385 2687 verbis,
416 2606 537 2670 ‘Probi
564 2606 714 2670 instituta
742 2607 859 2669 artium
882 2606 943 2689 (sic
965 2607 1051 2669 enim
1078 2603 1161 2669 libro
1189 2603 1319 2669 titulum
1346 2604 1470 2689 fecit)'.

185 2707 320 2774 alteram
348 2707 514 2772 Parrhasii
547 2706 719 2771 editionem
754 2708 855 2771 secuti
889 2717 963 2771 sunt.
995 2706 1188 2794 quicumque
1221 2716 1312 2770 sexto
1347 2707 1471 2772 decimo

185 2810 313 2875 saeculo
336 2810 393 2874 hos
417 2808 516 2872 libros
539 2809 724 2890 ediderunt,
752 2810 864 2895 paucis
886 2809 1017 2895 quidem
1039 2808 1185 2888 mutatis,
1215 2807 1271 2873 sed
1294 2832 1359 2874 non
1381 2810 1471 2874 adhi-

185 2913 252 2977 bito
274 2911 358 2976 libro
380 2932 478 2973 manu
500 2911 630 2996 scripto.
675 2910 731 2974 sed
755 2912 788 2974 in
809 2911 957 2995 plurimis
977 2909 1217 2994 exemplaribus
1239 2933 1323 2975 unus
1345 2912 1472 2975 institu-

184 3023 290 3079 torum
304 3012 396 3092 liber,
412 3033 508 3098 quem
523 3011 683 3092 dicebant,
707 3011 871 3085 exhibitus
894 3022 956 3092 est,
979 3013 1070 3077 cuius
1093 3011 1151 3076 has
1174 3020 1286 3076 extare
1308 3014 1384 3076 novi
1407 3012 1472 3077 edi-

184 3117 303 3194 tiones,
341 3114 521 3178 Parisinam
555 3114 686 3190 Ioannis
718 3114 817 3179 Parvi
848 3137 885 3179 1.·
907 3122 1008 3194 1510,
1040 3112 1316 3179 Mediolanensem
1352 3115 1472 3199 Angeli

185 3215 421 3281 Scinzenzeleri
443 3239 472 3280 a·
491 3223 582 3296 1513,
605 3215 829 3281 Coloniensem
851 3215 1004 3280 Eucherii
1028 3215 1214 3281 Cervicorni
1237 3238 1266 3280 a.
1291 3225 1386 3297 1517,
1409 3217 1472 3280 Ve-

184 3328 291 3383 netam
314 3317 445 3382 Ioannis
459 3317 596 3382 Tacuini
619 3340 648 3381 a.
666 3325 756 3398 1519,
779 3318 937 3382 Venetam
952 3317 1101 3383 Caesaris
1116 3317 1311 3383 Arrivabcni
1333 3341 1362 3382 a.
1380 3326 1472 3400 1522,

184 3419 452 3507 Marpurgcnsem
480 3427 626 3491 11530.
655 3417 819 3485 instituta
833 3430 865 3484 51
891 3419 1051 3485 catholica
1072 3420 1205 3485 Parisiis
1236 3420 1323 3505 apud
1351 3420 1471 3485 Ascen-

184 3523 268 3586 sium
289 3545 319 3587 a.
344 3530 426 3592 1516
448 3523 535 3587 edita
556 3531 642 3587 sunt.

269 3624 388 3688 Postea
414 3627 575 3689 communi
603 3626 842 3690 institutionum
869 3626 1153 3710 grammaticarum
1181 3626 1309 3688 nomine
1332 3627 1471 3711 inposito

184 3736 357 3812 utrumque
385 3726 504 3790 librum
533 3728 702 3791 coniunxit
729 3728 917 3807 Putschius,
952 3729 1007 3812 qui
1035 3726 1154 3791 librum
1183 3726 1224 3790 ad
1253 3725 1470 3791 Caelestinum

183 3830 230 3892 ita
251 3829 425 3912 inscripsit,
449 3828 510 3892 ε111.
526 3826 649 3891 Valerii
663 3827 762 3893 Probi
777 3830 1061 3913 grammaticarum
1076 3828 1312 3910 institutionum
1327 3829 1411 3894 liber
1425 3831 1471 3909 I’,

184 3928 343 3994 catholica
365 3930 425 4008 ita,
449 3928 511 3992 ‘M.
528 3928 651 3992 Valerii
666 3928 765 3992 Probi
781 3932 1064 4012 grammaticarum
1079 3931 1316 3993 institutionum
1339 3930 1421 3995 liber
1438 3932 1472 3996 ΙΙ

184 4032 240 4117 qui
262 4041 311 4095 est
333 4031 373 4095 de
395 4030 750 4094 catholicis'nominum
773 4041 805 4094 at
819 4031 1022 4095 verborum'.
1056 4031 1163 4095 sedis
1185 4053 1259 4096 cnm
1280 4032 1471 4119 plerumque

184 4132 318 4199 alteram
341 4132 505 4196 Parrhasii
528 4131 701 4195 editionem
723 4135 933 4218 expresserit,
963 4142 1031 4198 tnm
1053 4133 1275 4217 Bongarsiano
1303 4136 1413 4200 codiee
1437 4159 1471 4201 se

183 4257 278 4299 usum
301 4255 371 4298 esse
394 4233 490 4314 dicit,
513 4238 573 4298 ‘ex
594 4233 765 4299 codicelli.
783 4235 815 4298 S.
838 4237 930 4299 cuius
954 4234 1117 4301 variantes
1140 4236 1290 4302 submisit
1304 4237 1370 4302 Iac.
1387 4239 1471 4302 Bon·

183 4337 320 4421 garsius,
344 4336 446 4400 multa
466 4337 617 4400 restituta
639 4345 743 4402 srmt‘.
780 4359 840 4401 nec
867 4345 974 4402 tamen
1001 4338 1164 4422 integrum
1192 4337 1335 4403 codicem
1357 4339 1471 4404 habuit

183 4437 371 4518 Putschius,
401 4437 458 4502 sed
486 4459 707 4524 quaecumque
736 4438 790 4503 ille
819 4440 966 4520 novavit,
997 4461 1081 4525 quac
1112 4441 1241 4524 ingenio
1274 4439 1372 4503 tribui
1406 4463 1470 4504 non

182 4550 334 4625 possunt,
357 4541 390 4603 in
414 4541 518 4626 prima
539 4549 632 4626 parte
655 4541 887 4606 catholicorum
909 4542 1132 4622 inveniuntur,
1162 4562 1263 4626 caque
1285 4563 1358 4606 cum
1380 4541 1471 4604 Pari·

183 4697 255 4745 tiani
273 4711 289 4745 1
309 4695 441 4747 Galbiato
460 4696 539 4746 lacta
557 4695 688 4747 exhibitis
708 4700 819 4747 constat
837 4697 886 4758 (ci.
905 4696 959 4748 vol.
977 4697 991 4745 1
1008 4696 1095 4762 prael.
1114 4712 1140 4761 p.
1154 4694 1246 4757 V111);
1266 4695 1313 4745 aad
1332 4699 1405 4763 typis
1424 4715 1470 4747 ex·

182 4797 307 4846 pressam
325 4797 386 4832 esee
406 4781 554 4831 editionem
571 4796 625 4831 non
645 4782 717 4846 novi,
736 4796 826 4846 neque
839 4796 899 4831 eam
917 4781 946 4831 in
963 4780 1053 4831 indice
1072 4780 1224 4831 editionum
1236 4781 1320 4833 Probi
1337 4784 1392 4848 ipsi
1405 4784 1470 4833 Vin-

183 4865 355 4918 doboncnses
373 4866 392 4920 l.
411 4882 434 4917 c.
453 4882 480 4932 p.
500 4865 593 4918 XVIII
609 4871 767 4931 posuerunt.
