<?xml version="1.0" encoding="UTF-8"?>
<!DOCTYPE html PUBLIC "-//W3C//DTD XHTML 1.0 Transitional//EN"
    "http://www.w3.org/TR/xhtml1/DTD/xhtml1-transitional.dtd">
<html xmlns="http://www.w3.org/1999/xhtml" xml:lang="en" lang="en">
 <head>
  <title>
</title>
<meta http-equiv="Content-Type" content="text/html;charset=utf-8" />
  <meta name='ocr-system' content='tesseract 3.04.00' />
  <meta name='ocr-capabilities' content='ocr_page ocr_carea ocr_par ocr_line ocrx_word'/>
</head>
<body>
  <div class='ocr_page' id='page_1' title='image "./grammaticilatin05keilgoog/grammaticilatin05keilgoog_0531.png"; bbox 0 0 3346 5506; ppageno 0'>
   <div class='ocr_carea' id='block_1_1' title="bbox 298 39 1487 179">
    <p class='ocr_par' dir='ltr' id='par_1_1' title="bbox 298 39 1487 179">
     <span class='ocr_line' id='line_1_1' title="bbox 314 39 1487 67; baseline -0.003 -2"><span class='ocrx_word' id='word_1_1' title='bbox 314 39 392 67; x_wconf 45' lang='lat' dir='ltr'><strong>aaa.</strong></span> <span class='ocrx_word' id='word_1_2' title='bbox 405 39 430 65; x_wconf 71' lang='grc' dir='ltr'><strong><em>ω</em></strong></span> <span class='ocrx_word' id='word_1_3' title='bbox 445 39 467 64; x_wconf 49' lang='grc' dir='ltr'><strong>ι’.</strong></span> <span class='ocrx_word' id='word_1_4' title='bbox 1342 39 1409 63; x_wconf 65' lang='lat' dir='ltr'><strong>...a</strong></span> <span class='ocrx_word' id='word_1_5' title='bbox 1425 39 1445 63; x_wconf 85' lang='lat'><strong>..</strong></span> <span class='ocrx_word' id='word_1_6' title='bbox 1461 39 1487 63; x_wconf 65' lang='lat' dir='ltr'><strong>a.</strong></span> 
     </span>
     <span class='ocr_line' id='line_1_2' title="bbox 298 39 1341 179; baseline -0.007 -15"><span class='ocrx_word' id='word_1_7' title='bbox 298 39 312 77; x_wconf 64' lang='lat' dir='ltr'>p</span> <span class='ocrx_word' id='word_1_8' title='bbox 533 101 659 162; x_wconf 89' lang='lat' dir='ltr'><strong>Hermus</strong></span> <span class='ocrx_word' id='word_1_9' title='bbox 681 99 817 161; x_wconf 83' lang='lat' dir='ltr'><strong>divitibus</strong></span> <span class='ocrx_word' id='word_1_10' title='bbox 838 98 972 179; x_wconf 83' lang='lat' dir='ltr'>superbit</span> <span class='ocrx_word' id='word_1_11' title='bbox 993 98 1089 161; x_wconf 86' lang='lat' dir='ltr'><strong>undis.</strong></span> <span class='ocrx_word' id='word_1_12' title='bbox 1327 39 1341 74; x_wconf 81' lang='lat' dir='ltr'><strong>r</strong></span> 
     </span>
    </p>
   </div>
   <div class='ocr_carea' id='block_1_2' title="bbox 211 198 1656 3211">
    <p class='ocr_par' dir='ltr' id='par_1_2' title="bbox 211 198 1656 3211">
     <span class='ocr_line' id='line_1_3' title="bbox 336 198 1536 286; baseline -0.002 -21"><span class='ocrx_word' id='word_1_13' title='bbox 336 200 341 286; x_wconf 88' lang='grc' dir='ltr'>Ι</span> <span class='ocrx_word' id='word_1_14' title='bbox 365 204 407 265; x_wconf 84' lang='lat' dir='ltr'><strong>lle</strong></span> <span class='ocrx_word' id='word_1_15' title='bbox 429 204 579 284; x_wconf 87' lang='lat' dir='ltr'><strong>sapphico.</strong></span> <span class='ocrx_word' id='word_1_16' title='bbox 609 201 782 282; x_wconf 83' lang='lat' dir='ltr'><strong>sapphicum</strong></span> <span class='ocrx_word' id='word_1_17' title='bbox 798 209 913 262; x_wconf 89' lang='lat' dir='ltr'><strong>constat</strong></span> <span class='ocrx_word' id='word_1_18' title='bbox 927 200 1081 272; x_wconf 84' lang='lat' dir='ltr'><strong>trochaeo,</strong></span> <span class='ocrx_word' id='word_1_19' title='bbox 1104 199 1244 279; x_wconf 84' lang='lat' dir='ltr'><strong>spondio,</strong></span> <span class='ocrx_word' id='word_1_20' title='bbox 1268 198 1398 282; x_wconf 77' lang='lat' dir='ltr'><strong>dactylo,</strong></span> <span class='ocrx_word' id='word_1_21' title='bbox 1422 200 1536 263; x_wconf 82' lang='lat' dir='ltr'><strong>duobus</strong></span> 
     </span>
     <span class='ocr_line' id='line_1_4' title="bbox 249 305 624 375; baseline -0.005 -8"><span class='ocrx_word' id='word_1_22' title='bbox 249 306 407 375; x_wconf 81' lang='lat' dir='ltr'><strong>trochaeis,</strong></span> <span class='ocrx_word' id='word_1_23' title='bbox 430 313 463 366; x_wconf 89' lang='lat' dir='ltr'><strong>ut</strong></span> <span class='ocrx_word' id='word_1_24' title='bbox 485 314 530 366; x_wconf 99' lang='grc' dir='ltr'><strong>εει</strong></span> <span class='ocrx_word' id='word_1_25' title='bbox 551 305 624 375; x_wconf 86' lang='lat' dir='ltr'><strong>hoc,</strong></span> 
     </span>
     <span class='ocr_line' id='line_1_5' title="bbox 533 402 1191 485; baseline -0.005 -17"><span class='ocrx_word' id='word_1_26' title='bbox 533 407 633 468; x_wconf 84' lang='lat' dir='ltr'><strong>Fauna</strong></span> <span class='ocrx_word' id='word_1_27' title='bbox 655 405 858 485; x_wconf 77' lang='lat' dir='ltr'><strong>Nympharum</strong></span> <span class='ocrx_word' id='word_1_28' title='bbox 880 413 976 465; x_wconf 90' lang='lat' dir='ltr'><strong>metus</strong></span> <span class='ocrx_word' id='word_1_29' title='bbox 998 412 1028 464; x_wconf 92' lang='lat' dir='ltr'><strong>et</strong></span> <span class='ocrx_word' id='word_1_30' title='bbox 1048 402 1191 484; x_wconf 85' lang='lat' dir='ltr'><strong>voluptas.</strong></span> 
     </span>
     <span class='ocr_line' id='line_1_6' title="bbox 222 503 1536 586; baseline 0.002 -22"><span class='ocrx_word' id='word_1_31' title='bbox 222 526 235 564; x_wconf 79' lang='lat' dir='ltr'><strong>s</strong></span> <span class='ocrx_word' id='word_1_32' title='bbox 332 510 374 571; x_wconf 89' lang='lat' dir='ltr'><strong>De</strong></span> <span class='ocrx_word' id='word_1_33' title='bbox 397 511 537 570; x_wconf 89' lang='lat' dir='ltr'><strong>saturnio.</strong></span> <span class='ocrx_word' id='word_1_34' title='bbox 583 509 747 568; x_wconf 90' lang='lat' dir='ltr'><strong>saturnium</strong></span> <span class='ocrx_word' id='word_1_35' title='bbox 776 515 891 566; x_wconf 89' lang='lat' dir='ltr'><strong>constat</strong></span> <span class='ocrx_word' id='word_1_36' title='bbox 918 506 1044 566; x_wconf 89' lang='lat' dir='ltr'><strong>dimetro</strong></span> <span class='ocrx_word' id='word_1_37' title='bbox 1066 504 1193 566; x_wconf 88' lang='lat' dir='ltr'><strong>iambico</strong></span> <span class='ocrx_word' id='word_1_38' title='bbox 1215 503 1387 567; x_wconf 78' lang='lat' dir='ltr'><strong>catalectico</strong></span> <span class='ocrx_word' id='word_1_39' title='bbox 1409 514 1441 566; x_wconf 92' lang='grc' dir='ltr'><strong>ει</strong></span> <span class='ocrx_word' id='word_1_40' title='bbox 1461 504 1536 586; x_wconf 88' lang='lat' dir='ltr'><strong>ithy-</strong></span> 
     </span>
     <span class='ocr_line' id='line_1_7' title="bbox 247 609 605 691; baseline -0.008 -19"><span class='ocrx_word' id='word_1_41' title='bbox 247 609 390 691; x_wconf 89' lang='lat' dir='ltr'><strong>phallico,</strong></span> <span class='ocrx_word' id='word_1_42' title='bbox 413 621 446 672; x_wconf 91' lang='lat' dir='ltr'><strong>ut</strong></span> <span class='ocrx_word' id='word_1_43' title='bbox 468 619 512 671; x_wconf 89' lang='lat' dir='ltr'><strong>est</strong></span> <span class='ocrx_word' id='word_1_44' title='bbox 534 610 605 683; x_wconf 82' lang='lat' dir='ltr'><strong>hoc,</strong></span> 
     </span>
     <span class='ocr_line' id='line_1_8' title="bbox 533 708 1182 790; baseline -0.005 -19"><span class='ocrx_word' id='word_1_45' title='bbox 533 712 586 772; x_wconf 91' lang='lat' dir='ltr'><strong>lsis</strong></span> <span class='ocrx_word' id='word_1_46' title='bbox 608 718 744 790; x_wconf 80' lang='lat' dir='ltr'><strong>pererrat</strong></span> <span class='ocrx_word' id='word_1_47' title='bbox 765 709 868 770; x_wconf 90' lang='lat' dir='ltr'><strong>orhem</strong></span> <span class='ocrx_word' id='word_1_48' title='bbox 892 708 1023 769; x_wconf 85' lang='lat' dir='ltr'><strong>crinibus</strong></span> <span class='ocrx_word' id='word_1_49' title='bbox 1045 708 1182 786; x_wconf 84' lang='lat' dir='ltr'><strong>profusis.</strong></span> 
     </span>
     <span class='ocr_line' id='line_1_9' title="bbox 333 792 1541 891; baseline -0.002 -18"><span class='ocrx_word' id='word_1_50' title='bbox 333 814 375 874; x_wconf 84' lang='lat' dir='ltr'><strong>lle</strong></span> <span class='ocrx_word' id='word_1_51' title='bbox 397 811 587 873; x_wconf 84' lang='lat' dir='ltr'><strong>archilochio.</strong></span> <span class='ocrx_word' id='word_1_52' title='bbox 633 810 845 872; x_wconf 87' lang='lat' dir='ltr'><strong>archilochium</strong></span> <span class='ocrx_word' id='word_1_53' title='bbox 868 818 983 871; x_wconf 87' lang='lat' dir='ltr'><strong>constat</strong></span> <span class='ocrx_word' id='word_1_54' title='bbox 1010 811 1198 889; x_wconf 91' lang='lat' dir='ltr'><strong>paroemiaco</strong></span> <span class='ocrx_word' id='word_1_55' title='bbox 1226 820 1257 871; x_wconf 90' lang='lat' dir='ltr'><strong>et</strong></span> <span class='ocrx_word' id='word_1_56' title='bbox 1276 792 1486 891; x_wconf 84' lang='lat' dir='ltr'><strong>ithyphallioo‚</strong></span> <span class='ocrx_word' id='word_1_57' title='bbox 1508 821 1541 871; x_wconf 93' lang='lat' dir='ltr'><strong>ut</strong></span> 
     </span>
     <span class='ocr_line' id='line_1_10' title="bbox 248 915 384 984; baseline -0.007 -8"><span class='ocrx_word' id='word_1_58' title='bbox 248 923 293 976; x_wconf 90' lang='grc' dir='ltr'><strong>εει</strong></span> <span class='ocrx_word' id='word_1_59' title='bbox 313 915 384 984; x_wconf 90' lang='lat' dir='ltr'><strong>hoc,</strong></span> 
     </span>
     <span class='ocr_line' id='line_1_11' title="bbox 211 1012 1298 1093; baseline 0 -19"><span class='ocrx_word' id='word_1_60' title='bbox 211 1043 235 1084; x_wconf 78' lang='lat'><strong>10</strong></span> <span class='ocrx_word' id='word_1_61' title='bbox 534 1016 675 1076; x_wconf 86' lang='lat' dir='ltr'><strong>remearit</strong></span> <span class='ocrx_word' id='word_1_62' title='bbox 697 1014 733 1075; x_wconf 91' lang='lat' dir='ltr'><strong>ah</strong></span> <span class='ocrx_word' id='word_1_63' title='bbox 756 1032 824 1075; x_wconf 88' lang='lat' dir='ltr'><strong>arce</strong></span> <span class='ocrx_word' id='word_1_64' title='bbox 848 1024 989 1093; x_wconf 87' lang='lat' dir='ltr'><strong>tyrannus</strong></span> <span class='ocrx_word' id='word_1_65' title='bbox 1011 1012 1137 1075; x_wconf 84' lang='lat' dir='ltr'><strong>vultibus</strong></span> <span class='ocrx_word' id='word_1_66' title='bbox 1159 1015 1298 1075; x_wconf 88' lang='lat' dir='ltr'><strong>cruentis.</strong></span> 
     </span>
     <span class='ocr_line' id='line_1_12' title="bbox 333 1113 1538 1196; baseline -0.001 -18"><span class='ocrx_word' id='word_1_67' title='bbox 333 1118 375 1179; x_wconf 90' lang='lat' dir='ltr'><strong>De</strong></span> <span class='ocrx_word' id='word_1_68' title='bbox 399 1114 640 1195; x_wconf 79' lang='lat' dir='ltr'><strong>encomiologico.</strong></span> <span class='ocrx_word' id='word_1_69' title='bbox 679 1114 943 1194; x_wconf 82' lang='lat' dir='ltr'><strong>encomiologicum</strong></span> <span class='ocrx_word' id='word_1_70' title='bbox 967 1123 1082 1176; x_wconf 91' lang='lat' dir='ltr'><strong>constat</strong></span> <span class='ocrx_word' id='word_1_71' title='bbox 1103 1113 1244 1194; x_wconf 90' lang='lat' dir='ltr'><strong>dactylica</strong></span> <span class='ocrx_word' id='word_1_72' title='bbox 1267 1123 1297 1176; x_wconf 88' lang='lat' dir='ltr'><strong>et</strong></span> <span class='ocrx_word' id='word_1_73' title='bbox 1317 1114 1445 1178; x_wconf 84' lang='lat' dir='ltr'><strong>iambica</strong></span> <span class='ocrx_word' id='word_1_74' title='bbox 1466 1134 1538 1196; x_wconf 89' lang='lat' dir='ltr'><strong>pen·</strong></span> 
     </span>
     <span class='ocr_line' id='line_1_13' title="bbox 248 1218 1264 1290; baseline -0.004 -10"><span class='ocrx_word' id='word_1_75' title='bbox 248 1220 431 1290; x_wconf 88' lang='lat' dir='ltr'><strong>themimeri,</strong></span> <span class='ocrx_word' id='word_1_76' title='bbox 453 1228 487 1281; x_wconf 92' lang='lat' dir='ltr'><strong>ut</strong></span> <span class='ocrx_word' id='word_1_77' title='bbox 509 1226 553 1279; x_wconf 88' lang='grc' dir='ltr'><strong>εει</strong></span> <span class='ocrx_word' id='word_1_78' title='bbox 573 1218 646 1288; x_wconf 92' lang='lat' dir='ltr'><strong>hoc,</strong></span> <span class='ocrx_word' id='word_1_79' title='bbox 1261 1240 1264 1244; x_wconf 37' lang='lat'>⁸</span> 
     </span>
     <span class='ocr_line' id='line_1_14' title="bbox 536 1318 1127 1398; baseline -0.003 -17"><span class='ocrx_word' id='word_1_80' title='bbox 536 1321 667 1381; x_wconf 90' lang='lat' dir='ltr'><strong>carmina</strong></span> <span class='ocrx_word' id='word_1_81' title='bbox 691 1319 766 1381; x_wconf 90' lang='lat' dir='ltr'><strong>bella</strong></span> <span class='ocrx_word' id='word_1_82' title='bbox 789 1322 881 1398; x_wconf 82' lang='lat' dir='ltr'><strong>tnagis</strong></span> <span class='ocrx_word' id='word_1_83' title='bbox 904 1318 990 1379; x_wconf 91' lang='lat' dir='ltr'><strong>velim</strong></span> <span class='ocrx_word' id='word_1_84' title='bbox 1012 1337 1127 1380; x_wconf 88' lang='lat' dir='ltr'><strong>sonare.</strong></span> 
     </span>
     <span class='ocr_line' id='line_1_15' title="bbox 335 1418 1537 1500; baseline -0.002 -16"><span class='ocrx_word' id='word_1_85' title='bbox 335 1423 376 1484; x_wconf 84' lang='lat' dir='ltr'><strong>lle</strong></span> <span class='ocrx_word' id='word_1_86' title='bbox 397 1420 572 1500; x_wconf 83' lang='lat' dir='ltr'><strong>iambelego.</strong></span> <span class='ocrx_word' id='word_1_87' title='bbox 616 1419 811 1499; x_wconf 85' lang='lat' dir='ltr'><strong>iamhelegum</strong></span> <span class='ocrx_word' id='word_1_88' title='bbox 842 1429 956 1481; x_wconf 88' lang='lat' dir='ltr'><strong>constat</strong></span> <span class='ocrx_word' id='word_1_89' title='bbox 982 1420 1210 1500; x_wconf 87' lang='lat' dir='ltr'><strong>penthemimeri</strong></span> <span class='ocrx_word' id='word_1_90' title='bbox 1238 1418 1364 1482; x_wconf 86' lang='lat' dir='ltr'><strong>iambica</strong></span> <span class='ocrx_word' id='word_1_91' title='bbox 1388 1430 1418 1482; x_wconf 90' lang='lat' dir='ltr'><strong>et</strong></span> <span class='ocrx_word' id='word_1_92' title='bbox 1440 1419 1537 1500; x_wconf 86' lang='lat' dir='ltr'><strong>dacty-</strong></span> 
     </span>
     <span class='ocr_line' id='line_1_16' title="bbox 213 1524 536 1595; baseline -0.006 -9"><span class='ocrx_word' id='word_1_93' title='bbox 213 1553 239 1593; x_wconf 67' lang='grc' dir='ltr'><strong>ιι,</strong></span> <span class='ocrx_word' id='word_1_94' title='bbox 252 1525 322 1595; x_wconf 87' lang='lat' dir='ltr'><strong>lica,</strong></span> <span class='ocrx_word' id='word_1_95' title='bbox 344 1534 377 1586; x_wconf 91' lang='lat' dir='ltr'><strong>ut</strong></span> <span class='ocrx_word' id='word_1_96' title='bbox 399 1534 445 1586; x_wconf 90' lang='lat' dir='ltr'><strong>est</strong></span> <span class='ocrx_word' id='word_1_97' title='bbox 465 1524 536 1593; x_wconf 92' lang='lat' dir='ltr'><strong>hoc,</strong></span> 
     </span>
     <span class='ocr_line' id='line_1_17' title="bbox 536 1622 1113 1704; baseline 0.002 -20"><span class='ocrx_word' id='word_1_98' title='bbox 536 1627 632 1687; x_wconf 83' lang='lat' dir='ltr'><strong>sontes</strong></span> <span class='ocrx_word' id='word_1_99' title='bbox 655 1623 785 1702; x_wconf 82' lang='lat' dir='ltr'><strong>ligabant</strong></span> <span class='ocrx_word' id='word_1_100' title='bbox 808 1625 940 1704; x_wconf 81' lang='lat' dir='ltr'><strong>gramina</strong></span> <span class='ocrx_word' id='word_1_101' title='bbox 964 1622 1113 1686; x_wconf 83' lang='lat' dir='ltr'><strong>laetificos.</strong></span> 
     </span>
     <span class='ocr_line' id='line_1_18' title="bbox 333 1724 1534 1806; baseline -0.002 -17"><span class='ocrx_word' id='word_1_102' title='bbox 333 1728 375 1789; x_wconf 90' lang='lat' dir='ltr'><strong>De</strong></span> <span class='ocrx_word' id='word_1_103' title='bbox 403 1725 522 1788; x_wconf 90' lang='lat' dir='ltr'><strong>alcaico.</strong></span> <span class='ocrx_word' id='word_1_104' title='bbox 567 1727 708 1789; x_wconf 86' lang='lat' dir='ltr'><strong>alcaicum</strong></span> <span class='ocrx_word' id='word_1_105' title='bbox 738 1735 852 1787; x_wconf 88' lang='lat' dir='ltr'><strong>constat</strong></span> <span class='ocrx_word' id='word_1_106' title='bbox 878 1726 1104 1806; x_wconf 88' lang='lat' dir='ltr'><strong>penthemimeri</strong></span> <span class='ocrx_word' id='word_1_107' title='bbox 1132 1724 1258 1787; x_wconf 88' lang='lat' dir='ltr'><strong>iamhica</strong></span> <span class='ocrx_word' id='word_1_108' title='bbox 1288 1735 1318 1786; x_wconf 92' lang='lat' dir='ltr'><strong>et</strong></span> <span class='ocrx_word' id='word_1_109' title='bbox 1345 1725 1463 1788; x_wconf 86' lang='lat' dir='ltr'><strong>duobus</strong></span> <span class='ocrx_word' id='word_1_110' title='bbox 1488 1725 1534 1786; x_wconf 92' lang='lat' dir='ltr'><strong>da·</strong></span> 
     </span>
     <span class='ocr_line' id='line_1_19' title="bbox 250 1826 562 1908; baseline -0.003 -19"><span class='ocrx_word' id='word_1_111' title='bbox 250 1826 348 1908; x_wconf 88' lang='lat' dir='ltr'><strong>ctylis,</strong></span> <span class='ocrx_word' id='word_1_112' title='bbox 371 1835 404 1888; x_wconf 88' lang='lat' dir='ltr'><strong>ut</strong></span> <span class='ocrx_word' id='word_1_113' title='bbox 425 1838 470 1889; x_wconf 88' lang='lat' dir='ltr'><strong>est</strong></span> <span class='ocrx_word' id='word_1_114' title='bbox 492 1831 562 1898; x_wconf 88' lang='lat' dir='ltr'><strong>hoc,</strong></span> 
     </span>
     <span class='ocr_line' id='line_1_20' title="bbox 537 1928 1068 2008; baseline 0.002 -19"><span class='ocrx_word' id='word_1_115' title='bbox 537 1948 657 1990; x_wconf 90' lang='lat' dir='ltr'><strong>carmen</strong></span> <span class='ocrx_word' id='word_1_116' title='bbox 679 1928 791 1990; x_wconf 78' lang='lat' dir='ltr'><strong>relaxat</strong></span> <span class='ocrx_word' id='word_1_117' title='bbox 812 1930 908 1990; x_wconf 89' lang='lat' dir='ltr'><strong>taedia</strong></span> <span class='ocrx_word' id='word_1_118' title='bbox 931 1930 1068 2008; x_wconf 83' lang='lat' dir='ltr'><strong>pectoris.</strong></span> 
     </span>
     <span class='ocr_line' id='line_1_21' title="bbox 211 2029 1640 2119; baseline -0.003 -26"><span class='ocrx_word' id='word_1_119' title='bbox 211 2060 238 2102; x_wconf 75' lang='lat'><strong>20</strong></span> <span class='ocrx_word' id='word_1_120' title='bbox 337 2032 378 2093; x_wconf 84' lang='lat' dir='ltr'><strong>lle</strong></span> <span class='ocrx_word' id='word_1_121' title='bbox 401 2029 519 2093; x_wconf 88' lang='lat' dir='ltr'><strong>alcaico.</strong></span> <span class='ocrx_word' id='word_1_122' title='bbox 557 2030 698 2092; x_wconf 87' lang='lat' dir='ltr'><strong>alcaicum</strong></span> <span class='ocrx_word' id='word_1_123' title='bbox 723 2040 838 2093; x_wconf 91' lang='lat' dir='ltr'><strong>constat</strong></span> <span class='ocrx_word' id='word_1_124' title='bbox 860 2030 976 2091; x_wconf 86' lang='lat' dir='ltr'><strong>duobus</strong></span> <span class='ocrx_word' id='word_1_125' title='bbox 997 2030 1118 2110; x_wconf 76' lang='lat' dir='ltr'><strong>dactylis</strong></span> <span class='ocrx_word' id='word_1_126' title='bbox 1140 2039 1170 2092; x_wconf 93' lang='lat' dir='ltr'><strong>et</strong></span> <span class='ocrx_word' id='word_1_127' title='bbox 1191 2029 1307 2092; x_wconf 76' lang='lat' dir='ltr'><strong>alurrhue</strong></span> <span class='ocrx_word' id='word_1_128' title='bbox 1328 2030 1485 2102; x_wconf 82' lang='lat' dir='ltr'><strong>trochaeis,</strong></span> <span class='ocrx_word' id='word_1_129' title='bbox 1504 2037 1640 2119; x_wconf 51' lang='lat' dir='ltr'><strong>utq</strong></span> 
     </span>
     <span class='ocr_line' id='line_1_22' title="bbox 251 2134 389 2203; baseline 0 -9"><span class='ocrx_word' id='word_1_130' title='bbox 251 2142 296 2194; x_wconf 86' lang='lat' dir='ltr'><strong>est</strong></span> <span class='ocrx_word' id='word_1_131' title='bbox 318 2134 389 2203; x_wconf 87' lang='lat' dir='ltr'><strong>hoc,</strong></span> 
     </span>
     <span class='ocr_line' id='line_1_23' title="bbox 536 2233 1064 2314; baseline 0 -20"><span class='ocrx_word' id='word_1_132' title='bbox 536 2233 604 2295; x_wconf 93' lang='lat' dir='ltr'><strong>luna</strong></span> <span class='ocrx_word' id='word_1_133' title='bbox 627 2234 738 2295; x_wconf 88' lang='lat' dir='ltr'><strong>rubens</strong></span> <span class='ocrx_word' id='word_1_134' title='bbox 760 2235 904 2314; x_wconf 87' lang='lat' dir='ltr'><strong>zephyros</strong></span> <span class='ocrx_word' id='word_1_135' title='bbox 926 2236 1064 2295; x_wconf 90' lang='lat' dir='ltr'><strong>minatur.</strong></span> 
     </span>
     <span class='ocr_line' id='line_1_24' title="bbox 335 2334 1617 2401; baseline 0.003 -5"><span class='ocrx_word' id='word_1_136' title='bbox 335 2336 376 2397; x_wconf 81' lang='lat' dir='ltr'><strong>lle</strong></span> <span class='ocrx_word' id='word_1_137' title='bbox 406 2334 595 2397; x_wconf 88' lang='lat' dir='ltr'><strong>archilochio.</strong></span> <span class='ocrx_word' id='word_1_138' title='bbox 639 2334 851 2396; x_wconf 86' lang='lat' dir='ltr'><strong>archilochium</strong></span> <span class='ocrx_word' id='word_1_139' title='bbox 880 2345 995 2397; x_wconf 88' lang='lat' dir='ltr'><strong>constat</strong></span> <span class='ocrx_word' id='word_1_140' title='bbox 1022 2345 1194 2398; x_wconf 85' lang='lat' dir='ltr'><strong>tetrametro</strong></span> <span class='ocrx_word' id='word_1_141' title='bbox 1222 2336 1356 2399; x_wconf 93' lang='lat' dir='ltr'><strong>bucolico</strong></span> <span class='ocrx_word' id='word_1_142' title='bbox 1387 2346 1418 2399; x_wconf 92' lang='grc' dir='ltr'><strong>ει</strong></span> <span class='ocrx_word' id='word_1_143' title='bbox 1446 2335 1617 2401; x_wconf 79' lang='lat' dir='ltr'><strong>tribu—a</strong></span> 
     </span>
     <span class='ocr_line' id='line_1_25' title="bbox 251 2438 929 2508; baseline -0.004 -8"><span class='ocrx_word' id='word_1_144' title='bbox 251 2438 415 2507; x_wconf 87' lang='lat' dir='ltr'><strong>trochaeis,</strong></span> <span class='ocrx_word' id='word_1_145' title='bbox 438 2446 470 2499; x_wconf 92' lang='lat' dir='ltr'><strong>ut</strong></span> <span class='ocrx_word' id='word_1_146' title='bbox 492 2446 536 2498; x_wconf 87' lang='lat' dir='ltr'><strong>est</strong></span> <span class='ocrx_word' id='word_1_147' title='bbox 557 2438 631 2508; x_wconf 90' lang='lat' dir='ltr'><strong>hoc,</strong></span> <span class='ocrx_word' id='word_1_148' title='bbox 755 2498 757 2503; x_wconf 82' lang='grc'>,</span> <span class='ocrx_word' id='word_1_149' title='bbox 927 2493 929 2497; x_wconf 81' lang='grc'>,</span> 
     </span>
     <span class='ocr_line' id='line_1_26' title="bbox 215 2537 1365 2625; baseline 0.003 -27"><span class='ocrx_word' id='word_1_150' title='bbox 215 2570 240 2611; x_wconf 74' lang='lat'><strong>25</strong></span> <span class='ocrx_word' id='word_1_151' title='bbox 541 2538 617 2599; x_wconf 92' lang='lat' dir='ltr'><strong>linea</strong></span> <span class='ocrx_word' id='word_1_152' title='bbox 640 2540 769 2618; x_wconf 90' lang='lat' dir='ltr'><strong>piscator</strong></span> <span class='ocrx_word' id='word_1_153' title='bbox 790 2539 844 2601; x_wconf 91' lang='lat' dir='ltr'><strong>tihi</strong></span> <span class='ocrx_word' id='word_1_154' title='bbox 866 2537 995 2600; x_wconf 89' lang='lat' dir='ltr'><strong>concidit</strong></span> <span class='ocrx_word' id='word_1_155' title='bbox 1015 2541 1048 2600; x_wconf 93' lang='lat' dir='ltr'><strong>in</strong></span> <span class='ocrx_word' id='word_1_156' title='bbox 1069 2540 1215 2619; x_wconf 89' lang='lat' dir='ltr'><strong>prolunda</strong></span> <span class='ocrx_word' id='word_1_157' title='bbox 1237 2543 1328 2620; x_wconf 90' lang='lat' dir='ltr'><strong>ponti.</strong></span> <span class='ocrx_word' id='word_1_158' title='bbox 1350 2538 1365 2625; x_wconf 84' lang='grc' dir='ltr'><strong>ΙΙ</strong></span> 
     </span>
     <span class='ocr_line' id='line_1_27' title="bbox 339 2638 1636 2721; baseline 0.002 -18"><span class='ocrx_word' id='word_1_159' title='bbox 339 2643 381 2703; x_wconf 81' lang='lat' dir='ltr'><strong>lle</strong></span> <span class='ocrx_word' id='word_1_160' title='bbox 403 2640 597 2721; x_wconf 79' lang='lat' dir='ltr'><strong>galliamhico.</strong></span> <span class='ocrx_word' id='word_1_161' title='bbox 643 2639 861 2720; x_wconf 79' lang='lat' dir='ltr'><strong>galliamhicum</strong></span> <span class='ocrx_word' id='word_1_162' title='bbox 884 2649 999 2702; x_wconf 90' lang='lat' dir='ltr'><strong>constat</strong></span> <span class='ocrx_word' id='word_1_163' title='bbox 1020 2640 1147 2702; x_wconf 88' lang='lat' dir='ltr'><strong>dimetro</strong></span> <span class='ocrx_word' id='word_1_164' title='bbox 1168 2641 1295 2705; x_wconf 88' lang='lat' dir='ltr'><strong>iambico</strong></span> <span class='ocrx_word' id='word_1_165' title='bbox 1317 2642 1493 2706; x_wconf 87' lang='lat' dir='ltr'><strong>catalectico</strong></span> <span class='ocrx_word' id='word_1_166' title='bbox 1610 2638 1636 2687; x_wconf 66' lang='lat'><strong>0²</strong></span> 
     </span>
     <span class='ocr_line' id='line_1_28' title="bbox 252 2741 1208 2824; baseline 0 -20"><span class='ocrx_word' id='word_1_167' title='bbox 252 2751 410 2824; x_wconf 89' lang='lat' dir='ltr'><strong>anapaesto</strong></span> <span class='ocrx_word' id='word_1_168' title='bbox 432 2741 478 2802; x_wconf 86' lang='lat' dir='ltr'><strong>vel</strong></span> <span class='ocrx_word' id='word_1_169' title='bbox 500 2743 624 2822; x_wconf 87' lang='lat' dir='ltr'><strong>spondio</strong></span> <span class='ocrx_word' id='word_1_170' title='bbox 647 2760 715 2802; x_wconf 92' lang='lat' dir='ltr'><strong>cum</strong></span> <span class='ocrx_word' id='word_1_171' title='bbox 738 2742 853 2804; x_wconf 90' lang='lat' dir='ltr'><strong>duobus</strong></span> <span class='ocrx_word' id='word_1_172' title='bbox 874 2741 994 2814; x_wconf 86' lang='lat' dir='ltr'><strong>iambis,</strong></span> <span class='ocrx_word' id='word_1_173' title='bbox 1017 2743 1208 2814; x_wconf 80' lang='lat' dir='ltr'><strong>merthoc,</strong></span> 
     </span>
     <span class='ocr_line' id='line_1_29' title="bbox 538 2843 1641 2934; baseline 0.003 -30"><span class='ocrx_word' id='word_1_174' title='bbox 538 2854 641 2904; x_wconf 89' lang='lat' dir='ltr'><strong>tenera</strong></span> <span class='ocrx_word' id='word_1_175' title='bbox 664 2846 809 2923; x_wconf 91' lang='lat' dir='ltr'><strong>recrispat</strong></span> <span class='ocrx_word' id='word_1_176' title='bbox 831 2861 904 2904; x_wconf 88' lang='lat' dir='ltr'><strong>aura</strong></span> <span class='ocrx_word' id='word_1_177' title='bbox 926 2843 1069 2906; x_wconf 88' lang='lat' dir='ltr'><strong>trenmlos</strong></span> <span class='ocrx_word' id='word_1_178' title='bbox 1092 2847 1174 2906; x_wconf 91' lang='lat' dir='ltr'><strong>sinus</strong></span> <span class='ocrx_word' id='word_1_179' title='bbox 1196 2845 1274 2906; x_wconf 80' lang='lat' dir='ltr'><strong>freti.</strong></span> <span class='ocrx_word' id='word_1_180' title='bbox 1635 2922 1641 2934; x_wconf 40' lang='lat'><strong>·</strong></span> 
     </span>
     <span class='ocr_line' id='line_1_30' title="bbox 337 2921 1656 3028; baseline 0.002 -20"><span class='ocrx_word' id='word_1_181' title='bbox 337 2947 378 3007; x_wconf 78' lang='lat' dir='ltr'><strong>lle</strong></span> <span class='ocrx_word' id='word_1_182' title='bbox 401 2943 591 3008; x_wconf 87' lang='lat' dir='ltr'><strong>archilochio.</strong></span> <span class='ocrx_word' id='word_1_183' title='bbox 636 2944 848 3006; x_wconf 89' lang='lat' dir='ltr'><strong>archilochium</strong></span> <span class='ocrx_word' id='word_1_184' title='bbox 878 2955 993 3007; x_wconf 91' lang='lat' dir='ltr'><strong>constat</strong></span> <span class='ocrx_word' id='word_1_185' title='bbox 1014 2948 1241 3028; x_wconf 90' lang='lat' dir='ltr'><strong>penthemimeri</strong></span> <span class='ocrx_word' id='word_1_186' title='bbox 1269 2944 1414 3028; x_wconf 86' lang='lat' dir='ltr'><strong>dactylica</strong></span> <span class='ocrx_word' id='word_1_187' title='bbox 1443 2958 1474 3009; x_wconf 90' lang='lat' dir='ltr'><strong>et</strong></span> <span class='ocrx_word' id='word_1_188' title='bbox 1526 2921 1656 2991; x_wconf 56' lang='lat'><strong>‘¹¹&#39;</strong></span> 
     </span>
     <span class='ocr_line' id='line_1_31' title="bbox 214 3046 909 3122; baseline -0.001 -14"><span class='ocrx_word' id='word_1_189' title='bbox 214 3080 240 3122; x_wconf 70' lang='lat'><strong>30</strong></span> <span class='ocrx_word' id='word_1_190' title='bbox 253 3058 348 3110; x_wconf 91' lang='lat' dir='ltr'><strong>metro</strong></span> <span class='ocrx_word' id='word_1_191' title='bbox 370 3046 496 3109; x_wconf 90' lang='lat' dir='ltr'><strong>iambico</strong></span> <span class='ocrx_word' id='word_1_192' title='bbox 520 3051 697 3117; x_wconf 63' lang='lat' dir='ltr'><strong>acatalecto</strong></span> <span class='ocrx_word' id='word_1_193' title='bbox 722 3055 753 3107; x_wconf 90' lang='lat' dir='ltr'><strong>ut</strong></span> <span class='ocrx_word' id='word_1_194' title='bbox 775 3058 819 3108; x_wconf 89' lang='lat' dir='ltr'><strong>est</strong></span> <span class='ocrx_word' id='word_1_195' title='bbox 841 3048 909 3117; x_wconf 92' lang='lat' dir='ltr'><strong>hoc,</strong></span> 
     </span>
     <span class='ocr_line' id='line_1_32' title="bbox 539 3147 1242 3211; baseline 0.003 -2"><span class='ocrx_word' id='word_1_196' title='bbox 539 3147 636 3209; x_wconf 87' lang='lat' dir='ltr'><strong>sidera</strong></span> <span class='ocrx_word' id='word_1_197' title='bbox 658 3159 764 3210; x_wconf 90' lang='lat' dir='ltr'><strong>cuncta</strong></span> <span class='ocrx_word' id='word_1_198' title='bbox 785 3151 896 3211; x_wconf 90' lang='lat' dir='ltr'><strong>micant</strong></span> <span class='ocrx_word' id='word_1_199' title='bbox 917 3150 1025 3210; x_wconf 88' lang='lat' dir='ltr'><strong>decore</strong></span> <span class='ocrx_word' id='word_1_200' title='bbox 1047 3148 1121 3210; x_wconf 89' lang='lat' dir='ltr'><strong>lucis</strong></span> <span class='ocrx_word' id='word_1_201' title='bbox 1143 3168 1242 3211; x_wconf 89' lang='lat' dir='ltr'><strong>aureo.</strong></span> 
     </span>
    </p>
   </div>
   <div class='ocr_carea' id='block_1_3' title="bbox 253 3391 1671 4466">
    <p class='ocr_par' dir='ltr' id='par_1_3' title="bbox 253 3391 1671 3697">
     <span class='ocr_line' id='line_1_33' title="bbox 323 3391 1671 3487; baseline 0.001 -15"><span class='ocrx_word' id='word_1_202' title='bbox 323 3423 334 3472; x_wconf 93' lang='lat' dir='ltr'><strong>l</strong></span> <span class='ocrx_word' id='word_1_203' title='bbox 357 3422 496 3479; x_wconf 68' lang='lat' dir='ltr'><strong>isthmoss</strong></span> <span class='ocrx_word' id='word_1_204' title='bbox 566 3421 688 3472; x_wconf 87' lang='lat' dir='ltr'><strong>diditibus</strong></span> <span class='ocrx_word' id='word_1_205' title='bbox 711 3424 736 3471; x_wconf 90' lang='lat' dir='ltr'><em>P</em></span> <span class='ocrx_word' id='word_1_206' title='bbox 803 3423 820 3471; x_wconf 81' lang='lat'>2</span> <span class='ocrx_word' id='word_1_207' title='bbox 841 3422 948 3487; x_wconf 85' lang='lat' dir='ltr'><strong>spondio</strong></span> <span class='ocrx_word' id='word_1_208' title='bbox 972 3438 1019 3472; x_wconf 90' lang='lat' dir='ltr'><strong>om.</strong></span> <span class='ocrx_word' id='word_1_209' title='bbox 1039 3421 1172 3474; x_wconf 79' lang='lat' dir='ltr'><strong>Putacltiua</strong></span> <span class='ocrx_word' id='word_1_210' title='bbox 1242 3424 1258 3473; x_wconf 81' lang='lat'>5</span> <span class='ocrx_word' id='word_1_211' title='bbox 1281 3424 1431 3474; x_wconf 85' lang='lat' dir='ltr'><strong>catalectico</strong></span> <span class='ocrx_word' id='word_1_212' title='bbox 1458 3432 1528 3476; x_wconf 69' lang='lat' dir='ltr'><strong>aet-</strong></span> <span class='ocrx_word' id='word_1_213' title='bbox 1539 3391 1671 3457; x_wconf 48' lang='grc' dir='ltr'><strong>ξω</strong></span> 
     </span>
     <span class='ocr_line' id='line_1_34' title="bbox 253 3492 1669 3574; baseline 0.003 -32"><span class='ocrx_word' id='word_1_214' title='bbox 253 3493 338 3542; x_wconf 87' lang='lat' dir='ltr'><strong>iellico</strong></span> <span class='ocrx_word' id='word_1_215' title='bbox 358 3492 384 3540; x_wconf 88' lang='lat' dir='ltr'><em>P</em></span> <span class='ocrx_word' id='word_1_216' title='bbox 450 3493 465 3541; x_wconf 82' lang='lat'><strong>7</strong></span> <span class='ocrx_word' id='word_1_217' title='bbox 485 3502 602 3557; x_wconf 85' lang='lat' dir='ltr'><strong>perperat</strong></span> <span class='ocrx_word' id='word_1_218' title='bbox 620 3492 708 3540; x_wconf 88' lang='lat' dir='ltr'><strong>urbem</strong></span> <span class='ocrx_word' id='word_1_219' title='bbox 724 3492 750 3540; x_wconf 88' lang='lat' dir='ltr'><em>P</em></span> <span class='ocrx_word' id='word_1_220' title='bbox 817 3492 833 3542; x_wconf 84' lang='lat'>8</span> <span class='ocrx_word' id='word_1_221' title='bbox 854 3501 952 3543; x_wconf 90' lang='lat' dir='ltr'><strong>constat</strong></span> <span class='ocrx_word' id='word_1_222' title='bbox 977 3492 1174 3558; x_wconf 61' lang='lat' dir='ltr'><strong>parthenieooc</strong></span> <span class='ocrx_word' id='word_1_223' title='bbox 1244 3504 1269 3543; x_wconf 90' lang='lat' dir='ltr'><strong>et</strong></span> <span class='ocrx_word' id='word_1_224' title='bbox 1286 3494 1435 3559; x_wconf 82' lang='lat' dir='ltr'><strong>atymsalico</strong></span> <span class='ocrx_word' id='word_1_225' title='bbox 1453 3497 1479 3546; x_wconf 89' lang='lat' dir='ltr'><em>P</em></span> <span class='ocrx_word' id='word_1_226' title='bbox 1643 3541 1669 3574; x_wconf 55' lang='lat' dir='ltr'><strong>n,</strong></span> 
     </span>
     <span class='ocr_line' id='line_1_35' title="bbox 255 3543 1668 3631; baseline 0.001 -17"><span class='ocrx_word' id='word_1_227' title='bbox 255 3563 289 3614; x_wconf 88' lang='grc'><strong>10</strong></span> <span class='ocrx_word' id='word_1_228' title='bbox 306 3561 434 3612; x_wconf 74' lang='lat' dir='ltr'><strong>remeabat</strong></span> <span class='ocrx_word' id='word_1_229' title='bbox 451 3562 494 3618; x_wconf 83' lang='grc' dir='ltr'><strong>Ρς</strong></span> <span class='ocrx_word' id='word_1_230' title='bbox 564 3561 594 3612; x_wconf 90' lang='grc'><strong>11</strong></span> <span class='ocrx_word' id='word_1_231' title='bbox 615 3561 868 3628; x_wconf 78' lang='lat' dir='ltr'><strong>encomiumlogicum</strong></span> <span class='ocrx_word' id='word_1_232' title='bbox 888 3563 914 3612; x_wconf 87' lang='lat' dir='ltr'><em>N</em></span> <span class='ocrx_word' id='word_1_233' title='bbox 930 3563 1112 3629; x_wconf 82' lang='lat' dir='ltr'><strong>aenitologium</strong></span> <span class='ocrx_word' id='word_1_234' title='bbox 1133 3576 1150 3619; x_wconf 87' lang='grc' dir='ltr'><strong>ς</strong></span> <span class='ocrx_word' id='word_1_235' title='bbox 1220 3561 1420 3629; x_wconf 81' lang='lat' dir='ltr'><strong>penthemimere</strong></span> <span class='ocrx_word' id='word_1_236' title='bbox 1437 3565 1466 3615; x_wconf 86' lang='lat' dir='ltr'><em>N</em></span> <span class='ocrx_word' id='word_1_237' title='bbox 1481 3543 1642 3631; x_wconf 59' lang='lat' dir='ltr'><strong>¹7...ae</strong></span> <span class='ocrx_word' id='word_1_238' title='bbox 1663 3600 1668 3616; x_wconf 83' lang='lat'><strong>.</strong></span> 
     </span>
     <span class='ocr_line' id='line_1_36' title="bbox 255 3630 1431 3697; baseline 0.003 -16"><span class='ocrx_word' id='word_1_239' title='bbox 255 3631 397 3682; x_wconf 89' lang='lat' dir='ltr'><strong>thimimere</strong></span> <span class='ocrx_word' id='word_1_240' title='bbox 410 3632 435 3680; x_wconf 90' lang='lat' dir='ltr'><em>P</em></span> <span class='ocrx_word' id='word_1_241' title='bbox 506 3631 538 3681; x_wconf 86' lang='lat'><strong>13</strong></span> <span class='ocrx_word' id='word_1_242' title='bbox 557 3633 635 3681; x_wconf 89' lang='lat' dir='ltr'><strong>uelim</strong></span> <span class='ocrx_word' id='word_1_243' title='bbox 653 3647 745 3681; x_wconf 82' lang='lat' dir='ltr'><strong>sorrare</strong></span> <span class='ocrx_word' id='word_1_244' title='bbox 763 3647 780 3688; x_wconf 81' lang='grc' dir='ltr'><strong><em>ς</em></strong></span> <span class='ocrx_word' id='word_1_245' title='bbox 798 3632 879 3681; x_wconf 91' lang='lat' dir='ltr'><strong>belem</strong></span> <span class='ocrx_word' id='word_1_246' title='bbox 897 3647 988 3682; x_wconf 81' lang='lat' dir='ltr'><strong>sonare</strong></span> <span class='ocrx_word' id='word_1_247' title='bbox 1011 3634 1037 3682; x_wconf 81' lang='lat' dir='ltr'><strong>ira</strong></span> <span class='ocrx_word' id='word_1_248' title='bbox 1052 3648 1133 3697; x_wconf 77' lang='lat' dir='ltr'><strong>morp.</strong></span> <span class='ocrx_word' id='word_1_249' title='bbox 1151 3631 1213 3685; x_wconf 81' lang='lat' dir='ltr'><strong>add.</strong></span> <span class='ocrx_word' id='word_1_250' title='bbox 1231 3630 1257 3680; x_wconf 95' lang='lat' dir='ltr'><em>N</em></span> <span class='ocrx_word' id='word_1_251' title='bbox 1274 3632 1365 3684; x_wconf 81' lang='lat' dir='ltr'><strong>bellem</strong></span> <span class='ocrx_word' id='word_1_252' title='bbox 1383 3650 1431 3685; x_wconf 83' lang='lat' dir='ltr'><strong>son</strong></span> 
     </span>
    </p>

    <p class='ocr_par' dir='ltr' id='par_1_4' title="bbox 254 3700 1664 4400">
     <span class='ocr_line' id='line_1_37' title="bbox 326 3700 1633 3771; baseline 0.001 -19"><span class='ocrx_word' id='word_1_253' title='bbox 326 3703 357 3752; x_wconf 83' lang='grc'><strong>14</strong></span> <span class='ocrx_word' id='word_1_254' title='bbox 372 3700 404 3750; x_wconf 91' lang='lat' dir='ltr'><strong>de</strong></span> <span class='ocrx_word' id='word_1_255' title='bbox 423 3701 548 3751; x_wconf 87' lang='lat' dir='ltr'><strong>iambilico</strong></span> <span class='ocrx_word' id='word_1_256' title='bbox 568 3701 723 3752; x_wconf 88' lang='lat' dir='ltr'><strong>iamhilicum</strong></span> <span class='ocrx_word' id='word_1_257' title='bbox 741 3703 767 3752; x_wconf 93' lang='lat' dir='ltr'><em>P</em></span> <span class='ocrx_word' id='word_1_258' title='bbox 817 3701 1010 3768; x_wconf 88' lang='lat' dir='ltr'><strong>penthimimere</strong></span> <span class='ocrx_word' id='word_1_259' title='bbox 1025 3705 1050 3754; x_wconf 89' lang='lat' dir='ltr'><em>P</em></span> <span class='ocrx_word' id='word_1_260' title='bbox 1067 3703 1246 3768; x_wconf 88' lang='lat' dir='ltr'><strong>pentemimere</strong></span> <span class='ocrx_word' id='word_1_261' title='bbox 1262 3701 1287 3750; x_wconf 93' lang='lat' dir='ltr'><em>N</em></span> <span class='ocrx_word' id='word_1_262' title='bbox 1357 3703 1391 3756; x_wconf 86' lang='lat' dir='ltr'><strong>la</strong></span> <span class='ocrx_word' id='word_1_263' title='bbox 1408 3704 1551 3771; x_wconf 63' lang='lat' dir='ltr'><strong>hagno·</strong></span> <span class='ocrx_word' id='word_1_264' title='bbox 1594 3700 1606 3709; x_wconf 86' lang='lat'><strong>&#39;&#39;</strong></span> <span class='ocrx_word' id='word_1_265' title='bbox 1628 3735 1633 3747; x_wconf 87' lang='lat'><em>·</em></span> 
     </span>
     <span class='ocr_line' id='line_1_38' title="bbox 254 3771 1664 3841; baseline 0.003 -20"><span class='ocrx_word' id='word_1_266' title='bbox 254 3786 324 3824; x_wconf 74' lang='lat' dir='ltr'><strong>corr.</strong></span> <span class='ocrx_word' id='word_1_267' title='bbox 343 3772 457 3836; x_wconf 76' lang='lat' dir='ltr'><strong>ligabant</strong></span> <span class='ocrx_word' id='word_1_268' title='bbox 474 3772 500 3821; x_wconf 91' lang='lat' dir='ltr'><em>N</em></span> <span class='ocrx_word' id='word_1_269' title='bbox 513 3772 633 3837; x_wconf 81' lang='lat' dir='ltr'><strong>rigabant</strong></span> <span class='ocrx_word' id='word_1_270' title='bbox 652 3771 690 3822; x_wconf 80' lang='lat' dir='ltr'><strong>P.-</strong></span> <span class='ocrx_word' id='word_1_271' title='bbox 706 3772 823 3838; x_wconf 74' lang='lat' dir='ltr'><strong>rigebaut</strong></span> <span class='ocrx_word' id='word_1_272' title='bbox 841 3773 958 3838; x_wconf 52' lang='lat' dir='ltr'><strong>momine</strong></span> <span class='ocrx_word' id='word_1_273' title='bbox 977 3771 1080 3824; x_wconf 79' lang='lat' dir='ltr'><strong>laetifici</strong></span> <span class='ocrx_word' id='word_1_274' title='bbox 1095 3774 1202 3824; x_wconf 80' lang='lat' dir='ltr'><strong>coniecit</strong></span> <span class='ocrx_word' id='word_1_275' title='bbox 1218 3773 1354 3825; x_wconf 72' lang='lat' dir='ltr'><strong>Sententiae</strong></span> <span class='ocrx_word' id='word_1_276' title='bbox 1426 3780 1546 3841; x_wconf 62' lang='lat' dir='ltr'><strong>grain*</strong></span> <span class='ocrx_word' id='word_1_277' title='bbox 1654 3829 1664 3839; x_wconf 62' lang='grc'><strong>,</strong></span> 
     </span>
     <span class='ocr_line' id='line_1_39' title="bbox 254 3839 1486 3909; baseline 0.003 -18"><span class='ocrx_word' id='word_1_278' title='bbox 254 3858 323 3895; x_wconf 85' lang='lat' dir='ltr'><strong>corr.</strong></span> <span class='ocrx_word' id='word_1_279' title='bbox 343 3855 389 3889; x_wconf 89' lang='lat' dir='ltr'><strong>-na</strong></span> <span class='ocrx_word' id='word_1_280' title='bbox 401 3839 427 3888; x_wconf 90' lang='lat' dir='ltr'><em>N</em></span> <span class='ocrx_word' id='word_1_281' title='bbox 496 3840 527 3891; x_wconf 81' lang='grc'><strong>17</strong></span> <span class='ocrx_word' id='word_1_282' title='bbox 549 3842 672 3891; x_wconf 83' lang='lat' dir='ltr'><strong>alcaicum</strong></span> <span class='ocrx_word' id='word_1_283' title='bbox 689 3841 830 3906; x_wconf 80' lang='lat' dir='ltr'><strong>spondeum</strong></span> <span class='ocrx_word' id='word_1_284' title='bbox 848 3852 947 3893; x_wconf 85' lang='lat' dir='ltr'><strong>constat</strong></span> <span class='ocrx_word' id='word_1_285' title='bbox 969 3842 1160 3907; x_wconf 87' lang='lat' dir='ltr'><strong>peuthemimeri</strong></span> <span class='ocrx_word' id='word_1_286' title='bbox 1182 3842 1321 3909; x_wconf 84' lang='lat' dir='ltr'><strong>spondaica</strong></span> <span class='ocrx_word' id='word_1_287' title='bbox 1338 3856 1364 3894; x_wconf 85' lang='grc' dir='ltr'><strong>ει</strong></span> <span class='ocrx_word' id='word_1_288' title='bbox 1381 3844 1486 3895; x_wconf 72' lang='lat' dir='ltr'><strong>duobus</strong></span> 
     </span>
     <span class='ocr_line' id='line_1_40' title="bbox 254 3910 1505 3978; baseline 0.002 -16"><span class='ocrx_word' id='word_1_289' title='bbox 254 3912 328 3976; x_wconf 83' lang='lat' dir='ltr'><strong>ctylie</strong></span> <span class='ocrx_word' id='word_1_290' title='bbox 345 3910 489 3961; x_wconf 65' lang='lat' dir='ltr'><strong>meare:</strong></span> <span class='ocrx_word' id='word_1_291' title='bbox 513 3912 637 3961; x_wconf 88' lang='lat' dir='ltr'><strong>alcaicum</strong></span> <span class='ocrx_word' id='word_1_292' title='bbox 659 3922 759 3962; x_wconf 83' lang='lat' dir='ltr'><strong>constat</strong></span> <span class='ocrx_word' id='word_1_293' title='bbox 779 3912 954 3978; x_wconf 88' lang='lat' dir='ltr'><strong>pentimemeri</strong></span> <span class='ocrx_word' id='word_1_294' title='bbox 977 3911 1101 3978; x_wconf 83' lang='lat' dir='ltr'><strong>dactylica</strong></span> <span class='ocrx_word' id='word_1_295' title='bbox 1119 3921 1143 3963; x_wconf 88' lang='lat' dir='ltr'><strong>et</strong></span> <span class='ocrx_word' id='word_1_296' title='bbox 1163 3910 1263 3962; x_wconf 79' lang='lat' dir='ltr'><strong>duobus</strong></span> <span class='ocrx_word' id='word_1_297' title='bbox 1280 3912 1423 3975; x_wconf 81' lang='lat' dir='ltr'><strong>trochaeis,</strong></span> <span class='ocrx_word' id='word_1_298' title='bbox 1441 3924 1471 3964; x_wconf 86' lang='lat' dir='ltr'><strong>ut</strong></span> <span class='ocrx_word' id='word_1_299' title='bbox 1486 3914 1505 3965; x_wconf 86' lang='grc' dir='ltr'>Ι</span> 
     </span>
     <span class='ocr_line' id='line_1_41' title="bbox 254 3978 1536 4051; baseline 0.002 -19"><span class='ocrx_word' id='word_1_300' title='bbox 254 3983 349 4033; x_wconf 86' lang='lat' dir='ltr'><strong>ruheua</strong></span> <span class='ocrx_word' id='word_1_301' title='bbox 368 3978 494 4046; x_wconf 74' lang='lat' dir='ltr'><strong>zephyros</strong></span> <span class='ocrx_word' id='word_1_302' title='bbox 510 3982 686 4033; x_wconf 85' lang='lat' dir='ltr'><strong>comminatur.</strong></span> <span class='ocrx_word' id='word_1_303' title='bbox 705 3983 827 4033; x_wconf 84' lang='lat' dir='ltr'><strong>alcaicum</strong></span> <span class='ocrx_word' id='word_1_304' title='bbox 841 3992 941 4032; x_wconf 80' lang='lat' dir='ltr'><strong>constat</strong></span> <span class='ocrx_word' id='word_1_305' title='bbox 956 3983 1133 4048; x_wconf 86' lang='lat' dir='ltr'><strong>peutimemeri</strong></span> <span class='ocrx_word' id='word_1_306' title='bbox 1150 3982 1258 4033; x_wconf 79' lang='lat' dir='ltr'><strong>iambica</strong></span> <span class='ocrx_word' id='word_1_307' title='bbox 1273 3991 1299 4032; x_wconf 90' lang='lat' dir='ltr'><strong>et</strong></span> <span class='ocrx_word' id='word_1_308' title='bbox 1309 3982 1411 4035; x_wconf 80' lang='lat' dir='ltr'><strong>duobus</strong></span> <span class='ocrx_word' id='word_1_309' title='bbox 1425 3984 1536 4051; x_wconf 63' lang='lat' dir='ltr'><strong>deors</strong></span> 
     </span>
     <span class='ocr_line' id='line_1_42' title="bbox 255 4050 1564 4121; baseline 0 -20"><span class='ocrx_word' id='word_1_310' title='bbox 255 4061 283 4101; x_wconf 92' lang='lat' dir='ltr'><strong>ut</strong></span> <span class='ocrx_word' id='word_1_311' title='bbox 301 4061 341 4101; x_wconf 85' lang='grc' dir='ltr'><strong>εει</strong></span> <span class='ocrx_word' id='word_1_312' title='bbox 357 4050 415 4110; x_wconf 88' lang='lat' dir='ltr'><strong>hoc,</strong></span> <span class='ocrx_word' id='word_1_313' title='bbox 433 4066 535 4101; x_wconf 88' lang='lat' dir='ltr'><strong>carmen</strong></span> <span class='ocrx_word' id='word_1_314' title='bbox 552 4052 649 4102; x_wconf 85' lang='lat' dir='ltr'><strong>relaxat</strong></span> <span class='ocrx_word' id='word_1_315' title='bbox 666 4052 735 4103; x_wconf 89' lang='lat' dir='ltr'><strong>tedia</strong></span> <span class='ocrx_word' id='word_1_316' title='bbox 753 4052 874 4119; x_wconf 80' lang='lat' dir='ltr'><strong>pectoris.</strong></span> <span class='ocrx_word' id='word_1_317' title='bbox 899 4051 1081 4102; x_wconf 85' lang='lat' dir='ltr'><strong>archilochium</strong></span> <span class='ocrx_word' id='word_1_318' title='bbox 1098 4066 1116 4109; x_wconf 85' lang='grc' dir='ltr'><strong><em>ς</em></strong></span> <span class='ocrx_word' id='word_1_319' title='bbox 1201 4051 1398 4120; x_wconf 81' lang='lat' dir='ltr'><strong>peuthimimere</strong></span> <span class='ocrx_word' id='word_1_320' title='bbox 1414 4053 1443 4104; x_wconf 86' lang='lat' dir='ltr'><em>P</em></span> <span class='ocrx_word' id='word_1_321' title='bbox 1459 4052 1564 4121; x_wconf 59' lang='lat' dir='ltr'><strong>pet&gt;</strong></span> 
     </span>
     <span class='ocr_line' id='line_1_43' title="bbox 255 4092 1639 4204; baseline 0.004 -34"><span class='ocrx_word' id='word_1_322' title='bbox 255 4123 358 4171; x_wconf 89' lang='lat' dir='ltr'><strong>mimere</strong></span> <span class='ocrx_word' id='word_1_323' title='bbox 376 4120 402 4170; x_wconf 93' lang='lat' dir='ltr'><em>N</em></span> <span class='ocrx_word' id='word_1_324' title='bbox 453 4123 487 4172; x_wconf 80' lang='lat'><strong>22</strong></span> <span class='ocrx_word' id='word_1_325' title='bbox 506 4123 595 4172; x_wconf 81' lang='lat' dir='ltr'><strong>aeluro</strong></span> <span class='ocrx_word' id='word_1_326' title='bbox 612 4124 638 4173; x_wconf 90' lang='lat' dir='ltr'><em>P</em></span> <span class='ocrx_word' id='word_1_327' title='bbox 692 4120 725 4172; x_wconf 76' lang='lat'><strong>23</strong></span> <span class='ocrx_word' id='word_1_328' title='bbox 741 4131 886 4172; x_wconf 77' lang='lat' dir='ltr'><strong>tetrametro</strong></span> <span class='ocrx_word' id='word_1_329' title='bbox 904 4122 1015 4171; x_wconf 91' lang='lat' dir='ltr'><strong>bucolice</strong></span> <span class='ocrx_word' id='word_1_330' title='bbox 1033 4124 1073 4174; x_wconf 86' lang='lat' dir='ltr'><strong>P:</strong></span> <span class='ocrx_word' id='word_1_331' title='bbox 1089 4130 1236 4175; x_wconf 82' lang='lat' dir='ltr'><strong>tetrametro</strong></span> <span class='ocrx_word' id='word_1_332' title='bbox 1253 4123 1367 4175; x_wconf 85' lang='lat' dir='ltr'><strong>huoolioo</strong></span> <span class='ocrx_word' id='word_1_333' title='bbox 1382 4092 1639 4204; x_wconf 48' lang='lat' dir='ltr'><strong>cametz?</strong></span> 
     </span>
     <span class='ocr_line' id='line_1_44' title="bbox 256 4186 1564 4257; baseline 0.004 -16"><span class='ocrx_word' id='word_1_334' title='bbox 256 4190 420 4257; x_wconf 86' lang='lat' dir='ltr'><strong>ithyphallico</strong></span> <span class='ocrx_word' id='word_1_335' title='bbox 446 4193 528 4243; x_wconf 85' lang='lat' dir='ltr'><strong>tribus</strong></span> <span class='ocrx_word' id='word_1_336' title='bbox 546 4192 707 4247; x_wconf 70' lang='lat' dir='ltr'><strong>trochaeiss·</strong></span> <span class='ocrx_word' id='word_1_337' title='bbox 776 4192 811 4242; x_wconf 81' lang='grc'><strong>26</strong></span> <span class='ocrx_word' id='word_1_338' title='bbox 828 4191 861 4241; x_wconf 83' lang='lat' dir='ltr'><strong>do</strong></span> <span class='ocrx_word' id='word_1_339' title='bbox 878 4191 1037 4243; x_wconf 81' lang='lat' dir='ltr'><strong>calliambico</strong></span> <span class='ocrx_word' id='word_1_340' title='bbox 1053 4191 1238 4243; x_wconf 83' lang='lat' dir='ltr'><strong>calliamhicam</strong></span> <span class='ocrx_word' id='word_1_341' title='bbox 1256 4192 1284 4244; x_wconf 87' lang='lat' dir='ltr'><em>P</em></span> <span class='ocrx_word' id='word_1_342' title='bbox 1350 4192 1385 4245; x_wconf 78' lang='lat'><strong>27</strong></span> <span class='ocrx_word' id='word_1_343' title='bbox 1403 4208 1465 4245; x_wconf 82' lang='lat' dir='ltr'><strong>oum</strong></span> <span class='ocrx_word' id='word_1_344' title='bbox 1481 4186 1564 4245; x_wconf 60' lang='lat'><strong>11¹7</strong></span> 
     </span>
     <span class='ocr_line' id='line_1_45' title="bbox 255 4240 1616 4332; baseline 0.003 -21"><span class='ocrx_word' id='word_1_345' title='bbox 255 4262 303 4312; x_wconf 84' lang='lat' dir='ltr'><strong>hus</strong></span> <span class='ocrx_word' id='word_1_346' title='bbox 320 4261 445 4312; x_wconf 85' lang='lat' dir='ltr'><strong>trochaeis</strong></span> <span class='ocrx_word' id='word_1_347' title='bbox 462 4272 505 4312; x_wconf 86' lang='lat' dir='ltr'><strong>aut</strong></span> <span class='ocrx_word' id='word_1_348' title='bbox 520 4261 611 4312; x_wconf 85' lang='lat' dir='ltr'><strong>lambis</strong></span> <span class='ocrx_word' id='word_1_349' title='bbox 630 4261 764 4314; x_wconf 66' lang='lat' dir='ltr'><strong>Medius</strong></span> <span class='ocrx_word' id='word_1_350' title='bbox 849 4271 877 4311; x_wconf 91' lang='lat' dir='ltr'><strong>ut</strong></span> <span class='ocrx_word' id='word_1_351' title='bbox 894 4269 933 4310; x_wconf 86' lang='lat' dir='ltr'><strong>eat</strong></span> <span class='ocrx_word' id='word_1_352' title='bbox 951 4261 1063 4315; x_wconf 77' lang='lat' dir='ltr'><strong>hacona.</strong></span> <span class='ocrx_word' id='word_1_353' title='bbox 1078 4261 1105 4311; x_wconf 86' lang='lat' dir='ltr'><em>P</em></span> <span class='ocrx_word' id='word_1_354' title='bbox 1207 4260 1243 4314; x_wconf 78' lang='lat'><strong>28</strong></span> <span class='ocrx_word' id='word_1_355' title='bbox 1258 4263 1351 4315; x_wconf 79' lang='lat' dir='ltr'><strong>tenella</strong></span> <span class='ocrx_word' id='word_1_356' title='bbox 1369 4264 1467 4332; x_wconf 71' lang='lat' dir='ltr'><strong>crispat</strong></span> <span class='ocrx_word' id='word_1_357' title='bbox 1485 4240 1616 4315; x_wconf 59' lang='grc' dir='ltr'><strong>ιῑῑ,1</strong></span> 
     </span>
     <span class='ocr_line' id='line_1_46' title="bbox 254 4312 1605 4400; baseline 0.004 -19"><span class='ocrx_word' id='word_1_358' title='bbox 254 4338 357 4382; x_wconf 78' lang='lat' dir='ltr'><strong>teneros</strong></span> <span class='ocrx_word' id='word_1_359' title='bbox 372 4332 444 4382; x_wconf 84' lang='lat' dir='ltr'><strong>ainus</strong></span> <span class='ocrx_word' id='word_1_360' title='bbox 461 4332 519 4383; x_wconf 84' lang='lat' dir='ltr'><strong>ireti</strong></span> <span class='ocrx_word' id='word_1_361' title='bbox 536 4333 671 4384; x_wconf 78' lang='lat' dir='ltr'><strong>Saateaa‘roe</strong></span> <span class='ocrx_word' id='word_1_362' title='bbox 738 4331 774 4383; x_wconf 83' lang='grc'><strong>29</strong></span> <span class='ocrx_word' id='word_1_363' title='bbox 791 4331 824 4383; x_wconf 88' lang='lat' dir='ltr'><strong>de</strong></span> <span class='ocrx_word' id='word_1_364' title='bbox 841 4330 995 4383; x_wconf 87' lang='lat' dir='ltr'><strong>archilochio</strong></span> <span class='ocrx_word' id='word_1_365' title='bbox 1014 4358 1046 4370; x_wconf 85' lang='lat'><em>-</em></span> <span class='ocrx_word' id='word_1_366' title='bbox 1064 4329 1097 4383; x_wconf 80' lang='grc'><strong>31</strong></span> <span class='ocrx_word' id='word_1_367' title='bbox 1115 4347 1193 4383; x_wconf 85' lang='lat' dir='ltr'><strong>aureo</strong></span> <span class='ocrx_word' id='word_1_368' title='bbox 1209 4348 1256 4385; x_wconf 73' lang='lat' dir='ltr'><strong>en.</strong></span> <span class='ocrx_word' id='word_1_369' title='bbox 1270 4333 1296 4383; x_wconf 90' lang='lat' dir='ltr'><em>P</em></span> <span class='ocrx_word' id='word_1_370' title='bbox 1362 4312 1605 4400; x_wconf 62' lang='lat' dir='ltr'><strong>pearmtntf&#39;</strong></span> 
     </span>
    </p>

    <p class='ocr_par' dir='ltr' id='par_1_5' title="bbox 256 4398 886 4466">
     <span class='ocr_line' id='line_1_47' title="bbox 256 4398 886 4466; baseline 0.003 -17"><span class='ocrx_word' id='word_1_371' title='bbox 256 4399 281 4449; x_wconf 92' lang='lat' dir='ltr'><em>N</em></span> <span class='ocrx_word' id='word_1_372' title='bbox 349 4400 383 4452; x_wconf 78' lang='grc'><strong>30</strong></span> <span class='ocrx_word' id='word_1_373' title='bbox 400 4401 537 4453; x_wconf 81' lang='lat' dir='ltr'><strong>acatalecto</strong></span> <span class='ocrx_word' id='word_1_374' title='bbox 555 4418 602 4454; x_wconf 83' lang='lat' dir='ltr'><strong>om.</strong></span> <span class='ocrx_word' id='word_1_375' title='bbox 618 4398 654 4466; x_wconf 85' lang='lat' dir='ltr'><strong>N,</strong></span> <span class='ocrx_word' id='word_1_376' title='bbox 671 4401 733 4452; x_wconf 81' lang='lat' dir='ltr'><strong>add.</strong></span> <span class='ocrx_word' id='word_1_377' title='bbox 750 4404 886 4454; x_wconf 79' lang='lat' dir='ltr'><strong>Smteaiur</strong></span> 
     </span>
    </p>
   </div>
   <div class='ocr_carea' id='block_1_4' title="bbox 0 0 1695 5506">
    <p class='ocr_par' dir='ltr' id='par_1_6' title="bbox 0 0 1695 5506">
     <span class='ocr_line' id='line_1_48' title="bbox 0 0 1695 5506; baseline 0 0"><span class='ocrx_word' id='word_1_378' title='bbox 0 0 1695 5506; x_wconf 95' lang='lat' dir='ltr'><strong> </strong></span> 
     </span>
    </p>
   </div>
  </div>
 </body>
</html>
