3314 5506
641 388 852 451 ensurius
1321 384 1394 452 x'vn
1427 352 1430 360 ’

100 595 159 638 eos
183 572 226 637 de
248 571 356 637 Probo
379 573 595 658 scripserunt,
623 575 671 636 ita
697 574 798 637 secuti
828 582 917 653 sunt,
946 583 996 653 ut,
1025 576 1174 659 quamvis
1202 596 1266 662 uon
1289 576 1397 638 omnia

99 697 187 762 quae
218 674 260 740 ab
288 674 353 739 illis
386 675 552 760 proposita
580 685 673 738 erant
703 675 892 760 probarent,
925 685 1035 738 tamen
1064 674 1104 739 de
1132 677 1310 741 recentiore
1340 675 1396 740 illo

101 777 295 863 artigrapho
324 798 435 840 omnes
463 776 692 841 consentirent.
747 786 779 840 et
808 777 995 861 prudentior
1023 799 1100 841 sane
1128 778 1208 843 baec
1237 780 1397 843 sententia

101 891 169 959 est,
198 901 298 965 quam
319 878 377 943 illa
398 879 542 964 priorum
564 880 689 963 opinio,
718 880 774 964 qui
796 876 854 941 bos
876 899 950 942 esse
969 880 1127 961 genuinos
1149 881 1269 943 veteris
1292 902 1397 964 gram·

100 982 216 1045 matici
238 981 339 1047 libros
363 981 426 1044 sibi
447 992 686 1065 persuaserant.
731 980 788 1045 sed
809 988 918 1044 tamen
939 981 1021 1045 iilud
1049 981 1088 1045 de
1110 982 1234 1045 iuniore
1257 982 1397 1067 quodam

102 1084 230 1173 Probo,
254 1084 308 1147 cui
330 1083 411 1147 haec
434 1083 542 1148 omnia
564 1105 648 1170 quac
670 1081 712 1146 de
734 1092 802 1146 arte
825 1084 1037 1167 grammatica
1059 1085 1180 1169 scripta
1193 1083 1254 1148 hoc
1269 1086 1396 1148 nomine

103 1185 257 1250 feruutur
277 1185 451 1249 tribuenda
473 1194 596 1264 essent,
619 1207 684 1249 non
706 1187 809 1270 magis
832 1184 911 1249 mihi
934 1185 1064 1251 videtur
1079 1208 1098 1249 a
1114 1187 1249 1249 veritate
1272 1186 1396 1250 abesse.

190 1287 275 1351 Nam
298 1288 411 1374 siquae
433 1289 467 1352 in
495 1287 555 1351 hac
585 1309 619 1351 re
647 1299 794 1352 veterum
821 1289 1106 1371 grammaticorum
1135 1289 1310 1352 auctoritas
1338 1297 1396 1365 est,

107 1390 293 1453 Priscianus
316 1400 417 1469 certe,
440 1412 514 1454 cunr
536 1388 638 1454 multa
660 1411 702 1453 ex
724 1389 907 1471 catholicis,
930 1411 1036 1476 pauca
1058 1390 1155 1453 etium
1178 1411 1218 1453 ex
1240 1390 1397 1453 institutis

107 1493 225 1555 artium
254 1490 419 1576 adscripto
443 1490 543 1556 Probi
570 1493 699 1554 nomine
728 1490 885 1572 adferret,
915 1491 965 1556 his
994 1491 1141 1555 omnibus
1171 1491 1218 1555 ita
1239 1514 1317 1556 usus
1340 1501 1398 1572 est,

105 1604 229 1658 utnon
252 1593 450 1658 discerneret
472 1593 514 1657 ab
537 1595 577 1658 iis
600 1614 684 1679 quae
706 1594 904 1678 antiquiores
932 1602 1080 1658 auctores
1108 1603 1238 1657 secutus
1261 1614 1303 1657 ex
1326 1592 1397 1656 aliis

105 1695 206 1759 Probi
229 1694 336 1775 libris,
360 1696 416 1780 qui
438 1717 523 1759 nunc
545 1717 609 1759 non
633 1704 746 1760 extant
762 1704 793 1758 et
808 1695 941 1781 Berytio
963 1697 1174 1779 grammatico
1196 1694 1399 1759 hauddubie

105 1795 310 1878 tribuuntur,
333 1797 517 1882 adscripsit.
553 1807 585 1861 et
606 1797 766 1862 catholica
788 1796 919 1883 quidem
941 1799 1055 1861 citavit
1076 1797 1126 1861 his
1149 1796 1244 1877 locis,
1267 1798 1324 1881 qui
1346 1796 1399 1860 vel

104 1909 195 1963 certo
217 1898 271 1963 vel
299 1900 378 1963 satis
406 1897 620 1984 probabiliter
642 1901 682 1964 ad
712 1920 766 1963 eos
788 1897 1022 1964 catholicorum
1044 1898 1131 1964 locos
1154 1921 1234 1984 quos
1256 1899 1398 1963 indicari

105 2000 269 2065 referendi
292 2010 383 2082 sunt,
406 2001 471 2065 vol.
494 1999 512 2063 Ι
534 2023 566 2086 p.
591 2009 666 2082 162,
690 2011 709 2070 9
731 2022 821 2079 aeus,
852 2006 933 2065 unde
954 2008 1077 2065 aculeus
1099 2006 1305 2065 diminutivum
1327 2012 1399 2064 teste

105 2108 206 2166 Probo
229 2111 262 2166 et
282 2109 361 2183 259,
386 2112 425 2171 17
453 2108 611 2167 diminutio
637 2115 737 2167 100100
760 2125 780 2166 0
801 2110 969 2167 masculino
988 2109 1023 2178 fit
1044 2109 1167 2166 0001000
1188 2112 1261 2166 10010
1282 2106 1399 2167 Ρ1000.·

106 2213 157 2282 20,
180 2212 232 2272 27.
278 2211 349 2283 218,
372 2211 412 2271 22
435 2209 518 2283 quad
539 2217 640 2269 autern
664 2211 813 2269 Graecum
834 2217 878 2269 001
904 2210 961 2269 000
984 2225 1090 2268 nornen
1114 2203 1245 2289 (cassis)
1269 2210 1400 2268 ostendit

103 2314 197 2369 etiam
219 2311 336 2370 Probas
357 2313 387 2369 in
410 2312 488 2370 lihra
510 2313 626 2385 quiesi
648 2313 686 2370 de
706 2312 865 2371 catholicis
886 2313 1054 2370 nominum:
1082 2312 1136 2386 28,
1160 2313 1211 2375 23.
1257 2313 1334 2386 236,
1360 2313 1398 2375 12

104 2414 254 2487 Publipm
267 2413 439 2488 Puhh'poris
460 2419 489 2472 et
507 2413 668 2489 Marcipor
683 2414 869 2489 Marciporis
884 2414 943 2485 (sic
958 2414 1093 2482 Prahus;
1116 2415 1159 2472 ita
1180 2415 1258 2472 enim
1281 2415 1403 2488 antiqui

99 2531 167 2590 pro
192 2514 290 2574 Publii
304 2531 385 2590 puer
405 2522 435 2573 et
451 2515 556 2574 Marci
569 2533 651 2591 puer
672 2517 836 2590 dicebant),
861 2533 940 2590 quae
961 2533 978 2574 0
1000 2531 1059 2575 000
1077 2516 1305 2590 producuntur
1328 2516 1398 2574 ohti-

105 2618 177 2690 quis
198 2617 329 2688 0001000,
359 2615 453 2676 ‘unus
480 2620 612 2677 constitit
639 2620 671 2677 in
694 2634 772 2692 apro
795 2619 919 2678 Lucano
939 2634 1056 2690 qnarus
1077 2619 1138 2676 toci
1157 2619 1276 2676 nomine
1298 2618 1398 2676 Publi-

100 2721 205 2794 par’:
225 2717 385 2778 Sallustius
406 2722 437 2777 in
461 2714 514 2779 ΙΙΙ
536 2720 732 2780 historiarum
753 2721 811 2780 hoc
827 2721 974 2795 protulit:
999 2723 1052 2795 16,
1078 2724 1128 2785 18.
1171 2722 1248 2795 238,
1272 2725 1291 2783 5
1313 2727 1401 2779 satur

103 2851 149 2862 —-
171 2821 254 2894 quad
279 2837 299 2879 0
328 2821 427 2880 Prohu
449 2824 694 2896 praetermissum
724 2823 892 2882 doctissime
924 2822 1055 2880 attendit
1084 2828 1185 2880 noster
1212 2829 1400 2896 praeceptor

107 2922 313 2982 Theoctistus:
336 2927 385 2998 17,
408 2924 459 2987 18.
489 2927 561 2999 241,
586 2929 604 2989 8
627 2925 676 2983 hic
697 2930 726 2982 et
747 2924 823 2983 haee
844 2930 874 2983 et
895 2924 952 2983 hac
974 2925 1089 2998 inquies
1109 2939 1227 2998 quoque
1248 2926 1397 2999 inquietis,

103 3026 190 3100 quad
210 3026 345 3099 quamvis
371 3026 402 3084 in
431 3027 615 3085 nominativo
636 3042 652 3084 e
673 3032 846 3102 correptam
868 3027 992 3100 000001,
1024 3032 1056 3085 01
1078 3026 1178 3086 10000
1206 3028 1339 3100 uidetur,
1368 3029 1399 3086 in

100 3129 365 3201 0000100101000
387 3129 514 3186 eandem
531 3129 679 3202 producit
699 3130 863 3189 secundum
884 3131 1053 3203 penetiuum
1075 3131 1158 3202 quies
1180 3131 1287 3203 quietis
1309 3131 1397 3203 prin-

101 3229 218 3304 cipalis
239 3233 273 3287 et
293 3232 370 3305 242,
399 3232 439 3292 20
468 3246 538 3288 nam
560 3232 690 3304 inquies,
722 3233 809 3291 00100
835 3238 1002 3290 extremum
1032 3231 1152 3304 corripi
1177 3230 1250 3289 dicit
1272 3231 1398 3303 Probus,

102 3332 249 3405 inquietis
270 3331 459 3391 declinatur:
482 3336 537 3406 18,
562 3335 611 3396 16.
656 3335 734 3407 242,
760 3339 773 3397 1
801 3332 916 3392 Prohus
936 3339 1037 3391 tamen
1059 3334 1139 3391 inter
1159 3339 1303 3406 correpta
1324 3332 1400 3391 haec

104 3433 142 3511 (a
165 3426 250 3513 pede
272 3429 454 3514 conposita)
473 3436 577 3509 ponit:
608 3436 658 3510 26,
684 3439 733 3499 15.
777 3437 849 3509 249,
874 3434 1072 3509 1900111010,
1097 3440 1129 3493 ut
1152 3434 1400 3508 Ρ10000,00000

100 3520 244 3611 puberis,
268 3536 390 3609 quidam
411 3535 509 3610 puber
520 3536 660 3610 puberis:
684 3540 732 3611 19,
756 3539 808 3600 32.
839 3540 910 3611 250,
935 3543 973 3602 17
997 3537 1113 3596 Probus
1128 3543 1270 3595 00100101
1286 3536 1400 3594 Caesar

102 3637 166 3696 hoc
182 3637 286 3711 pollen
304 3638 430 3711 pollinis
451 3638 697 3697 declinaverunt:
720 3642 755 3713 9,
781 3645 830 3701 11.
875 3641 952 3712 257,
977 3642 1016 3702 10
1038 3645 1150 3697 mustus
1172 3654 1290 3712 quoque
1311 3639 1403 3696 musti

103 3739 224 3812 excipit
246 3738 380 3798 Probus:
405 3742 455 3814 30,
478 3741 508 3804 8.
553 3743 629 3815 310,
653 3742 693 3803 22
716 3739 766 3799 hic
787 3747 817 3799 01
838 3740 914 3800 0000
935 3747 965 3799 et
985 3741 1041 3799 000
1064 3743 1178 3812 insons,
1203 3740 1285 3814 quod
1304 3741 1400 3799 sotum

103 3845 182 3898 teste
203 3840 304 3900 Probo
325 3857 343 3900 0
365 3848 436 3900 0010
456 3859 492 3901 ns
512 3841 604 3901 hahet
630 3849 817 3917 correptam,
852 3848 882 3901 et
908 3844 971 3902 eius
991 3844 1119 3918 simplex
1141 3844 1340 3901 constantis:
1368 3843 1397 3916 6,

107 3944 148 4006 12
165 3949 199 4003 et
211 3947 262 4019 28,
286 3947 336 4008 26·
376 3947 447 4019 320,
470 3948 511 4007 24
533 3944 635 4004 scrobs
655 3944 744 4004 huius
764 3945 896 4004 scrobis:
918 3947 961 4004 sic
974 3947 1044 4017 ulii,
1068 3946 1122 4003 sed
1135 3945 1252 4004 Probus
1263 3945 1398 4003 namina-

104 4048 200 4105 tirum
218 4047 347 4121 protulit
368 4047 493 4106 similem
512 4048 667 4120 0000110οε
695 4048 776 4121 quod
797 4047 926 4106 Plautus
953 4038 1119 4106 masculino
1144 4061 1256 4120 periere
1272 4043 1399 4120 profert

105 4149 138 4206 in
162 4148 372 4222 Amphitrione
394 4148 450 4207 ‘ihi
468 4150 588 4208 scrobes
610 4150 737 4224 effodite
758 4156 792 4208 tu
810 4150 1070 4223 0100000000000
1096 4151 1126 4207 in
1158 4150 1250 4207 dies’:
1282 4149 1339 4222 20,
1369 4149 1397 4211 3.

106 4253 181 4325 469,
206 4254 244 4315 13
268 4267 347 4309 aeuo
368 4265 486 4324 quaque
506 4267 603 4310 00000
625 4252 671 4310 uel
692 4252 793 4323 nexis,
819 4258 851 4310 ut
873 4251 972 4310 Probo
987 4251 1106 4325 piacet,
1130 4253 1241 4310 nexui:
1269 4253 1309 4316 39
1315 4293 1324 4326 ,
1348 4252 1399 4313 26.
1469 4295 1471 4298 >

107 4356 186 4427 485,
218 4356 256 4417 19
284 4360 386 4425 101000
413 4354 500 4425 tersi,
530 4353 613 4427 quod
639 4353 757 4411 Probus
783 4359 813 4410 et
835 4352 989 4413 Charisius
1016 4360 1045 4412 01
1067 4352 1167 4413 Celsus
1193 4359 1222 4411 et
1244 4351 1401 4411 Diomedes

105 4454 311 4528 comprobant:
334 4455 384 4529 34,
408 4458 463 4532 173
487 4457 537 4529 38,
559 4456 611 4518 21.
657 4459 727 4531 491,
753 4457 791 4519 13
812 4454 918 4513 001000
940 4456 986 4514 uei
1007 4458 1096 4514 etiam
1118 4455 1223 4530 sorba,
1246 4462 1279 4513 ut
1301 4453 1400 4512 Proba

102 4557 226 4630 piacet,
249 4558 351 4630 serpsi
371 4557 416 4615 vei
437 4557 556 4615 sordui:
585 4558 639 4631 38,
662 4559 692 4620 6·
737 4560 815 4631 503,
841 4559 879 4621 16
902 4572 973 4614 nam
995 4573 1097 4630 unqua
1120 4557 1211 4616 Nisus
1232 4556 1349 4630 quidem
1372 4563 1401 4613 et

107 4659 296 4734 Papirianus
317 4665 346 4717 et
367 4658 483 4717 100000
505 4664 567 4716 100
588 4660 686 4730 unque·
705 4674 796 4732 quam
818 4661 896 4717 0001
922 4659 1026 4718 dicunt
1048 4658 1159 4731 facere
1182 4659 1400 4733 praeteritum:

106 4765 164 4836 37,
189 4765 240 4824 15.
284 4763 362 4835 535,
388 4766 426 4824 14
449 4776 561 4834 quaeso
582 4761 702 4835 quaesi,
732 4761 849 4819 Prohus
871 4766 969 4819 tamen
992 4762 1128 4834 quaesivi
1148 4761 1240 4819 dicit:
1268 4761 1323 4835 39,
1349 4761 1398 4822 19.

104 4882 147 4921 cx
172 4858 330 4921 institutis
353 4866 462 4921 autem
484 4857 564 4922 baec
592 4860 694 4943 petita
716 4867 806 4938 sunt,
836 4857 899 4920 vol.
924 4857 940 4921 Ι
963 4880 995 4944 p.
1020 4867 1076 4939 31,
1102 4868 1116 4924 1
1142 4881 1162 4921 n
1184 4863 1296 4920 transit
1317 4862 1347 4918 in
1370 4875 1399 4920 m

158 4966 309 5008 cassant.
323 4966 385 5009 tur.
401 4965 446 5010 00.
1177 4961 1197 5024 b
