3314 5506
487 406 694 469 exectum.
718 408 756 470 lN
780 407 957 469 nonttvn
979 408 1050 470 LlB.
1074 409 1086 469 l
1371 416 1432 478 527

195 511 212 555 t.
227 513 260 554 st.
274 513 313 555 st·
326 513 374 556 eoa.
390 512 440 556 rav.
1212 529 1234 568 ρ.
1249 517 1339 558 aaa-as
1354 516 1381 559 ν.

297 593 436 655 creber
458 602 618 673 utraque
641 612 745 655 manu
766 594 887 673 pulsat
909 603 1106 674 versatque
1130 595 1280 666 llareta,

149 694 458 775 'Dodonaeosque
479 694 653 765 lebetas',
676 695 781 757 llareta
805 705 834 755 et
862 694 973 756 le'betas
997 695 1001 775 l
1024 714 1078 776 per
1100 715 1132 756 se
1154 696 1254 775 legere
1282 696 1431 764 debemus,

149 798 277 878 quamvis
304 796 461 877 utrobique
489 805 594 858 natura
629 795 715 875 longa
748 798 786 857 sit
817 796 1011 876 paenultima;
1045 797 1097 858 sed
1126 800 1194 877 quia
1223 798 1333 859 Graeca
1364 806 1435 859 sunt

149 916 302 977 germana,
331 898 502 960 Latinorum
531 906 705 959 accentuum
733 896 798 976 lege
826 916 858 958 se
890 897 1026 960 liberant.
1072 901 1237 959 communia
1269 918 1337 960 vero
1365 909 1433 961 sunt

149 1018 220 1080 puae
242 1000 279 1061 ab
301 999 443 1062 alterutro
465 1010 529 1062 orta
552 1018 691 1061 sermone
712 1001 742 1059 in
764 999 884 1061 alterius
899 1000 1126 1061 declinationem
1143 1001 1320 1070 concedunt,
1344 1001 1458 1082 idquet

149 1103 173 1163 tt
204 1101 301 1162 modis
328 1101 452 1164 duobos.
498 1121 565 1162 nam
592 1110 641 1163 aut
669 1101 771 1162 Latina
800 1100 985 1164 declinantur
1013 1104 1042 1162 in
1072 1104 1200 1173 Graeca,
1228 1112 1260 1163 nt
1282 1104 1433 1183 Scipiadas

148 1203 349 1273 demmiades,
381 1213 431 1264 aut
458 1205 570 1266 Graeca
593 1203 629 1263 de
652 1205 745 1282 stirpe
765 1221 818 1265 sua
840 1206 1021 1283 degenerant
1043 1216 1073 1267 et
1106 1206 1209 1265 Latine
1239 1204 1433 1278 declinantur,

149 1313 174 1366 rt
205 1306 323 1365 ‘aeris
353 1307 390 1365 in
418 1307 557 1385 campis
584 1304 689 1365 latis'
719 1315 749 1366 et
772 1304 997 1366 ‘Euandrum
1021 1309 1208 1385 petimus'.

229 1406 341 1477 Latina,
364 1425 440 1486 quae
462 1407 591 1469 Graecae
614 1404 819 1468 declinationis
846 1406 976 1468 colorem
1006 1408 1167 1479 duxerunt,
1191 1409 1336 1469 Graecum
1359 1427 1431 1489 quo-

148 1527 202 1590 que
230 1510 361 1570 retinent
388 1518 551 1569 accentum.
597 1525 688 1587 quare
716 1517 749 1568 ot
775 1506 920 1570 Miltiades
946 1508 1147 1589 Asclepiades,
1176 1513 1215 1571 ita
1238 1509 1380 1571 Laciades
1402 1520 1432 1572 et
1446 1527 1470 1569 ιο

148 1609 337 1672 llemmiades
352 1610 504 1689 Scipiades
519 1618 604 1670 acuta
620 1611 751 1689 quamvis
766 1608 851 1670 brevi
872 1610 1051 1689 paenultima
1074 1613 1275 1691 proteruntur.
1306 1620 1336 1672 at
1357 1630 1432 1690 quae

148 1712 275 1773 radicem
309 1711 420 1773 ducunt
449 1731 465 1772 a
494 1711 615 1771 Graecia
644 1720 673 1771 ei
700 1711 769 1788 iugo
797 1711 968 1773 Latinarum
998 1712 1227 1775 declinationum
1261 1713 1432 1783 succedunt,

148 1813 281 1875 bilariam
304 1812 429 1874 deducta
452 1812 603 1889 ambiguas
625 1821 761 1872 tonorum
787 1814 845 1874 vias
867 1823 1016 1874 secuntur.
1057 1824 1142 1894 alque
1165 1817 1231 1876 ideo
1254 1815 1382 1878 aetheris
1404 1825 1434 1877 et

148 1917 237 1985 aeris.
266 1917 333 1996 quia
361 1916 476 1994 origine
498 1915 609 1975 Graeca
638 1923 719 1985 sont,
749 1915 878 1976 Graecae
900 1933 1017 1994 quoque
1038 1917 1194 1995 prosodiae
1216 1916 1342 1976 iormam
1365 1925 1432 1996 apte

148 2019 306 2097 recipiunt,
335 2025 367 2077 ut
397 2016 475 2078 airis
502 2017 630 2077 acthe'ris
658 2019 700 2077 sic
728 2017 864 2077 dicantur
892 2016 993 2078 Latine
1020 2017 1199 2097 paenultima
1227 2029 1325 2096 acuto,
1348 2021 1469 2098 quasin

148 2119 258 2182 Graece
281 2108 379 2200 ἀέρος
400 2113 550 2199 uidebo&
573 2120 641 2198 quia
663 2127 759 2180 autem
775 2116 970 2178 declinatione
992 2119 1067 2179 lacta
1090 2128 1160 2179 suut
1181 2119 1299 2189 Latina,
1322 2122 1431 2199 inpone

147 2222 202 2282 rita
226 2229 329 2281 nostro
351 2222 380 2281 in
404 2222 499 2300 prima
521 2219 632 2300 syllaba
655 2227 813 2288 acuuntur,
843 2221 912 2299 quia
933 2218 1031 2280 brevis
1053 2229 1098 2280 est
1119 2219 1312 2299 paenultima,
1341 2224 1432 2283 nisit

147 2323 223 2384 ieris
250 2322 394 2390 aetheris,
428 2323 511 2400 quasi
544 2322 657 2382 anseris
690 2321 805 2382 asseris.
849 2319 984 2382 similiter
1016 2321 1174 2382 Simoentis
1204 2323 1432 2384 Thermodontis

147 2433 381 2505 proparoaytana
410 2432 493 2492 sunt,
523 2425 548 2484 si
575 2423 612 2484 ad
641 2425 769 2485 Graecos
797 2424 953 2502 respicias,
980 2425 1031 2502 qui
1052 2424 1095 2483 sic
1117 2424 1228 2484 iaciunt
1251 2420 1433 2503 Σιμόεντος

147 2519 401 2606 Θερμώδοντος;
430 2534 609 2604 paroaytona
637 2533 751 2595 autern,
779 2526 804 2585 si
833 2524 869 2585 ad
898 2533 1029 2586 nostram
1053 2525 1170 2603 redigas
1192 2526 1338 2605 regulam:
1373 2546 1469 2606 quun

147 2628 233 2690 modo
266 2626 391 2688 dicimus
421 2627 561 2706 sapientis
594 2626 742 2698 audentis,
776 2629 819 2689 sic
854 2627 1015 2689 Simoentis
1046 2627 1284 2688 Thermodontis.
1330 2628 1429 2690 eadem

147 2732 260 2792 ratione
275 2728 445 2791 Euandrum
461 2729 628 2808 tyrannum,
644 2730 727 2808 quasi
742 2729 900 2790 amandum
921 2729 1113 2799 Britannum,
1136 2728 1314 2807 paenultima
1336 2739 1429 2802 acuta,

147 2834 212 2914 qnia
243 2833 389 2912 positione
422 2829 511 2908 longa
544 2840 602 2900 est,
636 2831 828 2910 proterimus,
849 2829 853 2912 Ι
873 2831 1008 2893 Latinum
1042 2833 1135 2892 secuti
1157 2841 1356 2910 praeceptum.
1401 2841 1431 2893 et

147 2953 248 2997 rursus
270 2935 301 2994 in
323 2932 418 2994 isdem
443 2931 610 2994 nominibus
632 2935 746 2994 tertiam
762 2932 798 2993 ab
820 2931 921 2994 ultima
944 2951 1050 2994 acuere
1072 2932 1231 2995 absurdum
1254 2951 1313 2993 non
1336 2940 1380 2994 est
1402 2943 1432 2994 et

147 3040 183 3099 ita
206 3036 376 3104 enuntiare,
399 3033 572 3095 Etiandrum
594 3030 760 3112 tyrannum,
784 3030 798 3116 ΙΙ
813 3042 844 3094 ut
864 3034 969 3095 Graeci
991 3026 1171 3114 Εὔανδρον
1192 3027 1363 3113 τύραννον
1382 3035 1427 3097 di·
1441 3056 1467 3099 aa

146 3148 223 3202 cunt.
245 3156 265 3192 a
294 3138 413 3199 nomina
435 3135 575 3198 utrolibet
596 3143 700 3196 tenore
722 3137 857 3214 prolerre
880 3134 1003 3216 [iudicio
1023 3154 1097 3215 opus
1120 3143 1177 3205 est,
1200 3153 1259 3216 quo
1281 3136 1310 3196 id
1332 3139 1430 3216 potius

229 3345 241 3394 1
262 3339 358 3406 creber]
382 3342 459 3405 Verp.
481 3340 545 3392 Aen.
565 3340 587 3387 V
608 3337 659 3389 460
746 3340 762 3388 2
783 3339 978 3402 dodonaeosque
997 3339 1177 3403 (dodoneoqne
1195 3340 1229 3402 0)
1247 3341 1343 3390 leuetas
1364 3340 1429 3394 LO:

147 3415 226 3478 Verp.
242 3413 310 3465 Aen.
331 3412 431 3462 111466
489 3410 585 3459 leuetas
600 3424 659 3476 pars
675 3410 776 3475 elegere
791 3408 913 3459 debemus
931 3425 977 3474 par
996 3420 1034 3458 est
1048 3411 1165 3474 quamuis
1184 3409 1229 3459 Lo
1248 3410 1343 3459 lebetas
1360 3427 1429 3474 xpo·

146 3473 343 3546 μαροξντόνως
362 3480 446 3546 legere
469 3476 613 3548 [debemus]
631 3494 677 3544 par
694 3487 740 3536 est,
760 3481 876 3540 quamvis
894 3497 925 3530 a:
952 3480 986 3542 es.
1008 3481 1134 3531 moon.
1153 3495 1180 3542 p,
1199 3478 1249 3529 961
1269 3481 1367 3528 acuitur
1384 3496 1429 3546 per

146 3568 181 3614 te,
200 3550 349 3601 intentione
368 3565 427 3599 vero
445 3559 575 3615 gravatur,
593 3551 652 3603 ibid.
665 3566 692 3614 p.
715 3549 783 3599 1228
799 3563 845 3614 per
861 3564 890 3599 se
908 3559 991 3610 acano,
1011 3550 1036 3599 iu
1055 3564 1130 3599 versu
1145 3564 1206 3598 vero
1224 3551 1305 3615 gravi,
1326 3549 1426 3612 Quintil.

146 3623 192 3680 lb,
210 3619 245 3670 28
259 3621 342 3669 evenit
360 3631 387 3670 ut
406 3621 478 3668 metri
497 3634 596 3683 quoqne
611 3618 726 3669 condicio
745 3626 823 3667 mutet
840 3628 970 3668 accentum
1057 3617 1073 3669 6
1092 3620 1226 3682 utrubique
1247 3619 1270 3667 L
1290 3619 1428 3683 utroqueO

212 3691 367 3755 agerniaco
380 3707 395 3738 ο
413 3689 543 3756 germania
563 3687 584 3738 O
601 3688 742 3756 gemtlnuie
756 3702 825 3740 con.
842 3691 972 3754 gemente
986 3690 1011 3738 L
1059 3698 1190 3740 accentum
1211 3690 1267 3756 lege
1286 3705 1314 3739 se
1328 3690 1427 3755 (legere

146 3759 177 3823 O)
192 3761 277 3810 iurant
296 3757 342 3808 LO
360 3771 508 3810 accentuum
528 3759 599 3825 leges
615 3760 741 3808 eiurante
809 3758 898 3808 berta
913 3761 922 3809 l
939 3768 993 3826 orto
1012 3757 1057 3807 LO
1127 3759 1320 3809 declinationem
1338 3774 1426 3810 conee-

146 3832 206 3882 dunt
222 3831 326 3879 condecit
339 3831 420 3880 editor
442 3829 642 3880 Vindoboaenais
661 3829 827 3878 declinatione
850 3829 990 3879 concedunt
1009 3826 1055 3877 LO
1140 3828 1231 3879 duam
1251 3827 1316 3878 utO
1401 3837 1429 3879 ut

146 3914 264 3969 graecae
333 3900 461 3964 scipiadas
478 3898 508 3947 10
527 3899 757 3965 scipiadeshtcs.
782 3899 859 3964 Verp.
876 3914 963 3965 peorp.
984 3900 1005 3948 ll
1027 3898 1076 3949 170
1095 3897 1160 3948 Aen.
1179 3897 1281 3949 vasta
1351 3900 1428 3949 iue-

146 3967 315 4022 mimiadestl
385 3970 540 4037 degenerant
559 3985 573 4018 ο
591 3977 714 4035 generant
730 3966 775 4016 LO
844 3967 961 4035 Baetis]
987 3970 1065 4034 Vei-9.
1084 3970 1150 4019 Aen.
1171 3969 1204 4017 Vl
1223 3967 1273 4018 887
1344 3967 1428 4018 Euan·

146 4036 227 4107 iram]
254 4040 486 4102 Venerantur
509 4036 557 4089 119
625 4037 788 4102 blattasque
807 4053 883 4105 greca
901 4038 946 4088 Lo
1018 4039 1050 4092 to
1069 4038 1204 4088 militiades
1222 4037 1376 4102 asclipiades
1393 4039 1428 4086 ita

145 4108 285 4160 lucidiades
303 4118 327 4157 et
345 4107 510 4159 memmiades
526 4109 548 4157 L
564 4107 691 4158 miltiades
706 4109 857 4173 asclipiades
875 4109 910 4158 ita
927 4109 1035 4159 lntiades
1053 4119 1077 4159 et
1092 4108 1240 4158 menniades
1257 4106 1278 4157 O
1331 4109 1364 4158 ta
1381 4107 1428 4157 du-

146 4188 203 4230 :ant
221 4190 355 4246 graecam
374 4177 502 4246 ingumO
574 4177 704 4227 latinarum
723 4196 737 4228 ο
756 4179 890 4228 latinorum
910 4176 955 4227 LO
1043 4179 1076 4229 ta
1095 4178 1185 4228 biiarla
1205 4178 1315 4241 (binaria
1331 4176 1368 4239 L)
1383 4177 1427 4227 de-

145 4251 218 4301 lncta
232 4248 354 4314 ambigua
372 4260 487 4302 tonorum
505 4248 562 4299 uias
581 4247 637 4313 (uia
656 4249 690 4310 L)
712 4258 831 4298 secuntur
849 4246 898 4298 LO
968 4258 1043 4313 atque
1061 4247 1109 4297 deo
1128 4247 1149 4297 0
1220 4249 1253 4299 15
1273 4247 1428 4315 penultimae

145 4319 216 4386 quasi
234 4333 325 4384 graece
343 4335 402 4369 aero
417 4319 491 4384 (aera
507 4333 574 4368 corr.
595 4331 653 4367 aero
670 4315 708 4381 L)
727 4317 852 4372 aetheros.
876 4330 980 4368 atrnroc
998 4313 1117 4383 (cataroe
1137 4316 1172 4382 O)
1193 4333 1258 4381 quae
1282 4327 1366 4368 autem
1381 4314 1428 4366 LO

213 4387 246 4440 16
268 4390 328 4452 quia
346 4399 430 4439 anatem
448 4407 462 4440 ο
517 4388 547 4438 18
560 4384 665 4450 asseris]
687 4387 794 4437 ausieris
812 4385 833 4436 O
903 4387 1032 4438 simeontis
1050 4388 1214 4438 termodentis
1230 4388 1427 4453 proparcxitano

145 4466 202 4510 sunt
217 4458 440 4524 (proparoxttanos
458 4456 491 4522 0)
508 4459 530 4507 si
550 4455 613 4507 LO:
631 4457 665 4520 cf.
682 4457 753 4509 Serv.
773 4459 798 4508 in
821 4457 900 4522 γιον,
918 4457 984 4507 Aen.
1006 4459 1014 4506 l
1033 4456 1085 4506 tuo
1172 4456 1204 4507 19
1222 4460 1360 4507 simoentoa
1378 4468 1427 4507 ter·

145 4529 443 4594 modentoaparoxitcnn
463 4525 511 4577 LO
593 4524 799 4595 ecquomodo]
821 4541 895 4591 qaam
915 4525 962 4576 LO
983 4528 1132 4591 quoniame
1212 4528 1243 4576 at
1261 4527 1426 4577 termodoutis

145 4597 190 4651 LO
276 4595 668 4649 22brittannum0brittanum
687 4595 873 4647 lbrittannsL
936 4595 994 4660 ,96
1012 4596 1186 4660 quinquae
1204 4593 1251 4645 LO
1336 4597 1427 4647 ibam

145 4669 228 4737 graeci
250 4668 362 4718 euandra
385 4684 435 4718 non
457 4667 588 4718 dinomina
606 4665 723 4714 utrolibet
741 4666 900 4731 (utrumlibet
917 4665 952 4729 0)
968 4675 1055 4716 tenore
1066 4666 1175 4731 tienore
1195 4667 1231 4728 b)
1248 4665 1362 4732 prolerre
1380 4664 1427 4714 LO

145 4749 167 4790 nt
182 4738 273 4789 Graeci
284 4728 446 4801 Εὔανδρον.
467 4751 516 4787 οοο
526 4739 583 4786 dico
598 4737 698 4785 aomina
708 4737 826 4786 utrolibet
836 4745 924 4787 tenore
942 4735 1052 4802 proferri
1067 4753 1090 4791 ο.
1111 4741 1210 4796 lacuna,
1223 4752 1296 4801 quern
1306 4735 1426 4795 indicavi,

145 4812 190 4860 aiei
205 4812 285 4872 plia-a
302 4809 469 4870 occideritne,
487 4809 524 4857 ita
539 4808 597 4870 sere
612 4809 749 4855 orationem
774 4807 891 4871 supplere
907 4809 1009 4870 poesie,
1035 4805 1099 4857 haec
1116 4809 1183 4857 enim
1202 4807 1286 4856 omnia
1309 4805 1428 4857 utrolibet

145 4893 229 4930 ‚cuore
248 4875 363 4944 prolerre
382 4892 527 4943 possumus,
547 4876 693 4926 dammodo.
