3314 5506
170 390 189 448 4
488 426 490 431 -
755 385 868 447 ruunt

221 516 242 556 p.
257 503 388 545 1111111».
1260 512 1282 551 p.
1299 498 1367 540 roae
1381 497 1405 539 1.

170 592 327 652 generum,
355 574 508 634 masculini
536 583 565 634 et
593 574 740 642 leuvinini,
771 572 818 632 bic
847 580 876 633 et
900 572 970 632 haec
997 572 1059 632 dies
1087 571 1173 631 burins
1200 571 1267 632 diei.
1312 579 1461 658 cautem,

169 694 245 755 quae
266 684 332 736 ante
356 677 363 736 i
385 683 428 735 est
450 677 477 735 in
502 675 651 753 genetivo,
680 682 709 735 et
727 674 901 753 producitur
924 681 952 734 et
976 674 1148 752 corripitur:
1179 683 1250 732 tuuc
1272 671 1457 749 producitur,

169 796 236 838 cum
260 779 453 838 nominativus
480 777 635 855 singularis
658 795 689 837 es
711 794 785 854 pura
804 776 946 854 producta
973 775 1081 855 syllaba
1109 775 1300 844 terminatur,
1327 780 1360 833 nt
1377 773 1457 832 haec

168 882 260 941 series
281 880 368 940 lmius
388 881 489 949 seriei;
514 889 583 939 tunc
607 879 778 958 corripitur,
802 897 868 938 cum
892 896 923 937 es
947 876 1055 957 syllaba
1080 877 1168 937 habet
1190 885 1256 936 ante
1278 895 1310 936 se
1330 875 1457 954 aliquant

143 992 377 1043 sconsonantenr
399 984 510 1060 pariter
532 980 705 1059 copulatam,
729 988 760 1041 ut
781 980 853 1040 fides
875 979 953 1048 fidei,
975 997 1024 1039 res
1046 981 1099 1047 rei,
1122 997 1190 1057 spes
1211 981 1284 1057 spei.

254 1085 350 1145 Prima
373 1082 528 1144 declinatio
553 1083 680 1143 dativum
703 1081 882 1159 singularem
911 1080 1032 1142 similem
1058 1083 1190 1160 genetivo
1220 1081 1306 1141 iaciat
1336 1097 1458 1139 necesse

169 1193 214 1247 est
235 1203 270 1246 ae
291 1185 473 1264 diphthongo
493 1186 691 1256 terminatum,
713 1184 784 1245 huic
804 1191 918 1263 poetae,
938 1185 1134 1245 accusativum
1157 1202 1214 1257 am,
1233 1183 1312 1243 iruuc
1330 1190 1457 1260 poetam,

167 1289 329 1348 vocativum
350 1307 376 1361 a,
391 1306 417 1350 ,o
436 1294 531 1365 poeta,
554 1285 710 1347 ablativum
729 1305 754 1357 a,
777 1285 814 1345 ab
832 1285 888 1346 hoc
908 1293 1003 1364 poeta,
1024 1287 1232 1345 nominativum
1252 1293 1280 1344 et
1295 1284 1456 1343 vocativum

167 1388 310 1467 pluralem
341 1407 375 1448 ae
398 1389 594 1467 diphthongo,
621 1388 651 1448 hi
676 1407 694 1447 o
717 1395 835 1466 poetae,
864 1389 1028 1464 genetivum
1050 1407 1132 1460 rum,
1162 1387 1267 1447 borum
1292 1393 1456 1465 poetarum.

130 1491 294 1552 rodaticum
315 1498 345 1551 et
361 1489 518 1551 ablativum
540 1495 579 1564 is,
603 1491 648 1550 his
671 1497 699 1550 et
722 1489 758 1550 ab
779 1489 825 1549 his
847 1490 954 1567 poetis,
978 1491 1173 1550 accusativum
1196 1507 1246 1559 os,
1270 1487 1325 1547 hos
1345 1493 1456 1564 poetas.

167 1592 295 1653 mcunda
323 1591 478 1653 declinatio
506 1592 633 1653 dativum
662 1600 692 1652 et
717 1590 874 1651 ablativum
902 1591 1080 1668 singularem
1109 1610 1127 1650 o
1155 1591 1349 1651 terminatio
1377 1589 1456 1647 omni

168 1711 291 1771 genere,
319 1693 387 1754 huic
410 1701 439 1754 et
461 1693 496 1753 ah
520 1693 577 1754 hoc
600 1695 810 1772 grammatico,
837 1693 906 1753 huic
928 1700 957 1754 et
978 1692 1015 1753 ab
1038 1693 1094 1753 ltac
1118 1693 1245 1761 fraxino,
1276 1691 1345 1753 huic
1368 1698 1397 1749 et
1419 1689 1456 1749 ab

168 1796 224 1856 boc
252 1813 359 1874 regno;
395 1797 593 1856 accusativum
622 1814 689 1865 nm,
720 1795 801 1855 bunc
828 1797 1069 1873 grammaticum,
1101 1793 1175 1853 hanc
1204 1794 1366 1861 fraxinum,
1400 1792 1457 1851 boc

168 1914 308 1974 regnum;
347 1899 511 1958 vocativum
540 1899 657 1976 generis
691 1897 808 1974 quidem
837 1896 988 1957 masculini
1017 1904 1067 1957 aut
1090 1915 1107 1956 e
1130 1906 1266 1973 correpta
1295 1903 1345 1955 aut
1371 1895 1395 1961 i,
1424 1901 1457 1953 ut

129 2016 186 2061 rso
204 2017 326 2078 magne,
351 2020 369 2060 o
392 1999 507 2059 Salusti.
550 2001 681 2060 invenies
704 2000 862 2077 antiquitus
885 2006 913 2058 et
934 2017 970 2059 us
996 1997 1104 2077 syllaba
1131 2000 1319 2057 terminatum
1349 1997 1456 2056 vocati·

111 2139 113 2143 -
168 2119 234 2163 vum
259 2097 456 2184 sinllgularem
477 2102 624 2162 secundae
647 2101 857 2168 declinationis,
883 2107 917 2159 ut
938 2099 1081 2176 Vergilius

370 2205 542 2280 corniger
564 2202 803 2281 Hesperidum
826 2200 960 2261 fluvius

167 2322 222 2383 pro
254 2303 350 2365 hurle.
402 2304 533 2366 seminini
566 2306 683 2382 generis
712 2304 858 2366 secundae
891 2302 1093 2364 declinationis
1127 2304 1272 2363 vocativus
1300 2301 1457 2380 singularis

166 2424 283 2484 semper
308 2424 324 2467 e
352 2413 490 2484 correpto
515 2407 703 2484 terminatur,
735 2398 770 2467 ut
800 2406 965 2474 escariae,
999 2407 1094 2466 neutri
1124 2424 1187 2473 um,
1219 2411 1251 2464 ut
1279 2422 1455 2481 oregnum.

128 2527 154 2567 ao
168 2509 378 2568 nominativum
399 2515 429 2568 et
443 2509 604 2568 vocativum
625 2507 769 2586 pluralem
787 2510 905 2584 generis
927 2506 1078 2568 masculini
1101 2514 1130 2567 et
1150 2507 1280 2568 lerninini
1295 2509 1305 2566 i
1322 2507 1391 2566 iacit
1410 2525 1456 2567 se·

167 2608 262 2670 cunda
279 2608 443 2680 declinatio,
462 2609 536 2670 hiet
554 2628 572 2668 o
589 2610 727 2688 magistri,
743 2612 801 2671 bae
815 2619 874 2672 eto
894 2612 1008 2684 fraxini,
1030 2611 1126 2670 neutri
1142 2627 1167 2682 a,
1187 2609 1259 2670 haec
1273 2615 1302 2668 et
1315 2627 1333 2667 o
1348 2626 1455 2685 regna;

166 2712 385 2788 genetivumin
404 2713 484 2771 omni
506 2728 615 2790 genere
636 2730 719 2782 rum,
742 2712 848 2774 harum
874 2714 1072 2780 lraxinornm;
1098 2711 1224 2772 dativum
1247 2718 1276 2771 et
1297 2709 1454 2770 ablativum

167 2815 241 2874 isin
267 2815 345 2874 omui
373 2832 498 2891 genere,
527 2814 572 2874 bis
600 2821 629 2874 et
657 2812 694 2874 ab
717 2813 762 2875 bis
787 2816 934 2892 magistris
961 2815 1083 2874 fraxinis
1110 2814 1224 2890 regnis:
1258 2814 1454 2874 accusativum

168 2917 284 2992 generis
295 2914 459 2981 ,masculini
482 2924 510 2977 et
530 2917 659 2977 leminini
681 2935 724 2985 os,
744 2916 799 2978 hos
822 2918 1028 2995 grammaticos
1049 2918 1194 2984 fraxinos,
1217 2918 1314 2976 neutri
1337 2935 1407 2993 vero
1427 2935 1454 2989 a,

128 3035 153 3076 u
167 3016 240 3078 baec
260 3036 361 3095 regna.
406 3019 507 3079 tertiae
527 3017 727 3078 declinationis
754 3018 868 3078 dativus
890 3017 1045 3094 singularis
1070 3020 1099 3078 in
1123 3019 1201 3077 omni
1225 3035 1334 3096 genere
1357 3021 1365 3079 i
1390 3020 1454 3078 tini-

166 3125 224 3187 tur,
247 3119 316 3179 huic
337 3119 497 3188 sacerdoti,
520 3119 588 3179 huic
610 3120 748 3187 carmini;
772 3121 953 3180 accusativus
971 3121 1088 3197 generis
1110 3120 1228 3198 quidem
1250 3118 1403 3180 masculini
1426 3129 1456 3180 et

165 3221 297 3282 feminini
317 3239 374 3290 em,
398 3221 477 3281 lrunc
501 3229 529 3282 et
550 3221 625 3281 hanc
647 3222 841 3291 sacerdotem,
863 3221 967 3304 neultri
989 3240 1059 3281 vero
1079 3220 1179 3281 similis
1202 3223 1258 3281 erit
1276 3224 1453 3282 nominativo

166 3329 195 3380 et
216 3324 362 3393 vocativo,
383 3323 440 3383 hoc
463 3342 592 3384 carmen.
637 3324 783 3384 vocativus
804 3325 921 3402 generis
947 3326 1042 3384 omnis
1064 3323 1165 3384 similis
1186 3325 1242 3384 erit
1265 3325 1453 3391 nominativo,

166 3442 184 3482 o
207 3425 354 3491 sacerdos,
376 3445 393 3485 o
416 3405 545 3486 carmen.
589 3425 731 3487 ablativus
754 3427 782 3486 iu
806 3443 915 3504 genere
937 3426 1099 3487 masculino
1128 3425 1172 3486 vel
1200 3425 1340 3486 feminino
1368 3435 1453 3487 aute

127 3543 153 3584 ao
167 3534 301 3606 correpta
324 3527 543 3598 terminabitur,
567 3534 599 3587 nt
619 3528 656 3588 ab
679 3528 735 3589 hoc
754 3538 783 3591 et
803 3529 839 3590 ab
861 3527 917 3595 lrac
934 3528 1095 3599 sacerdote,
1122 3535 1172 3587 aut
1189 3529 1207 3595 i,
1231 3536 1264 3588 ut
1285 3526 1322 3588 ab
1346 3526 1403 3587 hoc
1424 3536 1454 3588 ct

166 3627 202 3688 ab
225 3627 281 3689 hac
300 3628 382 3706 agili:
407 3630 435 3689 in
457 3646 566 3705 genere
589 3637 694 3690 neutro
715 3648 831 3709 semper
854 3651 871 3691 e
892 3639 1045 3710 correpto,
1069 3638 1101 3690 ut
1122 3629 1159 3690 ab
1180 3629 1236 3689 hoc
1257 3630 1396 3696 carmine,
1416 3630 1452 3689 ab

68 3740 72 3751 ·
166 3730 222 3789 hoc
242 3747 338 3789 suave.
383 3731 591 3791 nominativum
610 3733 808 3792 accusativum
830 3739 859 3792 et
877 3735 1035 3792 vocativum
1055 3731 1183 3809 plurales
1203 3732 1320 3809 generis
1337 3749 1452 3792 mascu-

165 3829 215 3890 lini
238 3838 267 3889 ct
288 3829 417 3892 seminini
436 3850 468 3891 es
488 3833 629 3910 producta
651 3831 760 3911 syllaba
791 3832 960 3894 terminabit
981 3835 1065 3894 tertia
1088 3832 1258 3902 declinatio,
1289 3833 1366 3893 hiet
1387 3834 1453 3906 bae,

131 3960 134 3965 ·
166 3931 220 3990 hos
240 3940 269 3991 et
290 3930 342 3992 bas
365 3941 393 3992 ot
415 3952 432 3992 o
450 3933 633 4002 sacerdotes,
656 3933 804 3993 interdurn
824 3937 1018 3994 accusativum
1041 3935 1078 3999 is,
1101 3943 1132 3993 ut
1154 3934 1208 3992 hos
1231 3943 1259 3995 et
1281 3934 1334 3994 bas
1355 3935 1452 4013 agilis;

126 4050 151 4091 aa
166 4034 263 4092 neutri
280 4051 348 4093 vero
368 4053 394 4102 a,
416 4041 448 4094 ut
465 4034 538 4096 haec
558 4044 587 4095 et
608 4054 625 4094 o
642 4037 787 4094 carmina:
807 4037 972 4113 genetivum
992 4037 1116 4095 inomni
1135 4053 1244 4112 genere
1264 4055 1323 4105 um,
1345 4037 1452 4099 borum

166 4141 194 4194 et
217 4135 321 4194 harum
347 4137 548 4207 sacerdotum,
577 4136 682 4196 borum
712 4139 893 4209 carminum,
919 4138 1045 4199 dativum
1074 4145 1103 4199 et
1130 4138 1286 4199 ablativum
1315 4139 1343 4198 in
1372 4142 1453 4199 omni

165 4252 274 4313 genere
293 4235 358 4307 bus,
381 4237 425 4297 his
447 4248 477 4298 et
494 4237 530 4299 ab
554 4238 600 4299 his
617 4238 829 4302 sacerdotibus.
875 4248 977 4319 quarta
997 4239 1151 4301 declinatio
1172 4241 1300 4302 dativum
1322 4241 1452 4320 singula·

233 4443 249 4491 'l
266 4451 326 4505 poet
342 4442 400 4492 lrnic
417 4452 507 4508 poetae
530 4447 724 4508 superscriptum
739 4451 777 4494 ert
793 4443 853 4493 huic
869 4461 971 4506 musae,
1000 4447 1056 4496 item
1077 4453 1136 4508 post
1152 4445 1219 4494 bunc
1241 4453 1340 4512 pectam
1362 4463 1452 4510 euper-

163 4514 282 4575 seriptum
301 4513 367 4562 lvarrc
381 4529 478 4562 mirsam
496 4517 521 4563 in
538 4515 563 4564 B
644 4518 660 4565 8
678 4530 692 4562 n
711 4513 800 4563 abhoc
817 4523 893 4579 poeta
908 4516 1098 4580 sedprodueto.
1116 4515 1147 4564 ub
1162 4514 1210 4564 bac
1222 4515 1323 4567 iortrtno
1336 4520 1453 4567 nomina-

164 4583 244 4631 tiuum
262 4583 287 4633 B
304 4599 319 4632 n
335 4584 379 4633 sed
393 4584 517 4649 producto
536 4584 566 4631 ub
585 4582 634 4633 hoc
652 4595 725 4649 poeto
746 4585 776 4631 ab
795 4583 842 4632 hac
859 4583 967 4635 1111111111.
987 4587 1170 4636 nominatiuurn
1191 4600 1208 4642 ς
1274 4586 1306 4636 10
1323 4587 1345 4635 is
1365 4589 1452 4638 11111.Ιί

233 4669 261 4701 os
280 4668 326 4702 orn.
347 4653 372 4702 B
444 4656 473 4703 11
490 4655 633 4714 portanti
653 4658 678 4704 in
698 4655 717 4702 B
735 4656 912 4718 suprascripta
929 4666 987 4706 errat
1004 4659 1081 4711 hirec,
1105 4657 1143 4705 trel
1159 4657 1267 4705 similem
1284 4657 1450 4714 nominatione,

163 4722 218 4770 item
233 4731 293 4785 pout
314 4722 406 4771 Salusti
427 4726 452 4772 ia
470 4726 582 4787 aeergiae
599 4725 729 4785 adso-ipra
746 4726 821 4778 haec.
845 4740 938 4791 opnrr
956 4725 1071 4775 tenuntur
1086 4741 1187 4791 semper
1208 4745 1221 4774 e
1238 4736 1354 4790 correpto
1370 4742 1385 4775 ο
1400 4726 1451 4775 iru-

163 4793 223 4841 xiue
247 4796 327 4841 rreutri
348 4808 389 4841 nm
409 4809 423 4841 0
444 4794 534 4842 bellum
623 4791 1025 4857 1111’113111111]Αεη.1·11177
1111 4797 1143 4846 at
1169 4796 1383 4845 declinationcB

164 4862 213 4912 irae
231 4880 276 4916 om.
297 4863 320 4910 lt'
383 4863 416 4913 33
436 4863 583 4912 ternviuutnr
599 4879 666 4913 cerr.
687 4864 831 4913 termimtuit
844 4865 868 4913 B
