3346 5506
650 381 764 442 count.
788 380 827 442 IN
848 379 1026 442 counivit
1421 382 1483 446 409

1257 499 1281 542 p.
1294 487 1394 530 uso-ss
1407 486 1430 527 n.

208 568 354 649 singulari:
383 586 451 630 nam
478 569 504 630 is
531 586 616 629 casus
647 569 777 649 qumque
803 568 910 629 finibus
937 570 1126 638 terminatur,
1155 576 1205 629 aut
1232 587 1267 629 ae
1289 567 1481 648 diphthongo,

207 681 235 734 ut
252 673 332 735 llusa
354 672 469 739 Musae,
499 679 549 732 aut
569 672 594 741 i,
623 679 655 732 ut
676 670 779 732 doctus
801 670 892 741 docti,
921 681 972 733 eut
993 674 1031 744 is,
1061 680 1093 733 ut
1113 667 1214 754 pallter
1236 673 1338 751 patris,
1368 679 1417 731 aut
1439 689 1483 742 us,

207 782 234 835 ut
252 775 302 836 bic
321 774 428 835 ductus
449 773 536 835 buius
558 773 679 842 fluctus,
703 780 753 834 aut
774 774 816 845 ei,
840 782 873 835 ut
894 775 942 834 bic
958 774 1003 835 rel
1024 774 1098 836 baec
1120 773 1181 834 dies
1203 773 1292 834 buius
1314 774 1382 834 diei.
1412 790 1482 851 ergo

206 895 266 938 cnm
291 877 492 938 invenerimus
520 874 637 956 aliquod
667 894 789 946 nomen,
821 875 857 937 de
886 878 969 938 cuius
992 875 1186 938 declinatione
1208 876 1371 946 dubitatur,
1395 893 1483 956 quae-

203 980 308 1042 rendus
329 976 416 1041 nobis
445 979 502 1040 erit
528 979 686 1057 praecipue
709 979 874 1056 genetivum
903 982 953 1059 qui
974 980 1110 1040 inventus
1130 980 1155 1039 si
1177 997 1211 1039 ae
1233 978 1322 1038 luerit
1343 980 1508 1040 termina-c

203 1090 260 1154 tus,
282 1081 320 1143 ad
341 1079 561 1143 similitudinem
584 1081 683 1142 Musae
706 1080 909 1143 declinabitur.
943 1083 982 1143 ito
1005 1089 1035 1142 et
1055 1083 1086 1142 in
1109 1079 1231 1161 reliquis
1250 1081 1308 1142 tiet.
1339 1081 1390 1143 sed
1413 1099 1484 1141 con-

203 1192 256 1246 stat
282 1184 393 1247 Graeca
423 1184 541 1244 nomina
568 1185 657 1245 etiam
687 1184 798 1246 Graece
826 1202 912 1265 posse
939 1182 1091 1245 declinari.
1136 1182 1223 1263 plane
1246 1183 1303 1243 duo
1325 1186 1484 1264 praecipue

203 1305 283 1348 casum
304 1288 335 1347 in
357 1286 404 1348 his
426 1285 535 1364 regulis
557 1285 681 1346 sollicite
703 1286 838 1366 prolerre
861 1285 1018 1358 debemus,
1042 1287 1203 1347 vocativum
1226 1286 1373 1348 secundae
1395 1286 1484 1347 decli-

200 1389 324 1452 nationis
346 1395 376 1450 et
397 1387 552 1450 ablativum
581 1389 698 1459 tertiae,
726 1389 757 1449 in
786 1388 892 1469 quibus
914 1398 1016 1451 contra
1038 1387 1154 1467 regulas
1175 1386 1334 1468 plurimum
1356 1388 1413 1449 sibi
1434 1388 1485 1449 ad-

198 1493 323 1573 sumpsit
343 1492 511 1552 auctoritas.
555 1492 701 1551 vocativus
729 1492 806 1552 enim
834 1491 990 1570 singularis
1017 1492 1163 1553 secundae
1193 1490 1395 1553 declinationis
1415 1502 1486 1552 tunc
1499 1502 1524 1543 ¹⁰

198 1595 230 1655 io
248 1595 260 1654 i
281 1592 390 1664 exibit,
414 1612 481 1655 cum
503 1594 698 1654 nominativus
721 1594 877 1673 singularis
898 1596 929 1654 in
951 1595 997 1654 ius
1019 1594 1108 1654 luerit
1129 1594 1302 1655 terminatus
1323 1596 1354 1654 in
1376 1611 1486 1673 genere

197 1695 359 1758 masculino
386 1697 417 1756 in
445 1696 567 1776 proprio
595 1697 730 1767 nomine,
759 1704 791 1757 ut
818 1697 866 1757 bic
892 1696 1055 1757 Mercurius
1083 1693 1106 1756 o'
1128 1696 1266 1757 Mercuri.
1314 1697 1372 1757 boc
1407 1698 1485 1757 enim

196 1815 306 1860 nomen
333 1806 364 1859 et
391 1799 437 1859 ius
459 1800 597 1860 terminat
624 1799 835 1860 nominativum
865 1807 894 1859 et
920 1796 1113 1858 masculinum
1137 1806 1181 1858 est
1204 1807 1233 1859 et
1255 1801 1417 1877 proprium.
1461 1800 1486 1859 si

192 1909 295 1964 autem
317 1902 514 1963 nominativus
536 1919 571 1962 us
593 1901 781 1971 terminatur,
805 1908 837 1961 ut
858 1900 907 1961 bic
930 1899 1046 1971 doctus,
1069 1901 1231 1962 vocativum
1252 1901 1322 1962 iacit
1344 1919 1361 1961 o
1385 1901 1484 1970 docte;

192 2005 273 2065 etsi
293 2002 499 2085 appellativum
526 2004 578 2075 sit,
606 2002 674 2065 licet
699 2004 745 2064 ius
774 2004 961 2074 terminatur,
988 2010 1021 2063 ut
1047 2002 1096 2063 bic
1116 2003 1224 2083 impius
1246 2023 1263 2065 o
1285 2005 1374 2084 impie
1395 2003 1473 2075 iacit,
1487 2025 1512 2066 rs

192 2103 245 2167 lric
267 2107 405 2186 egregius
426 2124 444 2166 o
467 2107 595 2185 egregie.
640 2105 692 2166 sed
714 2106 782 2167 huic
810 2104 930 2185 regulae
957 2105 1136 2166 contrarium
1160 2113 1205 2167 est
1226 2106 1274 2167 bic
1295 2104 1372 2166 iilius
1394 2123 1412 2165 o
1434 2105 1484 2166 ult.

190 2225 288 2288 quere
310 2208 436 2269 maiores
458 2209 552 2270 nostri
580 2209 717 2270 timentes
743 2209 839 2287 ipsum
862 2209 1024 2271 vocativum
1046 2206 1172 2269 similem
1195 2207 1330 2270 iecerunt
1352 2209 1485 2269 nomina·

191 2310 271 2381 tivo,
293 2316 327 2373 ut
349 2309 485 2389 Virgilius
507 2310 578 2371 dicit

349 2414 528 2492 corniger
549 2412 793 2492 Hesperidum
816 2411 954 2474 ilurius
975 2419 1154 2492 regnator
1176 2431 1370 2493 aquarum,

192 2515 367 2579 et‘Lucius
382 2516 517 2579 Octavius
536 2514 624 2577 iudex
646 2520 731 2577 esto’.
762 2514 903 2576 ablativus
926 2532 994 2577 vero
1016 2516 1121 2576 tertiae
1144 2514 1362 2587 declinationis,
1385 2518 1435 2597 qni
1458 2524 1525 2581 otoo

189 2615 259 2678 iet
280 2635 297 2679 e
319 2619 503 2690 terminatur,
520 2617 645 2681 multum
668 2617 807 2679 contusus
829 2625 881 2680 est.
919 2625 1018 2679 tamen
1046 2618 1104 2679 boc
1125 2636 1244 2679 servare
1266 2618 1422 2690 debemus,
1445 2628 1485 2691 ut,

193 2737 264 2783 cum
288 2719 363 2802 [vel]
387 2738 495 2782 nomen
517 2721 607 2782 luerit
628 2722 746 2800 generis
769 2721 943 2791 communis,
966 2720 1044 2800 quod
1066 2721 1097 2780 in
1119 2721 1144 2780 is
1166 2721 1255 2780 mittit
1276 2723 1486 2784 nominativum

194 2829 229 2883 et
254 2823 439 2902 genetivum,
468 2821 624 2883 ablativum
647 2824 657 2882 i
677 2825 884 2894 terminemus,
913 2831 946 2884 ut
972 2822 1020 2883 bic
1049 2830 1078 2882 et
1100 2822 1174 2882 baec
1195 2822 1298 2885 docilis
1321 2823 1357 2885 ab
1379 2823 1436 2884 boc
1458 2831 1487 2884 et

194 2921 235 2985 ab
257 2923 313 2985 bec
335 2923 438 2986 docili:
472 2925 543 2986 item
565 2933 670 2987 neutra
692 2925 805 2995 omnia,
830 2943 905 3006 quac
927 2943 944 2985 e
965 2926 1162 2985 terminantur
1183 2925 1215 2984 in
1237 2927 1431 2995 nominativo,
1454 2932 1487 2985 ut

191 3021 254 3089 boc
275 3044 360 3088 merc
381 3026 418 3089 ab
440 3027 498 3089 hoc
519 3028 604 3089 mari.
649 3046 683 3089 ea
712 3045 781 3087 vero
804 3045 878 3108 quae
900 3047 919 3088 x
940 3026 1038 3088 littera
1059 3027 1256 3088 terminantur
1277 3028 1308 3087 in
1331 3046 1347 3088 e
1370 3034 1484 3098 exeunt,
1498 3051 1524 3091 os

191 3135 231 3190 ut
249 3128 300 3191 bic
322 3127 399 3191 calix
420 3127 457 3190 ab
480 3129 537 3191 boc
559 3127 663 3200 calice,
687 3129 761 3192 baec
782 3127 885 3209 paelex
907 3127 944 3190 ab
967 3129 1021 3190 hac
1032 3126 1162 3209 paelice,
1191 3129 1264 3190 baec
1293 3128 1340 3191 lox
1366 3128 1402 3191 ab
1430 3130 1486 3191 bac

191 3225 262 3311 lege
284 3238 315 3292 et
335 3228 451 3292 similia.
495 3232 566 3292 item
595 3232 693 3293 omnia
722 3233 876 3312 participia
899 3249 915 3292 e
938 3233 1148 3303 terminantur,
1172 3241 1205 3294 ut
1226 3231 1262 3292 ab
1285 3232 1341 3292 boc
1362 3230 1485 3302 caleute,

190 3332 233 3395 eb
260 3331 318 3394 hoc
345 3332 479 3404 iurente;
512 3353 588 3414 quae
616 3335 640 3395 si
669 3334 788 3395 nomina
816 3333 939 3405 luerint,
968 3335 979 3394 i
1007 3334 1099 3412 magis
1132 3333 1385 3395 terminabuntur:
1415 3336 1485 3396 item

188 3452 272 3516 quae
295 3453 331 3497 or
349 3435 548 3497 terminantur
568 3437 600 3496 in
623 3437 816 3507 nominativo,
840 3444 872 3497 ut
894 3435 1008 3498 doctior
1031 3435 1139 3497 clarior
1160 3438 1259 3497 minor
1280 3441 1388 3497 maior:
1417 3435 1487 3497 iacit

188 3539 276 3599 enim
304 3557 321 3599 a
350 3536 481 3599 doctiore
509 3536 634 3600 clariore
656 3539 771 3601 minore
794 3539 914 3600 maiore.
959 3537 1072 3619 reliqua
1095 3557 1163 3600 vero
1185 3540 1229 3599 sic
1251 3537 1387 3618 ambigua
1409 3545 1485 3610 sunt,
1500 3562 1525 3604 so

188 3646 229 3701 ut
248 3640 296 3700 vix
320 3641 407 3700 etiam
422 3635 437 3723 ΙΙ
451 3642 624 3703 auctoritate
645 3642 810 3702 firmentur.
856 3658 924 3701 nam
947 3648 977 3701 et
999 3640 1035 3702 ab
1057 3640 1113 3702 bac
1136 3642 1202 3701 navi
1224 3649 1253 3701 et
1275 3639 1311 3702 ab
1334 3640 1390 3701 bac
1412 3661 1486 3704 nave

186 3734 340 3821 legimus,
367 3745 398 3803 ct
424 3741 461 3803 ab
489 3742 545 3804 bac
571 3745 663 3825 puppi
691 3751 720 3804 et
747 3741 784 3803 ab
812 3743 868 3804 bac
895 3761 1008 3824 puppe,
1038 3750 1068 3804 et
1094 3742 1131 3804 ab
1158 3743 1215 3804 hoc
1236 3744 1298 3823 igni
1320 3751 1350 3804 et
1371 3742 1407 3804 ab
1429 3745 1486 3805 boc

184 3838 275 3925 igne.
319 3845 351 3906 iu
373 3843 480 3924 quibus
501 3844 637 3908 omnibus
660 3845 815 3908 meliorum
838 3847 996 3908 auctoritas
1017 3845 1166 3926 sequenda
1189 3853 1241 3906 est.

689 4049 738 4112 ott
759 4050 989 4113 PRONOMINE.

280 4184 451 4247 Pronomen
474 4185 584 4248 dictum
607 4195 665 4258 est,
689 4189 756 4268 quia
779 4189 900 4267 ponitur
914 4206 969 4267 pro
985 4188 1117 4259 nomine,
1141 4195 1174 4249 ut
1196 4189 1286 4269 siquis
1309 4187 1387 4251 dicat
1403 4189 1485 4250 ‘Ver-
1499 4211 1525 4253 ae

186 4287 285 4364 gilius
308 4289 426 4368 scripsit
452 4287 602 4358 bucolica,
635 4291 699 4367 ipse
727 4291 845 4369 scripsit
872 4290 1034 4369 georgica’
1065 4308 1120 4350 nec
1143 4299 1242 4351 tamen
1257 4289 1394 4352 videntur
1418 4311 1486 4371 pro-

187 4389 333 4460 nomina,
364 4391 503 4470 quoniam
532 4391 684 4451 nominum
717 4392 880 4470 iunguntur
913 4391 1024 4462 olficio,
1059 4409 1123 4451 esse
1155 4393 1284 4452 nomina.
1329 4412 1397 4454 nam
1432 4395 1484 4453 etsi

190 4491 351 4554 nominum
370 4492 428 4553 rim
451 4494 631 4572 exprimant,
656 4511 713 4553 non
738 4501 836 4554 tomen
858 4493 945 4573 plene
967 4494 1144 4571 exprimunt.
1190 4495 1307 4554 nomina
1331 4495 1409 4554 enim
1432 4512 1484 4573 po-

194 4592 370 4671 septenas
391 4593 503 4655 iaciunt
525 4593 718 4666 elocutiones,
741 4597 916 4675 pronomina
940 4594 1126 4674 semiplenas.
1157 4596 1227 4656 item
1250 4595 1369 4657 nomina
1390 4595 1486 4673 posita

286 4812 471 4884 terragium]
491 4814 557 4869 Aea.
576 4816 632 4867 Vlll
649 4818 682 4869 77
769 4819 805 4868 22
823 4817 961 4873 velomc
1038 4816 1072 4866 25
1091 4832 1108 4866 x
1127 4816 1211 4868 littere
1225 4812 1299 4869 tet-⁸

202 4882 233 4936 20
247 4881 312 4935 haec
328 4883 404 4950 pelex
421 4886 453 4936 eb
472 4885 520 4936 hac
535 4886 617 4954 pelice
635 4889 661 4939 P
729 4885 764 4938 28
784 4889 816 4939 ab
830 4887 878 4939 hoc
896 4886 995 4939 iureots
1013 4898 1030 4943 ς
1047 4888 1080 4938 eb
1095 4885 1231 4943 boetem
