3314 5506
488 382 491 389 '
551 369 748 433 tusrlrvru
768 371 909 432 lurlvtt
936 373 1095 434 tut-111
1429 374 1470 437 63

223 498 247 539 p.
262 484 346 529 iiim
361 487 388 527 ll.
1258 501 1281 542 p.
1295 488 1340 530 2⁴¹1.
1352 489 1377 530 48
1392 488 1419 528 V.

179 557 324 633 parativos
340 554 386 616 vel
403 537 598 635 supe'rlativos
617 557 736 635 gradus,
759 575 815 617 nec
829 576 887 619 non
905 567 934 620 et
947 559 1003 619 tria
1021 559 1139 619 nomina
1159 559 1304 630 anomala,
1327 568 1470 640 quantum

177 658 248 717 ratio
271 656 426 732 poscebat,
451 661 648 724 tractavimus,

259 758 349 820 Nune
369 761 509 838 quoniam
532 777 619 839 quem
637 760 674 820 ad
691 759 809 820 modum
832 779 866 821 er
882 772 939 821 suo'
958 777 1068 839 genere
1086 760 1247 822 masculino
1270 760 1380 840 gradus
1399 779 1470 821 cou-

177 857 292 921 lationis
312 860 385 921 liant
405 861 597 929 ostendimus,
620 868 650 922 et
670 861 736 922 ideo
756 863 813 921 iam
833 861 870 922 de
892 879 1001 939 genere
1023 864 1174 923 communi
1193 863 1378 950 incipiamus.

260 961 305 1022 lle
327 977 439 1039 genere
460 963 619 1024 communi.
656 964 821 1022 communis
842 964 960 1038 generis
983 964 1110 1033 uomina,
1133 964 1236 1024 sicuti
1259 980 1348 1042 supra
1369 963 1470 1024 docui·
1495 989 1509 1028 s

178 1081 251 1131 mus,
272 1064 303 1123 in
325 1064 450 1140 positivo
465 1064 558 1141 gradu
581 1063 760 1124 nominativo
784 1082 854 1124 casu
877 1065 992 1126 numeri
1007 1063 1164 1141 singularis
1185 1063 1282 1125 tribus
1304 1064 1351 1123 bis
1368 1064 1471 1123 formis

178 1164 357 1225 deliniuntur
381 1172 509 1232 tantum,
540 1162 672 1225 erilis.
717 1181 798 1225 nuuc
828 1163 1181 1245 earundemraliqlmm
1209 1165 1385 1234 subicimus,
1413 1183 1470 1245 qua

179 1265 370 1326 dinoscantur
392 1268 528 1335 nomina,
557 1265 705 1346 quemad
728 1267 847 1327 modum
880 1284 915 1326 er
935 1267 1006 1344 ipsis
1028 1267 1130 1331 formis
1158 1266 1270 1343 gradus
1297 1265 1472 1327 conlationis

178 1368 277 1428 iacere
302 1373 436 1446 possunt.

262 1468 307 1529 lle
328 1487 372 1529 er.
417 1486 621 1548 quaecumque
642 1470 759 1530 nomina
783 1469 900 1546 generis
923 1470 1088 1529 communis
1108 1469 1137 1529 in
1158 1469 1282 1546 positivo
1303 1469 1397 1547 gradu
1418 1485 1471 1527 no·
1485 1492 1510 1536 ro

179 1570 319 1629 minativo
350 1587 421 1630 casu
454 1570 570 1630 numeri
603 1568 760 1647 singularis
788 1587 821 1630 er
850 1569 955 1631 litteris
981 1569 1177 1638 deliniuntur,
1206 1571 1231 1628 si
1258 1571 1473 1648 comparativus

179 1671 290 1748 gradus
317 1689 355 1731 ex
376 1689 408 1730 se
431 1670 529 1731 iacere
556 1678 694 1748 possunt,
730 1670 804 1732 baec
834 1672 863 1730 iu
892 1671 989 1731 dativo
1013 1688 1083 1731 casu
1116 1671 1232 1731 numeri
1260 1670 1416 1749 singularis
1437 1688 1472 1730 or

178 1770 321 1851 syllabam
344 1772 494 1851 accipiunt
515 1780 544 1833 et
562 1773 792 1850 comparativum
816 1771 938 1850 gradum
957 1774 1075 1849 generis
1095 1773 1141 1832 sui
1160 1773 1335 1840 ostendunt3
1361 1771 1473 1834 scilieet
1507 1817 1512 1841 ,

179 1874 330 1951 quoniam,
354 1874 397 1934 sic
418 1875 460 1934 uti
481 1891 571 1952 supra
593 1872 762 1942 docuimus,
786 1875 963 1952 quicumque
986 1868 1186 1955 comlparativi
1211 1873 1321 1952 gradus
1339 1874 1472 1933 nomina·

179 1977 236 2034 tivo
260 1993 335 2055 casu
356 1976 475 2035 numeri
494 1972 653 2052 singularis
673 1976 719 2035 ior
741 1973 845 2035 litteris
867 1975 1046 2036 deliniuntur
1068 1983 1097 2036 et
1118 1993 1177 2036 non
1201 1994 1236 2036 ex
1258 1974 1308 2035 illa
1326 1976 1511 2053 positionem

180 2075 308 2146 formae,
338 2093 396 2155 qua
424 2095 458 2136 ex
484 2093 594 2154 genere
620 2075 784 2137 masculino
811 2079 991 2138 nominativo
1013 2093 1083 2137 casu
1109 2078 1226 2137 numeri
1252 2075 1408 2155 singularis
1436 2094 1472 2137 er

179 2175 282 2239 litteris
305 2182 430 2241 aomina
450 2178 639 2247 deliniuntur,
662 2178 762 2239 venire
784 2176 1011 2255 intelleguntur,
1032 2177 1063 2238 bi
1085 2178 1203 2255 generis
1223 2179 1388 2239 communis
1409 2194 1474 2238 esse

181 2281 387 2357 reperiuntur,
419 2287 452 2340 ut
469 2286 539 2357 puta
571 2279 620 2340 bie
640 2288 670 2340 et
688 2279 763 2341 baec
782 2298 852 2340 acer
879 2280 966 2340 buius
987 2283 1064 2341 acris
1086 2279 1155 2341 buic
1175 2280 1253 2348 acri,
1278 2278 1328 2340 blo
1349 2289 1379 2339 et
1400 2277 1474 2339 baec

180 2383 279 2441 acrior
300 2380 399 2441 lacere
421 2379 535 2443 debeat.
580 2399 660 2441 nunc
681 2382 783 2442 eadem
806 2399 896 2460 supra
918 2381 986 2441 dicti
1009 2381 1126 2460 generis
1147 2381 1282 2451 nomina,
1305 2399 1381 2460 quae
1400 2380 1474 2442 dixi·

181 2500 244 2543 murs
273 2482 305 2542 iu
327 2498 419 2560 supra
440 2481 519 2543 dicto
540 2482 635 2560 gradu
661 2485 839 2544 nominativo
862 2500 931 2543 casu
959 2484 1074 2543 numeri
1093 2481 1250 2570 singularis
1276 2501 1366 2563 supra
1396 2483 1472 2544 dicta
1486 2506 1513 2549 ao

181 2582 275 2645 lorma
305 2583 437 2651 deliniri,
466 2585 498 2643 in
518 2583 613 2645 dativo
637 2601 707 2645 casu
734 2587 851 2645 numeri
873 2584 1032 2662 singularis
1056 2601 1092 2645 us
1112 2583 1252 2664 syllabam
1278 2586 1426 2664 accipiunt
1446 2592 1476 2644 et
1582 2654 1585 2666 Ι

181 2702 238 2746 uon
272 2692 387 2746 tautum
423 2687 654 2764 comparativum
686 2687 810 2764 gradum
843 2687 962 2765 generis
995 2689 1092 2747 neutri
1122 2685 1174 2746 sed
1208 2692 1237 2746 et
1267 2684 1474 2747 adverbiorum

181 2787 357 2857 ostendunt3
380 2786 494 2847 scilicet
513 2789 651 2865 quoniam
677 2789 854 2867 quicumque
874 2790 1064 2868 comparativi
1083 2787 1193 2865 gradus
1211 2787 1388 2847 nominativo
1406 2803 1475 2847 casu

180 2891 299 2950 numeri
320 2887 480 2965 singularis
502 2890 548 2950 ius
568 2887 672 2950 litteris
692 2889 881 2960 deliniuntur,
901 2889 932 2951 bi
951 2908 1009 2951 nou
1032 2897 1145 2951 tautum
1168 2888 1286 2967 generis
1308 2888 1404 2949 neutri
1423 2887 1474 2948 sed

181 2997 209 3050 et
232 2988 444 3073 adverbiorum
466 2990 672 3069 reperiuntur,
703 2999 735 3051 ut
755 3000 826 3070 puta
861 2990 909 3052 bic
935 3000 964 3053 et
988 2992 1062 3053 baec
1083 3009 1152 3052 acer
1180 2991 1248 3051 buic
1271 2992 1348 3081 aeri,
1378 2990 1513 3054 acrinsas

180 3094 299 3170 utrique
320 3091 508 3170 respoudeat
553 3092 606 3153 sed
624 3101 695 3153 tunc
717 3092 749 3153 bi
774 3093 891 3171 generis
913 3094 1010 3155 neutri
1032 3111 1096 3155 esse
1117 3094 1322 3173 reperiuntur,
1346 3091 1473 3171 qnando,

179 3195 222 3254 sic
239 3195 284 3255 uti
306 3210 397 3272 supra
420 3193 556 3262 diximus,
578 3194 739 3270 generibus
762 3196 873 3256 neutris
895 3195 977 3272 iungi
999 3196 1194 3261 inveniuntur,
1219 3201 1338 3271 utputa
1360 3195 1475 3254 ‘acrius

179 3299 327 3357 acetum’.
373 3294 494 3356 atvero
515 3296 632 3374 quando
661 3314 720 3357 non
749 3295 909 3375 generibus
936 3276 1063 3364 neutris,
1091 3295 1142 3356 sed
1170 3312 1237 3354 cum
1264 3293 1318 3354 alia
1346 3293 1476 3373 qualibet

179 3405 266 3476 parte
288 3397 431 3458 orationis
454 3399 624 3467 miscentur,
644 3397 850 3459 adverbiorum
873 3415 938 3458 esse
958 3397 1196 3475 pronuntiantur,
1219 3401 1339 3473 utputa
1361 3394 1475 3454 ‘acrius

179 3499 371 3578 respondet'.
401 3499 444 3560 sic
460 3506 490 3560 ct
506 3498 555 3559 alii
573 3499 762 3579 comparativi
780 3500 899 3579 gradus,
922 3497 1038 3577 quando
1054 3498 1156 3576 generi
1174 3494 1339 3581 neutro-vel
1356 3493 1474 3575 quando
1488 3517 1515 3561 so

179 3600 329 3663 adverbiis
361 3601 575 3680 respondeant,
604 3600 820 3678 intelleguntur.
867 3618 946 3662 nunc
975 3600 1048 3661 baec
1076 3598 1177 3659 eadem
1209 3597 1329 3657 nomina
1357 3596 1476 3673 generis

178 3703 295 3764 smlicet
315 3704 491 3771 communis,
513 3721 590 3783 quae
612 3702 740 3764 diximus
762 3704 791 3762 in
811 3704 933 3782 positivo
954 3702 1047 3780 gradu
1070 3700 1245 3761 nominativo
1269 3715 1340 3759 casu
1359 3699 1477 3759 numeri

178 3803 344 3884 singularis
366 3822 400 3866 er
420 3803 524 3866 litteris
546 3803 679 3876 deliniri,
712 3805 738 3864 si
762 3804 955 3883 superlativos
975 3804 1084 3882 gradus
1114 3822 1149 3865 ex
1171 3820 1204 3864 se
1225 3802 1323 3862 lacere
1344 3806 1475 3878 possunt,

179 3908 212 3966 in
239 3905 348 3968 eodem
373 3907 550 3968 nominativo
579 3924 649 3967 casu
676 3907 792 3967 numeri
820 3905 977 3982 singularis
1004 3907 1096 3966 rimus
1122 3902 1248 3984 syllabus
1274 3903 1424 3982 accipiunt
1448 3908 1478 3962 et

180 4007 393 4087 superlativum
415 4009 539 4086 gradum
559 4009 677 4086 generis
695 4006 848 4068 masculini
871 4008 1039 4078 ostendunt,
1064 4015 1181 4086 utputa
1205 4006 1252 4067 bic
1270 4012 1300 4067 et
1319 4005 1393 4066 baec
1407 4021 1515 4065 acerss
1608 3995 1618 4006 '

180 4110 230 4171 bic
251 4111 417 4172 acerrimus
436 4111 536 4172 lacere
558 4108 673 4171 debeat
705 4111 776 4171 item
797 4108 872 4170 baec
894 4110 996 4170 eadem
1019 4127 1108 4187 supra
1130 4109 1199 4169 dicti
1220 4109 1337 4186 generis
1357 4107 1476 4166 nomina

180 4213 211 4271 in
232 4229 326 4291 supra
341 4210 420 4272 dicto
441 4230 511 4273 casu
530 4214 605 4273 rima
629 4209 756 4291 syllabas
777 4213 926 4290 accipiunt
948 4220 977 4273 et
990 4208 1198 4288 superlatirnm
1214 4208 1340 4287 gradum
1359 4208 1477 4284 generis

180 4313 318 4374 leminiui
340 4314 509 4383 ostendunt,
534 4320 658 4392 utputa
682 4313 729 4373 bic
751 4319 778 4375 el
801 4313 874 4374 baec
889 4330 958 4374 acer
980 4312 1054 4373 baec
1075 4313 1220 4371 acerrima
1243 4311 1343 4372 lacere
1360 4307 1475 4369 debeat

181 4423 305 4477 atvero
327 4414 402 4477 baec
423 4415 526 4478 eadem
548 4432 638 4494 supra
661 4414 731 4476 dicti
753 4417 870 4493 generis
892 4415 1010 4502 uomina
1033 4414 1062 4473 iu
1085 4410 1267 4490 supradicto
1283 4427 1353 4471 casu
1367 4410 1476 4469 rimum

251 4619 648 4686 bdocuimusrposuimusll
712 4620 842 4669 itautum
861 4633 908 4670 om.
927 4617 958 4676 ll,
976 4616 1069 4666 oddo
1124 4613 1153 4664 ll
1172 4612 1308 4663 siretlt
1365 4610 1396 4660 tu
1414 4609 1476 4677 qus]

181 4703 248 4752 qnae
264 4690 303 4740 llo
391 4689 423 4739 ll
441 4690 605 4741 nomiuaom.
625 4690 663 4741 ll:
681 4689 843 4747 deliniuntur,
862 4687 964 4738 uomina
983 4685 1102 4734 venires
1168 4683 1221 4733 ·lu
1243 4681 1350 4732 debeant
1368 4680 1406 4729 Ro

179 4761 213 4807 2²
234 4760 309 4825 iungi
325 4759 491 4809 inveniuntur
509 4775 538 4809 ro
553 4762 692 4827 iunguntur
708 4759 731 4809 u
821 4758 855 4811 33
873 4756 972 4808 deliniri
985 4771 1016 4804 ru
1033 4753 1190 4804 definiuntur
1205 4755 1229 4803 Il
1298 4749 1332 4799 34
1354 4750 1435 4799 rimus
1454 4748 1477 4798 u

180 4828 245 4878 rima
262 4845 279 4878 r
348 4826 383 4880 db
401 4831 506 4895 generis
521 4830 656 4880 masculini
674 4847 688 4879 s
706 4827 808 4898 generis
825 4828 974 4879 femininis·
992 4823 1091 4874 numeri
1109 4822 1247 4892 singularis
1266 4822 1288 4873 ll
