3314 5506
577 386 777 450 tusttuv'ut
796 382 938 449 attrivit
962 385 1129 449 788-792
1442 388 1499 450 177

282 535 289 547 .
303 506 344 549 uo.
356 507 377 548 u
393 506 421 547 n.
1278 517 1301 556 p.
1317 504 1407 546 air-is
1421 503 1449 543 v.

182 523 311 646 ruesso,
329 579 440 638 utinam
460 578 588 637 uuuitus
610 575 712 643 fuerit;
736 577 852 636 numeri
871 573 993 653 pluralis
1014 576 1126 636 utinam
1142 576 1245 636 nutriti
1266 576 1420 644 fuerimus,
1444 576 1500 635 uti-

180 701 281 748 oam
302 680 398 741 nutriti
420 678 548 746 fueritis,
582 678 693 737 utinam
718 677 819 738 nutriti
841 677 963 737 fuerint:
996 676 1099 738 eodem
1121 677 1210 737 modo
1239 677 1343 738 eodem
1365 683 1501 754 tempore

179 782 309 866 specie
328 778 616 858 plusquamperfecto
643 779 704 839 sive
725 778 909 838 recordativa
931 777 975 838 vel
998 787 1098 839 exacta
1129 781 1244 839 numeri
1264 777 1423 857 singularis
1444 781 1502 838 uti·

180 902 283 951 uam
301 883 424 942 nutritus
445 898 556 948 essem,
579 880 691 941 utinam
714 881 842 941 nutritus
864 898 960 950 esses,
984 882 1095 941 utinam
1115 882 1242 941 nutritus
1268 889 1360 949 esset;
1386 881 1502 940 numeri

181 981 330 1071 pluralis
344 983 454 1043 eduam
470 982 574 1042 nutriti
589 999 730 1050 essemus,
748 983 858 1042 utinam
876 983 980 1041 nutriti
995 983 1106 1051 essetis,
1120 985 1232 1042 utinam
1247 983 1351 1042 nutriti
1366 990 1478 1049 essent;
1493 978 1503 1064 ΙΙ
1527 1007 1541 1045 s

183 1099 211 1152 et
252 1083 402 1146 ulteriore
424 1082 714 1162 plusquamperfecto
734 1084 795 1144 sive
817 1083 1000 1144 recordativa
1022 1084 1066 1145 vol
1088 1092 1189 1144 exacta
1209 1085 1325 1143 numeri
1347 1082 1504 1161 singularis

185 1190 321 1254 ninam
338 1187 465 1246 nutritus
488 1186 624 1254 fuissem,
653 1186 766 1245 utinam
788 1186 916 1245 nutritus
938 1185 1060 1254 fuisses,
1094 1189 1206 1246 utinam
1235 1186 1363 1245 nutritus
1385 1185 1506 1252 fuisset}

188 1289 327 1355 numeri
347 1285 469 1366 pluralis
496 1288 610 1347 utinam
636 1288 739 1346 nutriti
760 1287 932 1358 fuissemus
962 1289 1071 1348 utinam
1095 1289 1198 1347 nutriti
1220 1288 1364 1354 fuissetis,
1393 1287 1504 1347 utinam

192 1390 317 1455 nutriti
339 1389 478 1450 fuissent:
517 1387 622 1449 eodem
646 1387 736 1447 modo
764 1396 897 1466 tempore
922 1389 1023 1448 futuro
1056 1391 1173 1450 numeri
1203 1387 1362 1465 singularis
1394 1389 1506 1448 utinam

197 1492 341 1560 ouum,
368 1493 480 1551 utinam
509 1491 663 1558 nutriaris,
701 1491 812 1550 utinam
835 1491 997 1558 nutriatur;
1037 1492 1152 1551 numeri
1174 1489 1295 1568 pturatis
1317 1492 1429 1550 utinam
1452 1507 1546 1551 nu·1o

200 1593 349 1659 triamur,
381 1593 493 1652 utinam
522 1591 709 1659 nutriamini,
745 1592 856 1651 utinam
890 1593 1069 1653 nutriantur.
1116 1593 1204 1652 modo
1233 1594 1416 1653 coniuuetivo
1446 1592 1507 1650 sire

207 1694 340 1754 innidiro
361 1702 495 1772 tempore
515 1693 664 1771 praesenti
686 1693 745 1753 sive
767 1694 888 1752 instanti
915 1695 1032 1754 numeri
1060 1694 1219 1769 singularis
1247 1712 1315 1754 cum
1336 1690 1380 1752 vei
1403 1694 1428 1752 si
1451 1709 1506 1751 uu·

211 1792 303 1860 triar,
321 1812 381 1854 oum
403 1793 447 1855 rof
471 1796 497 1854 si
518 1794 672 1863 nutriaris,
695 1811 763 1853 oum
786 1791 830 1853 rel
853 1795 878 1853 si
899 1797 1061 1863 nutriatur;
1095 1796 1211 1856 numeri
1230 1793 1353 1873 pluralis
1374 1811 1441 1855 oum
1461 1791 1507 1854 rei

218 1894 245 1953 si
268 1897 429 1966 muniamur,
453 1913 520 1956 eum
541 1893 588 1955 rei
606 1897 631 1954 si
648 1896 836 1962 nuti-lamini,
860 1913 926 1956 eum
951 1895 995 1956 vei
1018 1898 1043 1956 si
1062 1898 1248 1958 nutriantur:
1287 1895 1393 1957 eodem
1417 1894 1506 1955 modo

224 2001 347 2071 tempore
365 1998 524 2076 praeterito
543 1998 644 2075 specie
667 1996 839 2074 imperfecta
863 1998 923 2057 sive
941 1999 1039 2058 miuus
1056 2016 1145 2078 quam
1166 1998 1299 2076 perfecta
1316 1995 1362 2059 vel
1385 1996 1504 2057 inchoa·
1521 2018 1546 2058 is

230 2094 285 2153 tiva
303 2100 404 2159 numeri
423 2097 583 2177 singularis
606 2117 674 2159 eum
695 2097 740 2158 vei
763 2099 788 2157 si
809 2101 956 2168 nutrirer,
979 2117 1046 2160 eum
1066 2099 1110 2160 rel
1132 2102 1157 2160 si
1178 2101 1344 2167 nutrireris,
1368 2118 1436 2160 cum
1462 2097 1506 2158 vei

235 2192 431 2268 unuuuetun
464 2202 581 2261 numeri
601 2196 725 2279 pluralis
754 2217 822 2260 eum
845 2199 891 2261 rei
911 2203 936 2261 si
958 2203 1154 2270 nutriremur,
1175 2220 1242 2262 cum
1265 2201 1309 2262 vei
1332 2203 1357 2262 si
1380 2201 1507 2261 nutrire·

240 2295 306 2365 mi.
322 2317 379 2362 oum
398 2300 444 2362 rei
465 2304 491 2362 si
510 2303 711 2362 nutrirentur.
735 2301 839 2362 eodem
861 2302 951 2363 modo
974 2303 1078 2364 eodem
1102 2310 1236 2381 tempore
1259 2304 1358 2383 speeie
1377 2302 1508 2380 perfecta

241 2393 290 2455 ⁸1¹0
305 2399 423 2465 atsduu
445 2404 563 2464 numeri
583 2401 741 2480 singuiaris
763 2421 832 2463 oum
856 2403 899 2464 rei
922 2407 947 2464 si
971 2407 1099 2465 uutritus
1121 2407 1186 2474 sim,
1210 2423 1277 2465 eum
1300 2402 1345 2464 vei
1368 2405 1393 2463 si
1414 2404 1509 2465 nutri·

248 2500 285 2553 tus
301 2500 343 2570 sis,
359 2523 425 2567 eum
447 2504 494 2566 rel
514 2507 539 2567 si
563 2506 691 2567 nutritus
708 2505 761 2572 sit;
793 2509 911 2567 numeri
929 2505 1051 2584 pluralis
1073 2525 1141 2567 cum
1164 2505 1206 2566 vei
1229 2507 1254 2566 si
1277 2506 1382 2566 nutriti
1403 2506 1505 2573 simus,
1520 2525 1547 2565 so

244 2611 296 2656 fin
314 2603 394 2667 veisi
422 2609 528 2668 nutriti
557 2609 635 2674 sitis,
669 2623 737 2666 oum
765 2604 809 2665 vei
838 2610 863 2667 si
896 2610 996 2669 nutriti
1032 2610 1105 2676 sint;
1136 2615 1166 2668 et
1195 2606 1337 2669 ulteriore
1371 2607 1503 2685 perfecta

244 2695 291 2756 ⁵5¹0
311 2702 430 2771 ahsotou
458 2710 578 2770 numeri
607 2707 764 2786 singularis
800 2727 867 2770 oum
904 2709 948 2770 vei
981 2712 1008 2769 si
1044 2711 1171 2770 nutritus
1204 2710 1326 2779 fuerim,
1362 2725 1431 2769 eum
1464 2705 1509 2768 rel

246 2795 401 2871 sinuatus
436 2812 543 2879 fueris,
579 2827 646 2870 cuna
682 2809 727 2870 vei
764 2812 789 2871 si
820 2813 950 2871 nutritus
989 2811 1092 2880 fuerit;
1130 2813 1247 2873 numeri
1281 2808 1405 2889 pluralis
1441 2827 1509 2870 eum

143 2948 145 2955 ·
247 2895 324 2963 ’Μ
350 2914 446 2974 unu-iti
484 2911 643 2981 fuerimus,
682 2929 749 2972 oum
778 2912 823 2973 rei
850 2914 875 2972 si
911 2914 1013 2973 nutriti
1049 2914 1179 2982 fueritis,
1218 2931 1287 2973 eum
1319 2911 1364 2973 vei
1396 2914 1422 2970 si
1454 2928 1509 2971 nu·

143 2998 145 3005 ¹
248 2998 293 3058 'iffi
314 3005 423 3074 inermi:
461 3013 566 3076 eodem
595 3013 685 3074 modo
721 3012 825 3074 eodem
852 3024 986 3092 tempore
1010 3018 1107 3094 speeie
1133 3013 1422 3094 plusquamperfecto
1446 3013 1508 3073 sive
1521 3031 1548 3071 as

250 3106 394 3176 rtmrdativa
429 3116 476 3178 rei
510 3123 611 3177 exacta
647 3118 764 3176 numeri
801 3115 959 3193 singularis
995 3134 1062 3177 oum
1094 3115 1139 3177 vei
1176 3119 1201 3177 si
1237 3118 1366 3177 nutritus
1403 3133 1508 3183 essem,

251 3215 300 3263 uu
319 3213 404 3278 rust
438 3220 567 3279 nutritus
598 3235 692 3288 esses,
726 3236 794 3278 eum
821 3217 865 3278 ref
896 3219 922 3278 si
953 3220 1082 3279 nutritus
1114 3225 1206 3286 esset;
1242 3218 1359 3278 numeri
1388 3215 1511 3295 pluralis

254 3316 302 3364 ΕΜ)
318 3315 354 3375 ut
374 3320 398 3379 si
417 3321 522 3381 nutriti
549 3337 696 3389 essemus,
724 3338 793 3381 eum
815 3319 861 3380 vei
880 3321 906 3380 si
927 3321 1028 3380 uutriti
1050 3322 1168 3388 essetis,
1198 3338 1264 3380 eum
1286 3317 1330 3379 vei
1351 3320 1377 3378 si
1405 3318 1509 3377 nutriti

143 3485 145 3512 i
254 3417 337 3483 *suu
364 3429 392 3481 et
417 3420 561 3483 ulteriore
585 3419 874 3501 plusquamperfecto
899 3423 960 3482 sive
981 3421 1161 3482 recordativa
1190 3419 1235 3482 vei
1262 3427 1363 3480 exacta
1391 3419 1509 3479 numeri

254 3501 372 3584 uinfilaris
390 3540 458 3584 earm
479 3521 526 3583 vei
545 3524 572 3582 si
594 3524 724 3583 nutritus
745 3523 875 3590 fuissem,
898 3542 966 3585 eum
988 3522 1032 3584 rei
1048 3525 1073 3582 si
1090 3524 1219 3583 nutritus
1238 3522 1352 3590 fuisses,
1376 3538 1444 3581 cum
1463 3517 1509 3581 vei
1522 3536 1548 3578 so

255 3602 385 3684 si'diditus
405 3625 524 3692 fuisset;
553 3625 669 3684 numeri
691 3623 826 3705 ptufralis
845 3644 912 3685 eum
933 3625 978 3686 rel
1003 3626 1029 3685 si
1048 3624 1151 3685 nutriti
1173 3623 1344 3691 fuissemus,
1373 3640 1442 3683 eum
1464 3619 1509 3682 rei

255 3703 361 3786 siniliriti
381 3726 518 3795 fuissetis,
541 3743 609 3787 cum
634 3725 678 3786 vel
697 3726 723 3786 si
741 3727 844 3786 nutriti
864 3727 1003 3789 fuissent:
1027 3726 1132 3787 eodem
1147 3725 1236 3786 modo
1257 3733 1390 3804 tempore
1409 3724 1510 3785 futuro

255 3819 339 3882 ”witti
354 3827 509 3913 siugrdaris
536 3844 605 3889 oum
627 3826 672 3888 rei
694 3828 718 3886 si
741 3830 870 3888 nutritus
891 3847 959 3898 ero,
990 3846 1058 3889 eum
1082 3825 1127 3887 rel
1149 3829 1173 3887 si
1195 3829 1322 3887 nutritus
1344 3828 1417 3895 eris,
1441 3843 1510 3887 cum

255 3907 549 3996 'fusamimonte
576 3930 693 3989 numeri
715 3926 837 4006 pluralis
855 3948 923 3991 oum
945 3929 988 3991 vei
1011 3932 1036 3991 si
1058 3930 1161 3990 nutriti
1183 3930 1309 3999 erimus,
1332 3946 1400 3988 eum
1424 3926 1468 3988 vel
1486 3927 1512 3986 si

255 4017 329 4086 'miii
344 4033 428 4103 eritis,
452 4049 522 4092 oum
536 4028 582 4091 vet
597 4032 623 4091 si
644 4031 746 4091 nutriti
770 4032 861 4099 erint;
885 4038 915 4091 et
933 4031 1075 4092 ulteriore
1095 4032 1195 4092 futuro
1214 4032 1331 4091 numeri
1353 4028 1511 4105 singularis
1524 4043 1550 4084 ss

256 4124 304 4177 Μ
316 4128 353 4190 sd
369 4134 395 4193 si
413 4133 544 4194 nutritus
563 4130 658 4201 fuero,
675 4127 690 4216 ΙΙ
704 4150 772 4192 eum
795 4132 840 4193 rel
863 4135 888 4194 si
910 4134 1039 4194 nutritus
1058 4134 1160 4204 fueris,
1183 4151 1252 4194 cum
1275 4130 1319 4193 rel
1336 4133 1362 4191 si
1382 4131 1512 4190 nutritus

256 4209 328 4297 'wilt
357 4234 474 4297 numeri
498 4231 622 4314 pluralis
655 4252 723 4295 oum
744 4232 790 4295 rel
816 4236 842 4296 si
873 4236 976 4295 nutriti
1006 4235 1165 4302 fuerimus,
1200 4231 1333 4295 cumaei
1355 4233 1381 4292 si
1408 4232 1513 4291 nutriti

256 4309 345 4427 'Q
364 4354 430 4398 eum
449 4333 496 4396 vei
517 4335 543 4395 si
564 4336 668 4396 nutriti
690 4335 809 4395 fuerint.
853 4353 924 4396 sane
945 4336 1003 4398 hoo
1018 4353 1182 4405 monemus,
1205 4335 1283 4414 quod
1306 4334 1423 4413 generis
1444 4350 1512 4410 pas·

255 4419 354 4527 ’Νι
372 4437 547 4517 deponentis
566 4434 612 4497 rei
634 4437 800 4498 eommunis
824 4436 914 4497 rerba
934 4437 1055 4498 modum
1078 4436 1296 4515 inpersouaiem
1318 4433 1363 4495 rei
1386 4432 1512 4511 gerundi

148 4530 153 4589 Ῑ
255 4529 298 4628 ,Μ
312 4547 406 4601 Mmen
430 4538 477 4600 rei
497 4535 724 4618 appellationem
751 4537 788 4598 ad
812 4538 939 4599 formam
961 4541 1081 4617 generis
1107 4540 1193 4600 activi
1217 4540 1278 4599 sire
1300 4534 1443 4598 neumatis
1467 4532 1510 4596 rei
1524 4545 1551 4586 ⁴⁰

254 4622 375 4700 lnthoadai
395 4658 451 4702 neo
472 4657 533 4700 uon
555 4646 584 4700 et
612 4641 817 4719 frequentativi
844 4642 1033 4719 reperiantur
1055 4640 1214 4702 declinare.
1259 4648 1392 4718 tempora
1420 4638 1512 4714 parti·

254 4720 365 4801 diffisum
391 4741 550 4803 trahuntur
577 4758 594 4801 a
617 4739 708 4802 verbo
734 4743 849 4820 passivo
875 4743 949 4812 duo,
981 4744 1174 4821 praeteritum
1202 4741 1344 4809 nutritus,
1378 4738 1512 4799 futurum

303 4845 328 4896 fi
343 4854 500 4917 reperiuntur
515 4850 566 4901 RB

291 4946 434 5001 tumr.
449 4956 523 5000 aar.
540 4956 603 4998 1111.
1271 4935 1309 4996 12
