3346 5506
591 387 636 447 un
657 387 814 448 nubieus
838 387 890 468 [tn
915 387 1105 470 oonlrvn]
1421 396 1481 458 481

254 502 278 542 p.
294 490 395 533 tcta-as
405 491 428 531 r.
1272 510 1293 547 r·
1308 498 1352 538 aar.
1366 497 1391 539 ea
1405 497 1433 539 r.

207 567 337 632 laborum
360 589 424 632 esse
445 580 617 651 potuerunt,
648 582 769 652 utputa
797 576 822 634 si
844 574 976 637 dicamus
997 575 1160 637 aedificium
1183 576 1344 637 aedificatio
1367 579 1483 638 ratioci-

207 673 290 734 natio.
335 673 422 745 hacc,
451 675 517 754 quia
546 681 613 736 sunt
639 677 754 754 integra
782 679 891 757 posita,
919 676 991 738 nulli
1019 679 1196 739 conveniunt
1222 678 1305 758 pedi:
1340 678 1484 740 excedunt

207 774 281 835 enirn
302 774 356 836 1111
377 794 532 836 numerum
554 774 740 855 syllabarum.
755 775 768 860 Η
784 780 939 858 synzugiae
961 788 1109 850 vocantur,
1132 779 1211 861 quod
1234 780 1341 842 divisae
1362 799 1418 860 pro
1440 779 1483 841 di·

207 875 328 937 videntis
354 877 477 938 arbitrio
504 877 629 956 pedibus
650 881 817 958 signentur,
849 889 880 940 ut
901 882 926 940 si
948 880 1069 942 velimus
1092 880 1221 942 dividere
1244 882 1300 942 hoc
1322 900 1432 943 nomen
1453 885 1483 943 in

207 976 276 1039 duos
298 977 442 1058 dactylos,
466 980 551 1041 aediti
574 983 663 1051 catio,
687 983 792 1043 iterum
814 983 845 1041 in
868 981 1070 1044 choriambum
1094 992 1123 1043 et
1144 983 1339 1063 pyrrichium,
1363 984 1511 1045 aedificas

209 1082 261 1153 tio,
285 1089 316 1142 et
338 1090 434 1143 cetera
458 1081 656 1143 huiusmodi.
690 1102 791 1145 verum
815 1085 839 1145 si
861 1102 965 1145 novem
988 1083 1165 1164 syllabarum
1189 1103 1296 1146 nornen
1318 1087 1486 1158 incurrerit,

207 1183 242 1243 ita
265 1182 435 1253 diuidimus,
457 1184 561 1245 ratioci
584 1184 788 1256 nationibus,
818 1187 848 1245 in
876 1204 1019 1266 paeonem
1041 1188 1161 1248 tertium
1184 1197 1213 1248 ct
1235 1187 1436 1249 ditrochaeum
1459 1198 1489 1248 et

207 1285 401 1364 semipedem
424 1292 474 1346 aut
495 1287 550 1355 ita,
573 1288 648 1345 ratio
671 1288 760 1348 cinati
783 1287 902 1357 onibus,
931 1289 961 1347 in
983 1296 1172 1368 anapaestum
1196 1299 1226 1349 et
1247 1288 1487 1367 amphibrachum

207 1394 233 1446 ct
252 1385 416 1467 dactylum,
439 1395 469 1448 et
490 1386 546 1448 alia
568 1387 654 1448 huius
676 1388 764 1449 modi.
795 1388 899 1470 [pedes
924 1389 1059 1470 disyllabi
1088 1408 1188 1453 secum
1211 1391 1301 1451 iuncti
1323 1391 1377 1452 hos
1398 1391 1435 1452 dc
1457 1411 1488 1453 se

208 1487 336 1570 duplices
356 1488 421 1550 XVI
443 1498 545 1550 creant
566 1488 617 1550 tali
640 1488 813 1571 schcmate]
1500 1510 1525 1550 ro

288 1591 400 1653 Omnes
421 1589 595 1670 pedestres
617 1590 792 1653 divisionum
814 1591 954 1654 lormulas
970 1599 1085 1662 tenent,
1108 1594 1159 1653 sed
1175 1594 1228 1655 has
1242 1613 1317 1674 quae
1339 1594 1375 1656 ad
1391 1613 1488 1673 gram-

208 1694 326 1756 maticos
347 1694 506 1773 pertinent.
551 1712 618 1756 narn
641 1693 885 1774 amphibrachus,
908 1696 958 1773 qui
981 1697 1124 1775 excipitur
1146 1714 1162 1754 a
1184 1696 1312 1766 Donato,
1335 1696 1423 1757 habet
1445 1696 1489 1758 di-

210 1796 348 1857 risionem
376 1813 451 1876 quae
479 1795 586 1856 dicitur
615 1795 715 1876 tripla;
753 1798 877 1876 epitriti,
901 1797 950 1875 qui
972 1788 1008 1856 ab
1032 1797 1135 1857 eodem
1158 1798 1357 1877 excipiuntur,
1380 1797 1490 1860 hahent

209 1896 379 1959 divisionem
401 1915 477 1977 quae
500 1899 616 1977 epitrita
639 1897 754 1959 dicitur.
786 1915 857 1975 ergo
879 1897 924 1958 bis
947 1899 1076 1977 quinque
1098 1897 1222 1977 pedihus
1244 1902 1373 1978 exceptis
1395 1902 1489 1961 scien-

208 1998 273 2061 dum
295 2005 340 2061 est
361 1998 439 2077 quod
460 2000 492 2060 in
512 1999 633 2079 reliquis
652 1999 777 2079 pedibus
799 2001 870 2061 istae
893 2008 961 2059 sunt
983 1999 1138 2061 divisiones
1155 2009 1229 2071 treS,
1255 2020 1377 2080 quarum
1393 2004 1488 2082 prima
1503 2021 1527 2061 u

208 2118 311 2182 aequa,
333 2101 462 2162 secunda
484 2101 587 2182 dupla,
612 2102 697 2162 tertia
718 2099 851 2180 sescupla
874 2100 991 2162 dicitur.
1035 2109 1065 2162 ct
1087 2111 1132 2162 est
1153 2121 1244 2182 aequa
1267 2103 1368 2164 divisio
1390 2105 1421 2164 in
1444 2105 1489 2165 his

208 2201 343 2281 pedibus,
367 2205 417 2283 qui
438 2202 526 2264 soluti
548 2212 591 2265 tot
614 2213 747 2283 tempora
769 2202 879 2265 hahent
900 2205 930 2263 in
959 2204 1031 2273 arsi,
1060 2212 1132 2283 quot
1153 2205 1183 2263 in
1205 2204 1294 2274 thesi,
1319 2216 1350 2266 ut
1372 2215 1417 2266 est
1439 2206 1489 2267 da·

209 2304 307 2386 ctylus.
351 2304 438 2387 dupla
467 2314 525 2376 est,
554 2308 689 2386 quotiens
717 2304 807 2365 ahora
836 2322 905 2384 pars
935 2303 1057 2365 alteram
1083 2313 1197 2384 partem
1220 2305 1309 2386 duplo
1332 2307 1438 2377 ducit,
1462 2316 1492 2369 et

209 2416 249 2469 ost
269 2409 302 2468 in
323 2408 370 2468 his
391 2407 530 2489 pedibus,
556 2406 560 2490 Ι
584 2407 725 2469 trochaeo
747 2415 777 2467 et
798 2405 912 2467 iambo:
935 2423 1003 2467 nam
1025 2408 1120 2486 prima
1145 2406 1255 2486 syllaba
1278 2407 1336 2468 duo
1359 2416 1491 2488 tempora

209 2508 309 2581 babet,
330 2526 458 2589 sequeus
480 2528 586 2579 unum,
610 2508 654 2570 rel
677 2516 788 2570 contra.
819 2506 952 2588 sescupla
975 2516 1032 2578 est,
1055 2509 1191 2588 quotiens
1213 2508 1304 2570 altera
1326 2528 1395 2590 pars
1418 2509 1488 2571 alte·
1503 2532 1528 2570 a»

209 2628 269 2673 ram
291 2618 406 2693 partem
430 2610 609 2671 dimidietate
632 2609 714 2691 dupli
735 2612 838 2683 vincit,
861 2628 936 2691 quae
958 2609 1069 2670 idcirco
1091 2610 1168 2672 dicta
1191 2618 1235 2672 est
1257 2610 1399 2690 sescupla,
1421 2613 1489 2691 quia

208 2711 271 2793 plus
298 2713 337 2775 ab
364 2731 457 2793 aequa
479 2714 637 2792 significat,
665 2714 763 2773 minus
785 2730 801 2771 a
823 2711 920 2792 dupla.
965 2712 1044 2774 aliud
1069 2721 1112 2774 est
1135 2714 1227 2784 enim,
1252 2732 1318 2774 cum
1341 2711 1399 2775 duo
1422 2722 1491 2773 sunt

214 2823 314 2877 contra
336 2832 429 2876 unum
453 2814 528 2895 (plus
549 2816 627 2875 enim
651 2812 765 2874 laborat
787 2811 836 2872 illa
857 2831 941 2892 pars,
964 2833 1039 2894 quae
1062 2833 1152 2876 unum
1175 2813 1264 2876 hahet
1286 2822 1388 2875 contra
1411 2813 1489 2893 duo),

209 2916 283 2986 aliud
305 2925 364 2988 est,
392 2934 459 2979 cum
481 2918 535 2978 tria
557 2918 677 2977 veniunt
705 2923 806 2976 contra
835 2914 903 2975 duo.
948 2917 1023 2976 scire
1046 2918 1134 2977 etiam
1169 2916 1310 2977 dehemus
1338 2914 1417 2996 quod
1440 2934 1489 2976 ae·

209 3038 293 3100 quarn
320 3018 492 3079 divisionem
519 3035 674 3098 possumus
696 3035 800 3079 vocare
828 3015 1014 3096 dactylicam,
1043 3015 1162 3096 duplam
1190 3017 1359 3088 iambicam,
1388 3035 1488 3079 sescu·
1501 3039 1527 3078 aa

210 3120 284 3202 plani
305 3120 486 3202 paeonicam.

288 3213 481 3284 inueniuntur
508 3211 545 3280 in
568 3239 626 3282 uno
655 3240 771 3300 quoque
794 3228 888 3280 metro
916 3220 1007 3298 pedes
1028 3222 1077 3300 qui
1100 3218 1238 3280 dicuntur
1260 3222 1356 3293 nothi,
1379 3221 1489 3284 idcirco

212 3325 288 3405 quod
309 3324 389 3385 reiut
410 3322 535 3403 adpositi
557 3342 574 3383 a
597 3322 737 3401 dignitate
760 3322 846 3382 metri
869 3321 1064 3400 degenerent,
1088 3331 1121 3382 ut
1143 3324 1238 3382 estin
1262 3341 1345 3383 versu
1369 3323 1489 3384 heroico

211 3428 363 3489 trochaeus
385 3435 558 3505 anapaestus
579 3424 851 3505 proceleumaticus.
882 3441 950 3484 uam
973 3422 1095 3502 legitimi
1117 3425 1236 3483 suntin
1259 3423 1379 3485 heroico
1400 3444 1490 3506 spon·

209 3529 279 3591 deus
301 3538 331 3591 et
352 3527 496 3607 dactylus,
520 3529 570 3607 qui
592 3536 690 3587 tamen
712 3528 825 3605 etipse
847 3543 906 3586 non
929 3526 983 3587 luit
1002 3522 1016 3607 ΙΙ
1039 3533 1106 3586 ante
1128 3523 1291 3602 legitimus,
1321 3527 1373 3587 scd
1394 3528 1488 3588 lactus
1501 3549 1526 3590 ao

208 3641 252 3693 est
276 3650 314 3692 ex
342 3628 487 3691 solutione
515 3630 660 3690 secundae
687 3626 813 3708 syllabae
842 3625 974 3706 spondei.
1019 3625 1109 3705 pedes
1136 3625 1284 3706 simplices
1316 3627 1382 3688 ideo
1419 3629 1489 3691 dicti

200 3741 287 3803 sunt,
316 3732 395 3813 quod
422 3750 482 3791 non
509 3733 567 3791 sint
588 3749 624 3791 ex
646 3730 771 3810 pedibus
792 3727 856 3788 aliis
878 3729 1047 3807 compositi,
1070 3727 1121 3788 scd
1144 3737 1263 3798 natura,
1287 3738 1316 3790 et
1339 3748 1429 3809 usque
1452 3731 1487 3792 ad

201 3844 304 3897 ternas
331 3831 457 3913 syllabas
486 3832 616 3893 tendunt.
662 3834 686 3892 si
717 3833 795 3892 enim
818 3848 911 3910 usque
934 3829 970 3891 ad
992 3837 1130 3910 quattuor
1152 3831 1326 3901 dixerimus,
1349 3833 1407 3892 iam
1429 3850 1488 3893 non

273 4038 446 4093 laetificum
464 4038 527 4087 ratlo
546 4037 702 4086 ratiocinatio
715 4035 739 4084 Ρ
752 4035 893 4084 aedillcutio
911 4035 1067 4084 orationibus
1086 4034 1178 4098 (oratio
1195 4049 1263 4084 corr.
1281 4036 1437 4086 orationihus
1449 4037 1487 4101 Β)

196 4111 361 4163 ratiocinatio
380 4107 431 4159 BF
515 4107 532 4156 2
549 4105 612 4156 hoec
630 4121 694 4169 quoe
713 4116 771 4155 sunt
786 4106 811 4153 F
827 4105 890 4154 llaec
908 4114 966 4154 sunt
986 4106 1089 4153 uomina
1107 4118 1171 4167 ‹yuue
1190 4104 1323 4157 Putrehe'us
1391 4105 1409 4157 3
1427 4123 1488 4171 syn·-

193 4181 296 4247 2ygiae
312 4180 339 4230 P
353 4178 486 4243 siuzygioe
502 4177 528 4227 B
544 4179 684 4242 senzugiuc
701 4176 726 4225 F
810 4176 894 4224 diuisa
912 4175 936 4224 Ρ
1021 4177 1037 4224 d
1056 4171 1198 4239 signentur]
1219 4182 1358 4239 syzyzonte
1377 4189 1404 4237 ς,
1422 4179 1489 4228 unde

189 4245 377 4317 ινζϋγῶπαι
395 4248 480 4300 editor
501 4247 701 4298 Vindobonenrt'u
777 4245 854 4294 baut
872 4246 961 4293 iterum
981 4243 1005 4292 P
1073 4243 1132 4292 lin
1151 4258 1218 4308 peon
1236 4247 1336 4294 tertium
1354 4253 1379 4294 et
1395 4246 1488 4298 distro-

187 4319 295 4370 tbonm
312 4318 338 4369 F
413 4318 444 4369 11
465 4317 560 4367 lorinus
578 4316 603 4365 F
671 4316 718 4364 has
734 4315 839 4378 quusF
914 4314 945 4363 12
964 4310 1116 4362 anilbraehis
1132 4313 1157 4361 F
1237 4313 1268 4365 13
1287 4317 1331 4378 qui
1350 4330 1383 4364 ex
1399 4317 1488 4367 eodeni

192 4390 226 4439 F
295 4388 330 4440 lo
347 4387 426 4453 (lupia
444 4388 518 4440 estB
589 4386 620 4436 17
641 4382 756 4448 dactylus
765 4383 903 4435 Putacltius
919 4383 1043 4448 dactylica
1059 4383 1128 4439 ΒΡς
1145 4384 1267 4433 daotalicu
1284 4386 1310 4434 F
1379 4386 1410 4436 18
1428 4402 1487 4451 par-

188 4464 251 4511 tem
272 4473 321 4510 om.
340 4457 390 4508 BP
457 4458 488 4508 at
510 4467 608 4522 partem
625 4472 671 4507 om.
689 4455 713 4503 F
763 4454 926 4504 dimedictute
942 4451 968 4502 B
983 4453 1151 4503 demedietate
1168 4455 1195 4504 F
1254 4457 1288 4505 22
1308 4456 1391 4506 minus
1410 4455 1489 4520 dupla

186 4529 254 4580 alid
273 4528 300 4579 Ρ
380 4530 414 4578 24
432 4528 481 4578 triu
497 4528 522 4576 Ρ
536 4543 603 4577 corr.
623 4536 673 4576 tres
690 4523 715 4573 B
732 4534 783 4574 tres
800 4525 827 4575 F
912 4523 945 4573 rt
965 4523 1043 4587 pedes
1059 4522 1186 4589 ignobiles
1204 4525 1248 4588 qni
1267 4525 1337 4574 nothi
1365 4535 1489 4575 uocantur

188 4598 339 4650 Mettus
406 4597 441 4649 28
456 4597 523 4660 quod
543 4598 612 4648 uelut
636 4595 747 4662 oppositi
764 4609 781 4643 a
798 4594 924 4661 dignitate
939 4594 1014 4643 metri
1033 4592 1188 4660 degenerent
1202 4594 1229 4644 P
1244 4597 1311 4659 quod
1330 4595 1454 4660 adpossiti
1473 4611 1488 4643 a

187 4668 329 4737 dignitate
351 4668 424 4719 metri
442 4681 471 4716 se
488 4667 642 4734 degenerent
658 4665 684 4715 F
700 4663 772 4728 quod
793 4664 865 4715 uellit
891 4662 1003 4725 supuda
1026 4662 1179 4715 duriam
1194 4666 1268 4715 metri
1293 4674 1319 4716 et
1345 4665 1488 4731 redigerent

186 4752 271 4795 eurr.
290 4737 360 4804 quod
374 4737 485 4803 adposih'
504 4752 520 4787 a
536 4737 662 4805 dignitate
679 4734 754 4785 metrl
767 4733 847 4791 reditu
940 4730 961 4744 '⁸
1245 4731 1356 4811 heroico
1376 4734 1400 4783 P
1417 4751 1487 4788 corr.

189 4818 260 4862 nunt
276 4811 305 4860 in
320 4808 424 4859 heroico
443 4821 520 4857 uersu
536 4806 562 4857 B
579 4807 607 4859 hi
624 4816 684 4859 suot
699 4804 728 4857 F
1277 4804 1387 4855 {denir

187 4876 416 4935 ffimmF

252 4967 403 5013 annuunt.
420 4967 480 5013 tar.
495 4966 543 5013 tut
