3346 5506
223 366 285 429 tto
384 448 386 453 .
764 362 767 369 ’
810 360 933 426 81111111

246 468 291 522 [i.
303 469 350 512 Μ’.
365 468 389 512 37
403 467 451 510 cod.
465 467 513 510 Par.
864 512 867 517 ,
1357 470 1360 475 “

224 566 306 612 mum
328 546 451 611 lanum
479 548 639 611 sihiberis
667 549 761 631 Lyce,
786 547 933 614 Inclusam
955 548 1082 615 Danaen·
1097 552 1192 615 tur'rls
1212 569 1319 626 aenea,
1347 552 1431 617 llinis
1449 558 1517 617 orte

223 648 311 713 bonis
332 657 453 731 optuma
467 651 636 733 Romyleae,
657 652 719 714 Iam
741 654 819 714 reris
840 655 964 717 comites
982 670 1058 736 quae
1079 672 1162 717 mare
1183 661 1362 737 temperant.

214 814 217 819 ,
309 751 440 832 Septima
468 753 525 814 ode
553 752 664 816 dicolos
691 762 738 817 cst
764 754 913 819 distroios.
957 772 1026 820 nam
1054 758 1140 837 prim
1164 774 1267 820 ummo
1286 756 1438 823 ⁴heroicus
1462 762 1518 829 aa,

224 853 276 936 qul
296 872 349 917 sex
371 853 509 935 pedibus,
532 852 648 937 dactylo
671 855 783 918 scilicet
803 864 834 918 ot
854 857 979 938 spondio
999 858 1205 921 indifferenter
1229 860 1346 939 positb,
1373 858 1518 923 lumina

199 963 288 1028 itur,
310 955 459 1019 secundus
481 975 550 1021 vero
571 965 743 1021 tetrametro
758 957 870 1022 aceialo
885 960 949 1023 eim
963 960 1105 1032 allicitur:
1127 976 1257 1042 rususque
1274 958 1280 1045 Ι
1298 966 1345 1022 est
1358 960 1417 1023 hac
1429 962 1521 1023 matti

226 1059 440 1140 compositione
461 1058 557 1121 trihus
578 1067 693 1123 tantum
714 1061 863 1133 cantibus,
886 1079 1014 1141 quorum
1036 1064 1148 1143 primos
1162 1080 1266 1124 versus
1279 1061 1419 1144 adpositi,
1441 1060 1521 1127 Lan·

230 1153 342 1224 dabunt
363 1159 413 1224 alii
435 1161 546 1224 claram
567 1162 694 1223 Rhodon
715 1171 767 1225 aut
787 1162 969 1246 Mitylenen,
983 1164 1027 1227 'Pe
1048 1165 1140 1227 maris
1160 1171 1191 1227 ct
1211 1172 1310 1227 terrae
1330 1180 1521 1247 nummoque

227 1264 357 1326 carentis
377 1263 521 1336 harenae,
549 1263 625 1338 Quid
648 1263 700 1326 tibi
723 1266 766 1328 vis
787 1266 905 1328 muher.
916 1267 1009 1345 nigris
1030 1266 1201 1347 dignissima
1222 1264 1330 1329 hanla.

314 1364 422 1428 Octava
444 1365 501 1429 ode
521 1365 634 1429 dicolos
649 1374 694 1428 est
708 1366 858 1430 distroios
890 1369 974 1448 prior
993 1370 1073 1431 enlm
1087 1384 1191 1430 veruta
1204 1366 1332 1430 allicitur
1344 1366 1522 1431 choriambo

190 1484 216 1531 to
230 1474 260 1528 ct
279 1465 501 1547 palimbacchim
531 1468 679 1531 secundus
705 1487 776 1530 vero
806 1477 921 1533 constat
942 1488 979 1533 ex
1000 1470 1120 1552 epitrito
1141 1468 1288 1542 secundo,
1309 1468 1429 1533 duobus
1448 1468 1524 1535 cm

227 1568 352 1632 riambla
378 1576 410 1630 ot
435 1569 656 1650 palinbacch10;
686 1589 815 1651 ususque
836 1583 881 1634 est
899 1573 957 1634 hac
977 1573 1066 1634 metri
1087 1573 1301 1653 compositione
1322 1590 1383 1635 uno
1404 1579 1522 1637 uncum

233 1678 340 1753 cantu,
364 1672 448 1733 culus
468 1675 583 1754 primus
604 1688 708 1736 versus
728 1673 894 1753 adscriptus
916 1681 973 1744 est,
996 1672 1086 1755 Lydia
1109 1673 1156 1735 dic
1177 1692 1233 1756 per
1253 1692 1366 1737 omnes.

314 1773 399 1836 Nona
421 1773 478 1837 ode
499 1774 621 1837 tricolos
641 1782 687 1837 eat
705 1776 900 1839 tetrastrolos.
945 1794 1012 1839 nam
1039 1777 1129 1856 primi
1151 1776 1210 1839 duo
1231 1794 1333 1839 versus
1354 1776 1524 1858 penthemi-

231 1876 307 1938 meri
327 1874 452 1938 lambino
475 1884 505 1937 et
527 1875 642 1939 duobus
664 1876 785 1958 dactylis
806 1879 965 1950 liniuntur,
988 1880 1093 1941 tertius
1112 1897 1182 1941 vero
1204 1879 1329 1941 dimeter
1350 1885 1396 1940 est
1416 1878 1525 1941 iambi·

194 1991 286 2041 nous
312 1976 581 2059 hypercatalectus,
615 1987 739 2060 quartus
766 1988 863 2043 autern
891 1979 1013 2062 dactylis
1040 1980 1155 2043 duobus
1182 1989 1212 2043 et
1238 1979 1352 2043 duobus
1373 1980 1525 2043 trochaeis

233 2081 425 2151 terminatum
452 2099 583 2162 ususque
611 2091 656 2144 est
682 2081 739 2144 hac
765 2083 853 2145 metri
875 2084 1089 2164 compositione
1110 2101 1161 2144 aar
1184 2091 1215 2144 et
1234 2083 1355 2162 triginta
1377 2080 1525 2154 modim

232 2200 360 2263 quorum
382 2183 546 2264 primordia
569 2181 739 2258 subnotari,
767 2183 862 2246 Vides·
881 2193 915 2247 ut
941 2184 999 2247 alta
1020 2192 1079 2248 stet
1098 2186 1165 2247 nive
1187 2184 1358 2255 candidum,
1381 2183 1406 2246 0
1429 2192 1525 2247 matra

232 2283 358 2365 pulchra
384 2285 444 2348 iilia
472 2284 642 2367 pulchrior,
671 2284 761 2348 Velox
790 2304 947 2350 amoenum
975 2303 1064 2367 saepe
1084 2287 1277 2358 Lucretilem,
1300 2287 1391 2349 hum
1411 2286 1525 2349 amima

233 2387 381 2448 tristitiam
411 2399 441 2450 et
468 2396 579 2459 metus,
607 2386 690 2450 Natis
711 2389 743 2450 in
765 2407 835 2451 usus
856 2389 984 2452 laetitiae
1006 2390 1105 2471 scyils,
1132 2389 1192 2451 lcci
1213 2388 1307 2451 beatis
1328 2406 1390 2450 non
1410 2388 1525 2451 inridet

186 2486 369 2551 Ι1111111111]
384 2491 478 2569 garis,
502 2488 577 2560 Quid
601 2490 768 2553 dedicatum
790 2494 889 2573 poscis
909 2488 1089 2572 Apollinem,
1112 2491 1223 2553 Parcus
1244 2489 1367 2553 deorum
1383 2488 1485 2554 cralton
1499 2499 1525 2553 et

232 2590 420 2672 infrequens,
448 2611 473 2650 a
492 2592 579 2655 Nunc
606 2600 652 2654 est
679 2592 841 2655 bibendum
869 2610 949 2655 nunc
975 2592 1051 2673 pede
1078 2592 1189 2664 libero,
1217 2593 1327 2655 hictum
1349 2610 1386 2655 ex
1407 2590 1525 2657 Metello

234 2690 357 2756 consuis
385 2694 526 2767 ciricum,
556 2696 687 2776 Aequam
720 2701 871 2757 memento
904 2694 994 2757 rebus
1023 2696 1055 2756 in
1088 2694 1202 2767 arduis,
1234 2692 1372 2756 Nondum
1403 2692 1525 2757 nnbacta

233 2794 314 2859 lerre
335 2797 438 2876 iugum
460 2793 552 2868 valet,
576 2796 600 2858 0
624 2815 713 2878 saepe
734 2815 851 2860 mecum
873 2802 990 2877 tempus
1016 2797 1049 2858 in
1070 2796 1221 2868 ultinmm,
1243 2794 1309 2859 Non
1330 2812 1453 2877 semper
1473 2797 1525 2859 lm·

235 2898 305 2961 bres
334 2898 463 2960 nubibus
490 2899 635 2980 hispidos,
666 2899 742 2972 Quid
765 2898 924 2961 bellicosus
946 2897 1092 2962 Caritaber
1114 2906 1144 2960 ct
1165 2898 1301 2979 Scythes,
1323 2896 1400 2961 llalo
1424 2907 1457 2960 et
1477 2916 1525 2960 ne

199 3002 313 3064 atarto
334 3009 364 3063 te
385 3003 485 3081 posuit
506 3003 568 3075 die,
591 3001 673 3063 Eheu
697 3002 816 3081 lugacas
838 3003 976 3063 Postume
997 3001 1136 3062 Postume
1160 2999 1235 3082 [et],
1259 2998 1318 3061 Cur
1338 3019 1388 3061 me
1409 2999 1526 3081 querel-

236 3103 273 3165 lis
295 3105 447 3167 exanimas
467 3105 540 3174 tuis,
568 3105 718 3166 Bacchum
740 3105 771 3163 in
794 3121 827 3164 re
860 3105 917 3164 otis
938 3104 1069 3165 carmina
1091 3101 1229 3182 rupibus,
1257 3101 1323 3164 Non
1344 3103 1452 3164 usitata
1475 3120 1525 3164 net

236 3209 319 3269 tenui
347 3206 441 3279 ierar,
471 3202 528 3268 Odi
557 3206 712 3286 profanum
743 3204 811 3284 vulg
833 3223 846 3264 s
874 3214 904 3266 et
925 3223 1029 3277 arceo,
1057 3207 1218 3284 Angustam
1241 3205 1335 3265 amice
1355 3204 1525 3283 pauperiem

236 3311 312 3389 pati,
336 3308 447 3370 lustum
471 3316 501 3369 et
522 3316 656 3370 tenacem
679 3309 825 3389 propositi
845 3309 956 3379 virrrm,
979 3307 1132 3369 Descende
1154 3303 1236 3366 caelo
1251 3313 1281 3366 et
1302 3305 1349 3369 dic
1371 3322 1427 3383 age
1450 3305 1525 3380 tibia

238 3411 325 3472 Caelo
348 3418 499 3472 tonantem
529 3409 709 3471 credidimus
737 3409 851 3478 lovem,
883 3409 992 3471 Delicta
1021 3411 1166 3470 maiorum
1188 3408 1343 3468 inmeritus
1365 3405 1444 3479 lues,
1468 3406 1525 3471 ich

198 3520 353 3575 uvetusm
375 3511 482 3574 nobilis
504 3513 542 3574 ab
565 3514 672 3586 Lamo,
696 3510 721 3574 0
744 3520 811 3573 nate
826 3530 942 3572 mecum
966 3508 1086 3572 consule
1108 3507 1230 3580 hlaulio,
1254 3507 1342 3570 Caelo
1362 3511 1488 3589 supinas
1508 3529 1525 3571 s

236 3615 340 3678 tuleris
362 3633 481 3686 manus,
514 3615 578 3677 Viri
600 3614 705 3695 puellis
727 3632 822 3694 nuper
844 3612 982 3683 idoneus,
1006 3611 1137 3692 Tyrreua
1160 3628 1264 3690 regum
1286 3613 1448 3690 progenies
1469 3609 1525 3682 tibi

238 3718 362 3791 Qualem
385 3719 555 3781 ministrum
578 3717 709 3778 fulminis
731 3716 845 3786 alitem,
868 3714 912 3777 Nc
935 3716 1011 3776 lorte
1034 3712 1138 3774 credas
1158 3714 1313 3774 interitura
1336 3729 1427 3792 quac,
1451 3713 1525 3785 Quae

238 3839 309 3883 curn
332 3829 448 3902 patrum
472 3802 583 3901 quaere
605 3819 780 3891 Quiritium,
802 3816 919 3880 Foebus
940 3815 1087 3877 volentem
1110 3816 1241 3877 camnine
1263 3833 1311 3875 me
1334 3812 1425 3894 loqui

325 3923 444 3984 Decima
467 3922 523 3983 ode
546 3921 716 3982 monocolos
737 3928 788 3982 est.
819 3938 905 3980 uersu
921 3921 1015 3990 enirn,
1032 3921 1079 3980 oui
1095 3915 1294 3979 choriambico
1310 3933 1420 3977 nomen
1436 3917 1525 3986 daurr

201 4030 229 4074 ⁸⁶
243 4024 410 4086 continetur
425 4032 455 4085 et
470 4031 585 4085 constat
599 4023 733 4104 spondio,
757 4021 852 4084 tribus
866 4019 1046 4082 choriambis
1069 4029 1099 4081 et
1120 4019 1286 4100 pyrrichim
1311 4035 1444 4096 usuraque
1467 4028 1514 4081 est

312 4244 390 4295 lslui
408 4246 477 4295 ueris
495 4245 551 4312 lyco
605 4259 698 4295 aeneae
716 4244 813 4293 diuisor
830 4251 854 4293 te
924 4243 1009 4292 2111111
1029 4242 1096 4291 beris
1165 4239 1303 4305 ‹ispondio
1319 4238 1469 4292 differenter

240 4315 367 4369 8mulier
385 4316 534 4384 nigriaslrna
551 4314 635 4364 barbis
689 4313 814 4366 Poctubu
869 4312 898 4364 ll
920 4321 959 4363 ost
979 4328 1024 4364 om.
1080 4310 1111 4364 13
1133 4319 1172 4361 est
1189 4325 1234 4360 one.
1287 4308 1486 4374 penthlmlmcro

242 4386 430 4438 litertiouero
468 4385 500 4436 16
511 4386 661 4435 terminatus
698 4385 854 4435 rachater
896 4381 1054 4448 reputantes
1098 4380 1128 4431 111
1138 4381 1245 4430 tristiam
1287 4378 1525 4447 laetitiaaopll.sioo

240 4456 321 4509 beatis
340 4457 421 4507 beatis
492 4454 525 4505 20
545 4455 611 4522 galis
681 4456 713 4505 21
734 4457 825 4505 locum
844 4469 916 4519 quarn
933 4453 1044 4504 indicaui
1060 4466 1148 4502 uersus
1164 4451 1316 4515 principalia
1333 4454 1453 4503 cumis
1471 4453 1483 4501 1
1502 4449 1525 4502 tt

242 4527 334 4578 odlva
352 4536 452 4593 gratum
473 4541 537 4590 quae
553 4527 622 4592 regis
642 4526 745 4573 Antium
765 4524 862 4576 excidit
912 4522 1051 4573 uiuendum
1104 4523 1137 4572 22
1155 4534 1261 4584 nequam
1280 4529 1364 4571 mento
1426 4523 1525 4573 24can

242 4607 314 4648 tuuer
332 4605 356 4646 et
376 4597 479 4648 southes
550 4597 583 4648 ab
606 4611 706 4645 corrnen
730 4596 752 4644 11
773 4597 813 4651 lb.
832 4596 881 4643 iam
901 4599 1082 4658 patronarutro
1101 4593 1189 4657 iugera
1207 4591 1308 4655 regine,
1326 4590 1448 4643 hocloco
1463 4594 1525 4643 onia

242 4684 294 4718 sum
309 4683 362 4718 ema
382 4669 688 4730 paracoemumenum,
711 4664 776 4716 eheu
795 4667 900 4731 fugaces
917 4664 1034 4713 Postumo
1053 4662 1189 4721 Postume,
1208 4663 1375 4711 cananaeam·
1392 4663 1525 4728 tapinosin*

242 4738 316 4788 detur
332 4742 509 4800 psammeticus
596 4737 629 4785 27
649 4736 721 4800 iepar
807 4737 841 4785 28
859 4734 921 4783 tinia
1007 4733 1042 4783 211
1062 4729 1128 4796 lues]
1150 4732 1219 4783 locus
1289 4728 1325 4783 30
1340 4730 1372 4780 ab
1390 4731 1460 4783 ulmo

243 4807 347 4858 manilio
418 4807 451 4860 32
469 4809 600 4858 interitura
624 4822 699 4870 quoq,
717 4821 777 4856 curu
852 4803 885 4855 34
904 4811 942 4853 ost
959 4817 1007 4856 om.
1079 4802 1121 4851 oui
1142 4799 1280 4852 choriambi
1298 4814 1442 4870 cognomen
1462 4801 1524 4855 datu

244 4888 268 4929 et
287 4884 385 4928 constat
400 4878 511 4944 spondlo
524 4877 606 4928 tribus
624 4874 751 4926 trochaeis
770 4886 795 4926 et
814 4873 943 4940 pyrrichio
962 4872 1105 4923 continetur
1121 4885 1238 4937 usuraque
