3346 5506
226 375 283 438 138
443 438 446 447 ,
808 377 920 439 l‘llillll
935 403 942 415 ·

273 493 390 546 precra
406 493 432 533 a.
1298 491 1456 544 pascor.

223 567 367 625 trinsecus
384 562 496 642 plurale
515 571 581 624 tuae
604 571 719 625 tuarum
743 566 799 624 tuis
821 571 884 624 tuas
905 570 972 625 tuac
994 566 1090 631 atuis.
1113 564 1231 640 generis
1247 565 1345 623 neutri
1363 580 1505 641 personae

223 666 369 727 secuntiae
391 667 568 728 intrinsecus
589 665 737 742 singulare
760 673 796 725 et
816 667 1000 727 extrinsecus
1021 665 1135 744 plurale
1161 673 1210 725 tua
1236 672 1353 725 tuorum
1379 666 1437 726 tuis
1458 673 1503 726 tua

222 774 271 828 tua
293 786 309 828 a
332 769 401 836 tuis;
430 768 548 844 generis
567 765 721 828 masculini
749 785 893 846 personae
912 770 1014 829 tertiae
1041 768 1216 829 intrinsecus
1235 765 1384 844 sirrgulare
1407 775 1437 827 ct
1456 785 1505 828 ex·

222 871 366 930 trinsecus
384 868 497 947 plurale
519 870 564 928 sui
586 887 708 930 suorum
729 871 791 931 suis
810 887 879 930 suos
899 870 943 931 sui
963 888 979 930 a
1002 871 1076 938 suis,
1106 870 1224 945 generis
1246 869 1377 930 seminini
1406 886 1505 947 perso·

197 989 277 1033 anae
297 974 399 1032 tertiae
425 972 601 1032 intrinsecus
624 969 773 1050 singulare
801 977 829 1031 et
858 974 1040 1032 extrinsecus
1069 969 1183 1049 plurale
1210 988 1281 1032 suae
1304 989 1426 1032 suarum
1447 971 1506 1032 suia

222 1091 289 1134 suas
310 1091 380 1134 suae
403 1075 515 1143 asnis,
552 1074 668 1150 generis
688 1075 786 1134 neutri
814 1088 959 1151 personae
982 1073 1084 1134 tertiae
1111 1074 1288 1135 intrinsecus
1308 1071 1458 1151 singulare
1478 1080 1507 1134 ct

222 1176 403 1236 extrinsecus
435 1173 547 1252 plurale
580 1193 631 1236 sua
659 1194 780 1235 suorum
809 1177 869 1236 suis
897 1193 948 1237 sua
975 1193 1026 1236 sua
1052 1194 1068 1235 a
1091 1175 1169 1236 suis:
1206 1176 1322 1253 generis
1353 1175 1506 1249 ¹masculini

224 1294 368 1355 personae
390 1278 502 1355 primae
526 1278 702 1356 intrinsecus
723 1276 836 1355 plurale
864 1285 893 1338 et
915 1279 1096 1339 extrinsecus
1115 1277 1266 1355 singulare
1288 1285 1393 1338 troster
1416 1277 1505 1338 ausui

224 1385 324 1437 nostro
347 1386 478 1439 nostrum
500 1386 600 1439 noster
620 1397 636 1439 a
659 1386 775 1448 nostro,
805 1381 922 1456 generis
944 1380 1074 1440 feminini
1101 1397 1246 1458 personae
1264 1380 1376 1459 primae
1404 1380 1506 1439 intrin-

187 1503 210 1542 ιο
223 1496 308 1540 secus
328 1478 440 1557 plurale
469 1487 496 1541 et
520 1482 699 1542 extrinsecus
720 1480 868 1558 singulare
897 1490 996 1541 uostra
1019 1488 1135 1542 nostrae
1162 1488 1280 1541 nostrae
1301 1486 1434 1543 nostram
1456 1499 1505 1541 uo·

223 1587 283 1642 stra
302 1600 318 1641 a
338 1589 446 1650 nostra,
466 1584 583 1660 generis
604 1584 699 1642 neutri
720 1600 863 1659 personae
885 1584 996 1659 primae
1019 1584 1193 1643 intrinsecus
1214 1581 1327 1661 plurale
1349 1590 1378 1643 et
1398 1582 1505 1643 extrin-

209 1676 309 1744 'secus
329 1682 476 1762 singulare
494 1692 627 1745 nostrum
650 1686 742 1747 nostri
766 1693 866 1745 nostro
889 1692 1022 1744 nostrum
1045 1693 1176 1745 nostrum
1201 1703 1217 1744 a
1240 1693 1356 1751 uostro;
1393 1685 1508 1760 generis

223 1785 376 1847 masculini
409 1804 553 1864 personae
580 1786 728 1848 secuntiae
758 1787 934 1847 intrinsecus
959 1785 1071 1863 plurale
1096 1794 1125 1847 et
1151 1788 1332 1846 extrinsecus
1359 1783 1507 1864 singulare

224 1894 320 1949 vester
347 1890 434 1949 vestri
463 1895 559 1949 vestro
587 1896 713 1949 restrum
743 1898 837 1949 vester
870 1899 1018 1955 acesim,
1054 1890 1171 1966 generis
1200 1889 1333 1948 lemiuini
1364 1904 1507 1966 personae

186 2013 210 2053 ra
223 1990 370 2050 secundae
391 1991 568 2052 intrinsecus
590 1989 701 2067 plurale
724 1998 753 2051 et
773 1992 954 2051 extrinsecus
969 1988 1116 2067 singulare
1141 1999 1235 2051 restra
1258 1997 1371 2051 restrae
1396 1998 1507 2051 restrae

225 2100 349 2153 vestram
365 2099 458 2154 vestra
476 2111 492 2153 a
509 2099 611 2160 vestra,
635 2094 752 2168 generis
767 2094 863 2154 neutri
884 2110 1028 2172 personae
1042 2091 1189 2152 secuntiae
1203 2093 1378 2152 intrinsecus
1395 2089 1507 2169 plurale

137 2186 142 2194 ’
224 2203 254 2254 et
274 2196 454 2255 extrinsecus
476 2193 624 2269 singulare
651 2202 779 2255 restrum
806 2197 893 2256 vestri
914 2201 1010 2255 vestro
1032 2201 1159 2255 restrum
1180 2203 1308 2254 restrum
1338 2213 1354 2255 a
1373 2192 1506 2274 resumi

224 2297 339 2375 generis
357 2294 511 2356 masculini
533 2313 676 2372 personae
699 2298 800 2358 tertiae
823 2298 997 2357 intrinsecus
1019 2295 1131 2374 plurale
1155 2304 1184 2356 et
1205 2296 1388 2356 extrinsecus
1410 2296 1506 2371 singu·

224 2397 285 2458 lare
307 2417 377 2459 suus
397 2399 441 2458 sui
463 2416 517 2458 suo
539 2415 624 2458 suum
644 2416 716 2459 suus
736 2418 753 2459 a
772 2417 841 2466 stro,
871 2400 988 2476 generis
1010 2399 1141 2458 seminini
1170 2416 1314 2476 personae
1342 2397 1447 2457 tertiae
1465 2397 1506 2455 iu·

186 2518 212 2558 ao
226 2500 371 2561 trinsecus
393 2498 507 2578 plurale
537 2507 566 2559 et
590 2502 774 2561 extrinsecus
798 2500 946 2577 singulare
974 2520 1026 2562 sua
1045 2519 1116 2561 suae
1136 2519 1206 2561 suae
1226 2518 1307 2559 suam
1320 2502 1382 2557 'sua
1410 2515 1426 2557 a
1447 2491 1530 2565 sua,'

225 2603 341 2678 generis
362 2604 460 2663 neutri
484 2620 627 2680 personae
642 2603 744 2663 tertiae
766 2604 941 2663 intrinsecus
956 2601 1069 2681 plurale
1092 2609 1120 2662 et
1142 2604 1324 2663 extrinsecus
1337 2594 1507 2679 surgularcl

226 2720 312 2765 suum
335 2705 381 2766 sui
402 2723 456 2765 suo
478 2722 562 2765 suum
582 2721 668 2765 suum
691 2723 707 2764 a
731 2723 793 2764 suo.

309 2804 350 2865 lle
372 2812 502 2866 accentu.
547 2805 584 2867 de
606 2814 728 2867 accentu
751 2807 966 2882 pronominum,
987 2807 1029 2866 sic
1053 2807 1093 2865 uti
1117 2813 1146 2864 et
1168 2806 1328 2873 nnrrrimrm,
1352 2806 1382 2864 in
1405 2821 1508 2865 acceu-

226 2906 303 2967 tibus
326 2914 516 2984 conpetenter
540 2908 737 2969 tractabimus
901 2888 905 2898 ⁸

187 3028 213 3068 aa
310 3009 351 3070 lic
368 3009 553 3087 pronomine,
576 3018 716 3086 querutum
740 3011 812 3069 ratio
835 3009 983 3087 poscebat,
1007 3009 1201 3068 tractavimus

721 3180 769 3240 llll
795 3170 1013 3239 tnttt'rtctrto.
1109 3176 1113 3183 ’

310 3314 500 3393 Participium
522 3323 566 3375 cst
587 3332 654 3392 pars
676 3317 824 3376 orationis.
871 3316 1054 3392 participium
1076 3323 1172 3374 autem
1194 3313 1319 3379 dictum,
1342 3314 1421 3390 qrrorl
1445 3332 1510 3392 par-

227 3426 284 3477 tem
311 3418 414 3494 'capiat
445 3417 571 3476 nominis
598 3424 627 3478 et
652 3427 765 3495 partem
793 3417 882 3478 rerlii.
929 3418 1034 3493 recipit
1065 3417 1142 3476 enim
1170 3435 1187 3475 a
1218 3416 1336 3474 riorrriue
1364 3433 1458 3491 geraris
1484 3424 1512 3475 et

227 3537 342 3589 casum,
371 3536 387 3579 a
410 3517 499 3579 rerlro
530 3519 698 3596 qualitatem
725 3528 753 3579 et
779 3529 908 3597 tempus,
937 3519 973 3578 alr
1000 3527 1126 3596 utroque
1154 3536 1308 3577 naturarum
1336 3518 1461 3592 liguram
1485 3526 1514 3576 et

188 3629 389 3685 :inacceptum
434 3640 514 3697 ergo,
539 3629 570 3681 ut
592 3620 730 3692 diximus,
754 3623 906 3698 participio
930 3621 1065 3682 accidunt
1087 3620 1177 3689 llaec,
1200 3638 1293 3697 gertus
1313 3618 1437 3696 ‹paralitas
1461 3638 1513 3680 uu·

227 3739 326 3783 merus
346 3741 431 3783 casus
453 3731 569 3800 tempus
591 3724 684 3798 ligura
705 3731 850 3783 accentus.

312 3823 353 3884 lle
372 3841 491 3900 genere.
535 3841 642 3900 genera
664 3825 824 3901 participiis
846 3824 982 3885 accidunt
1004 3825 1104 3883 sicuti
1127 3821 1293 3882 uoruinilrus
1315 3830 1345 3882 ct
1364 3823 1514 3899 pronomi-

228 3925 322 3993 nibus
346 3925 374 3986 itl
397 3932 443 3986 est
461 3924 655 3985 masculinum
678 3925 848 3985 lemirriuum
872 3935 1008 3986 ueutruru
1031 3943 1188 3984 commuue
1207 3942 1303 3983 eruite.
1335 3941 1405 3983 saue
1425 3942 1515 4002 qttctu

227 4027 262 4087 ad
286 4027 405 4088 modum
428 4044 482 4106 per
503 4044 588 4086 casus
608 4027 786 4086 misceantur
808 4044 927 4103 genera,
952 4030 980 4086 iu
1004 4028 1121 4088 uouriue
1142 4029 1198 4086 iam
1224 4028 1295 4085 satis
1316 4028 1516 4086 tractavimus.

188 4147 213 4187 aa
313 4129 355 4189 Dc
377 4147 457 4191 casu.
491 4146 577 4187 casus
598 4129 757 4205 participiis
779 4129 914 4189 accidunt
936 4129 971 4188 atl
993 4128 1199 4189 declinandum
1220 4130 1261 4188 sic
1284 4129 1326 4187 uti
1349 4127 1517 4187 nominibus

229 4238 258 4292 et
279 4230 519 4310 pronominibus
535 4268 537 4273 «
552 4237 584 4291 ut
606 4237 674 4307 puta
708 4231 899 4292 nonriuatirus
932 4231 979 4290 liic
1003 4231 1147 4292 scrilicns.
1192 4232 1235 4289 sic
1255 4237 1285 4290 et
1307 4230 1396 4290 ceteri
1430 4248 1517 4289 casus

228 4335 457 4413 participiorum,
480 4334 584 4395 sicuti
607 4334 757 4392 nominum
780 4342 809 4393 et
830 4334 1047 4412 pronomiuum,
1071 4334 1199 4393 oiticiuur
1222 4351 1292 4393 suae
1315 4329 1517 4392 ‹leelinatiouis

229 4454 351 4498 necesse
371 4444 416 4496 cst
435 4442 467 4495 ut
488 4442 653 4495 exerceant.

314 4538 356 4598 lle
383 4536 529 4616 qualitate.
575 4537 697 4615 qualitas
725 4538 945 4616 participiorum
974 4545 1018 4596 est
1043 4555 1098 4614 «pm
1127 4536 1336 4612 intelleguntur
1365 4535 1516 4611 participia

191 4653 265 4701 tter
290 4638 396 4717 quilius
427 4637 524 4698 verbis
557 4641 698 4699 oriantur.
743 4641 877 4699 oriuntur
911 4646 1007 4698 autem
1038 4641 1190 4718 participia
1217 4658 1251 4697 rx
1281 4635 1418 4696 rrrrruilsus
1449 4643 1516 4696 octo

299 4787 332 4836 2l
357 4785 520 4835 tractauimus
538 4784 587 4835 rte
691 4785 725 4834 26
753 4800 785 4835 ne
803 4798 983 4835 ruurrcrrror
1015 4803 1037 4837 rs
1058 4801 1090 4835 os
1109 4781 1293 4835 rarrrrrrrroli
1320 4797 1352 4831 us
1370 4796 1518 4835 encaenias

232 4870 346 4907 nrcrcrr
367 4870 459 4906 rucrrrr
478 4870 510 4905 os
526 4868 667 4904 aaurrcrrro
686 4853 711 4903 B
