3314 5506
652 392 861 456 PRAEFATIO
1296 408 1393 455 xxxv

108 585 178 641 sunt
198 577 250 641 hi:
274 575 380 642 codex
403 576 570 641 Parisinus
594 586 676 647 7537
698 577 816 641 memb.
841 587 860 647 4
883 598 967 641 saec.
992 577 1042 641 XI
1065 577 1089 641 s.
1114 588 1129 647 1
1154 584 1260 658 incipit
1281 585 1342 642 dc.
1361 627 1394 643 ..

107 685 248 743 8181181118
269 684 379 742 donati
395 685 592 759 arommotici
616 684 698 742 orbis
714 727 721 740 .
740 726 773 741 ..
809 685 917 743 Partes
939 686 1176 743 orationessunt
1198 691 1328 744 octo-
1351 688 1395 744 in-

105 787 241 845 conditas
261 786 447 845 innenr'nrns.
475 786 624 846 Benace.
654 786 724 846 Vos
745 791 788 845 est
804 818 838 828 -
857 793 1016 845 commata.
1062 786 1278 846 Barbarismns
1299 796 1341 847 est
1353 820 1397 831 —

105 890 186 947 mit
207 888 252 946 ad
271 887 371 947 81181.
417 881 531 947 Codex
552 880 774 968 sangallensis
796 891 858 954 882
881 882 999 962 memb.
1023 891 1042 951 4
1065 904 1149 947 saec.
1173 882 1207 945 X
1235 906 1267 968 p.
1292 893 1396 954 1-66

45 980 47 984 ’
104 991 207 1065 incipit
229 989 323 1048 editio
343 990 478 1049 secundo
499 991 610 1049 donati
632 991 828 1064 qrammatici
855 989 939 1049 urbis
959 1005 1074 1048 romae.
1119 989 1226 1049 Partes
1248 992 1397 1051 notionis

104 1099 168 1151 11811
190 1097 323 1152 ocio-
344 1092 518 1151 inconditas
539 1093 714 1152 invenimus.
740 1093 851 1163 finienti
877 1092 1008 1150 maiores
1028 1098 1137 1165 portes
1163 1092 1271 1151 donati
1294 1110 1395 1166 pram-

103 1194 213 1253 norici.
243 1195 351 1268 incipit
376 1194 508 1253 8111811881
536 1195 575 1253 de
595 1211 678 1254 noce.
728 1195 796 1254 Vos
823 1199 866 1253 est
894 1209 950 1252 ner
970 1226 1013 1234 -
1035 1195 1120 1252 nexit
1148 1195 1192 1252 nd
1217 1195 1314 1254 nrbes.
1344 1212 1395 1255 ex·

100 1296 195 1369 plicit.
229 1312 306 1355 nam
333 1291 382 1355 ita
408 1290 486 1356 olim
514 1301 625 1378 partes
652 1290 728 1356 libri
758 1291 899 1377 scriptae
921 1301 1029 1370 eraut,
1061 1312 1145 1376 quae
1166 1314 1252 1356 nunc
1274 1292 1397 1378 aliquot

104 1392 303 1456 membranis
325 1394 533 1478 transpositis
555 1403 588 1458 et
608 1395 694 1460 inter
716 1414 751 1457 se
773 1392 948 1458 distractae
970 1402 1003 1456 et
1023 1415 1098 1457 cum
1111 1391 1221 1458 libello
1237 1392 1342 1458 Servii
1357 1393 1397 1458 de

102 1491 258 1559 finalibus
282 1496 473 1560 coniunctae
495 1505 582 1560 sunt.
605 1493 720 1560 eadem
742 1492 895 1580 leguntur
914 1495 949 1558 in
976 1494 1087 1559 codice
1110 1492 1313 1578 Sangallensi
1336 1503 1397 1566 878

103 1593 230 1660 decimo
265 1596 397 1661 saeculo
432 1598 552 1684 scripto
582 1605 614 1662 et
641 1599 676 1661 in
703 1596 796 1662 libris
824 1595 949 1661 Italicis
975 1597 1087 1681 quinto
1115 1595 1239 1661 decimo
1267 1597 1397 1662 saeculo

100 1699 230 1784 scriptis
258 1697 418 1763 Vrbinate
441 1707 524 1768 1157
547 1710 580 1764 et
600 1699 818 1765 Ambrosiano
839 1698 876 1763 M
898 1705 949 1769 69.

181 1799 299 1884 Longe
325 1803 487 1866 maximus
516 1813 566 1867 est
593 1823 704 1866 eorum
725 1799 883 1865 librorum
911 1821 1080 1879 numerus,
1109 1801 1164 1885 qui
1187 1800 1332 1885 singulas
1354 1822 1396 1866 ex

100 1901 139 1965 iis
162 1901 329 1988 partibus,
358 1926 443 1990 quae
469 1904 505 1968 in
531 1903 698 1969 codicibus
721 1902 971 1989 suprascriptis
993 1901 1155 1966 indicatae
1177 1912 1267 1982 sunt,
1297 1906 1396 1968 conti-

99 2013 189 2068 nent.
213 2005 271 2089 qui
294 2007 446 2090 quoniam
468 2005 511 2071 ad
532 2006 719 2071 universam
745 2005 822 2070 libri
848 2005 1068 2069 condicionem
1095 2013 1183 2069 recte
1210 2006 1397 2070 existiman·

103 2106 178 2171 dam
202 2106 286 2172 nihil
309 2107 429 2189 valent,
452 2128 517 2172 non
539 2107 736 2172 enumerabo
758 2128 839 2193 quos
861 2106 915 2171 vel
935 2107 1006 2191 ipse
1021 2104 1090 2169 vidi
1104 2104 1157 2169 vel
1179 2107 1212 2168 in
1234 2108 1395 2172 indicibus

101 2207 262 2273 librorum
283 2230 383 2273 mauu
412 2210 606 2295 scriptorum
633 2209 793 2275 indicatos
820 2208 941 2273 inveni.
969 2228 1074 2294 neque
1100 2209 1134 2271 in
1155 2209 1195 2272 iis
1217 2209 1394 2292 codicibus,

97 2312 153 2395 qui
176 2319 291 2376 vetera
312 2311 435 2376 Donati
456 2320 633 2399 praecepta
653 2311 852 2398 interpositis
875 2310 1157 2375 observationibus
1180 2321 1213 2375 et
1237 2312 1394 2397 interpre-

96 2412 278 2478 tationibus
313 2415 529 2479 recentiorum
560 2414 845 2497 grammaticorum
877 2420 1001 2476 mutata
1029 2411 1199 2504 exhibent,
1231 2415 1393 2480 morabor.

99 2535 177 2578 nam
198 2514 240 2578 iis
262 2536 347 2600 quae
369 2517 612 2602 suprascripta
634 2524 710 2579 sunt
731 2514 772 2579 de
794 2516 880 2592 omni
903 2514 999 2578 huius
1022 2511 1097 2578 libri
1119 2516 1288 2597 memoria,
1311 2538 1395 2602 quae

96 2614 230 2701 quidem
252 2616 346 2682 libris
367 2640 466 2682 manu
488 2619 617 2705 scriptis
639 2619 832 2697 continetur,
862 2618 941 2681 satis
963 2626 1112 2680 constare
1134 2627 1223 2703 puto.
1253 2618 1293 2682 de
1322 2631 1394 2685 octo

95 2717 247 2802 partibus
275 2720 430 2784 orationis
457 2721 558 2806 igitur
585 2719 650 2785 duo
678 2718 867 2784 ferebantur
895 2718 1017 2782 Donati
1045 2711 1283 2800 commentarii,
1313 2721 1395 2785 alter

95 2817 229 2884 brevior
249 2821 560 2907 interrogationibus
583 2831 617 2887 et
643 2819 909 2907 responsionibus
932 2818 1127 2905 dispositus,
1156 2843 1253 2907 quem
1282 2822 1394 2887 editio·

95 2942 170 2984 nem
191 2924 333 3007 primam
355 2924 396 2989 de
418 2933 489 2988 octo
511 2925 662 3010 partibus
685 2923 839 2989 orationis
854 2920 909 2987 vel
924 2933 1033 3007 partes
1048 2924 1189 2988 minores
1204 2923 1257 2987 vel
1270 2925 1393 3010 primas

95 3033 207 3109 partes
228 3026 433 3110 grammatici
455 3026 703 3112 inscripserunt,
737 3025 819 3091 alter
845 3024 976 3089 uberior
998 3033 1031 3089 et
1051 3024 1193 3105 doctior,
1228 3047 1324 3111 quem
1346 3048 1394 3091 se·

95 3124 240 3190 cundam
267 3126 442 3192 editionem
470 3126 511 3192 de
538 3128 686 3215 partibus
715 3127 869 3193 orationis
897 3127 950 3191 vel
977 3129 1116 3191 maiores
1144 3136 1253 3212 partes
1286 3128 1393 3192 dicere

95 3238 347 3294 consueverunt.
375 3230 465 3315 prior
492 3241 601 3295 autem
633 3229 731 3295 editio
765 3239 803 3294 ut
834 3230 958 3316 primae
990 3250 1165 3314 puerorum
1197 3231 1393 3293 institutioni

96 3328 264 3396 destinata
284 3340 374 3412 erat,
400 3333 449 3396 ita
475 3333 615 3418 primum
636 3330 743 3396 locum
764 3334 799 3395 in
820 3331 913 3397 libris
936 3352 1034 3394 manu
1056 3331 1185 3415 scriptis
1207 3338 1394 3395 constanter

97 3431 235 3511 obtinet,
258 3433 401 3498 secunda
421 3435 456 3497 in
477 3434 713 3519 antiquissimis
737 3442 770 3498 et
790 3434 920 3518 optimis
935 3431 1103 3497 codicibus
1118 3433 1165 3495 ita
1179 3454 1253 3496 cum
1267 3431 1394 3518 reliqua

11 3539 17 3552 “
96 3535 177 3598 artis
192 3537 426 3620 grammaticae
441 3537 644 3623 expositione
659 3537 832 3601 coniuncta
846 3545 905 3611 est,
927 3546 965 3600 ut
985 3556 1051 3598 uno
1073 3543 1106 3597 et
1128 3535 1280 3600 continuo
1295 3556 1393 3619 opere

95 3636 239 3722 primum
261 3634 303 3702 de
323 3659 414 3719 voce,
437 3638 478 3703 de
499 3638 617 3720 littera,
641 3638 683 3702 de
697 3637 834 3724 syllaba,
850 3637 890 3701 de
909 3636 1057 3723 pedibus,
1074 3636 1114 3701 de
1129 3636 1328 3716 accentibus,
1351 3636 1393 3702 de

95 3738 264 3822 posituris,
297 3738 414 3805 deinde
436 3738 477 3805 de
499 3751 571 3806 octo
600 3740 765 3826 partibus,
798 3749 962 3824 postremo
985 3739 1137 3802 devitiis
1161 3750 1194 3804 ct
1215 3738 1392 3803 virtutibus

96 3841 254 3905 orationis
275 3851 502 3928 exponeretur.
530 3842 572 3907 ab
599 3841 672 3906 aliis
701 3842 844 3907 secunda
872 3841 971 3906 editio
998 3840 1040 3905 de
1065 3840 1215 3926 partibus
1238 3841 1392 3905 orationis

96 3942 199 4027 priori
221 3940 369 4009 subiecta
390 3953 423 4007 et
444 3952 519 4009 ante
534 3952 757 4031 campartem,
782 3965 866 4030 quae
888 3954 938 4010 est
957 3943 999 4008 de
1013 3964 1094 4008 voce
1116 3953 1149 4007 et
1164 3942 1296 4029 reliquis
1313 3944 1392 4007 artis

97 4041 275 4126 eluentis,
288 4044 465 4127 conlocata,
480 4047 643 4111 interdum
654 4047 752 4110 etiam
763 4047 797 4110 in
812 4046 910 4110 finem
925 4047 1070 4110 universi
1081 4047 1187 4132 operis
1200 4046 1321 4109 reiecta
1332 4055 1392 4110 est.

97 4145 143 4209 ita
162 4146 290 4212 iactum
311 4157 363 4212 est
382 4157 429 4230 ut,
450 4170 525 4214 cum
546 4157 676 4234 praeter
696 4150 854 4213 minorem
876 4147 1051 4212 editionem
1072 4147 1198 4232 reliqua
1219 4168 1273 4210 ars
1288 4147 1393 4211 tribus

99 4247 245 4333 portibus
268 4248 428 4334 disposita
448 4260 543 4331 esset,
567 4260 670 4317 artem
692 4252 888 4336 tripertitam
909 4271 975 4314 non
989 4246 1072 4313 nulli
1086 4250 1249 4313 communi
1264 4249 1393 4313 nomine

100 4351 252 4415 maiorem
285 4360 388 4416 artem
419 4350 473 4416 vel
506 4353 645 4418 maiores
673 4362 782 4437 partes
810 4350 1022 4439 appellarent.
1055 4360 1169 4416 contra
1195 4350 1237 4415 ab
1259 4350 1332 4415 aliis
1355 4372 1393 4414 ea

101 4472 183 4535 pars,
204 4474 291 4539 quae
313 4463 364 4519 est
385 4453 426 4519 dc
445 4476 538 4535 voce,
561 4452 602 4518 de
624 4455 742 4534 littera,
766 4453 807 4517 de
829 4452 966 4540 syllaba,
990 4453 1030 4517 de
1052 4451 1201 4537 pedibus,
1225 4451 1266 4516 de
1281 4473 1392 4518 accen·

100 4554 194 4636 tibus,
223 4554 266 4620 dc
288 4556 458 4642 posituris,
486 4566 660 4643 propterea
681 4555 767 4642 quod
789 4565 865 4619 ante
885 4556 1040 4619 maiorem
1063 4555 1235 4619 editionem
1258 4553 1298 4617 de
1320 4565 1392 4619 octo

101 4659 244 4740 pambus
273 4658 383 4744 posita
412 4668 497 4737 erat,
530 4659 635 4745 prima
662 4657 717 4721 vel
744 4657 849 4720 minor
876 4677 952 4743 pars
981 4656 1070 4721 dicta
1103 4668 1161 4722 est.
1195 4676 1391 4741 quamquam

100 4760 163 4824 eius
177 4761 226 4825 rei
240 4762 276 4826 in
292 4758 462 4824 codicibus
484 4759 615 4845 quidem
630 4781 728 4823 manu
750 4759 879 4844 scriptis
894 4759 1018 4824 Donati
1032 4780 1098 4822 non
1111 4759 1223 4822 inveni
1237 4757 1390 4823 indicium

99 4872 221 4945 praeter
235 4861 510 4946 subscriptionem
530 4862 565 4926 in
580 4861 778 4927 Santeniano
797 4860 909 4926 codice
928 4862 1108 4927 recentiore
1123 4882 1221 4925 manu
1236 4859 1391 4926 additam.

1147 4961 1189 5026 c*
