3314 5506
217 398 279 463 ess
781 391 934 475 [senen]

268 515 290 554 p.
303 502 340 543 513
356 500 382 540 l'.
1289 503 1442 558 immidi-

216 598 396 664 pronomen,
426 599 517 661 quare
544 580 681 652 verbum,
708 598 799 661 quare
828 579 1015 652 adverbium,
1048 599 1140 662 quare
1173 582 1375 664 participium,
1405 602 1578 667 quan

217 685 399 754 coniunctio,
423 702 514 763 quare
535 684 713 762 praepositio
735 682 780 744 vel
803 702 894 763 quare
915 685 1090 745 interiectio.
1396 700 1399 706 ’

301 787 416 848 Nomen
439 786 548 847 dictum
571 786 656 865 quasi
677 795 831 848 notamen:
854 793 938 846 notas
960 786 1039 846 euim
1054 803 1155 848 rerum
1171 795 1262 848 tenet.
1292 806 1360 848 cunr
1374 788 1571 873 malou-1,s

219 889 311 951 nostri
333 888 467 949 riderent
488 905 589 949 rerum
612 894 747 948 naturam
769 896 798 948 et
814 889 974 957 nescirent,
998 904 1084 966 quem
1108 887 1144 949 ad
1167 888 1287 950 modum
1309 888 1561 983 appellarem,

194 992 439 1052 aconstituerunt
464 989 521 1050 sibi
542 991 670 1058 nomina,
699 988 805 1069 quibus
827 988 941 1050 dirersa
963 987 1159 1069 appellarent,
1182 992 1222 1052 ita
1244 998 1277 1051 nt
1298 993 1425 1071 propriis
1444 1011 1553 1068 ιω.

217 1095 330 1154 minum
357 1090 505 1153 vocabulis
532 1091 663 1154 absentia
685 1090 915 1170 praestolarent,
942 1092 985 1152 sic
1006 1098 1038 1152 nt
1059 1091 1193 1154 dicerent
1214 1091 1366 1154 hominem
1385 1091 1544 1173 leonem

217 1213 299 1257 arem
332 1202 362 1255 et
394 1201 501 1255 cetera.
536 1190 541 1275 l
573 1195 645 1255 item
676 1192 860 1265 inanimalia,
892 1194 950 1255 hoc
977 1202 1022 1256 est
1048 1212 1123 1275 quae
1151 1195 1278 1257 animam
1300 1213 1363 1258 non
1383 1194 1532 1279 habens,

217 1315 371 1359 scamnum
407 1294 578 1357 cathedram
616 1294 739 1367 lectum,
783 1303 833 1357 aut
860 1314 935 1376 quse
969 1294 1167 1376 incorporalia
1198 1305 1284 1369 suut,
1315 1305 1350 1360 ut
1377 1296 1525 1377 dignitas

218 1397 321 1478 gloria.
351 1399 376 1457 si
398 1398 477 1458 enim
499 1414 560 1457 non
581 1394 694 1458 rideam
716 1415 868 1459 scamnum
890 1408 941 1459 aut
963 1397 1143 1470 cathedram,
1165 1399 1219 1461 sed
1239 1407 1355 1462 tantum
1376 1399 1515 1471 audiam.

181 1513 207 1555 ¹⁰
221 1517 341 1562 necesse
368 1507 414 1559 est
439 1506 473 1559 ut
498 1499 561 1560 eius
588 1499 632 1559 rei
661 1499 763 1561 notitia
785 1498 821 1559 ad
843 1501 973 1561 animum
996 1502 1101 1562 veniat.
1145 1499 1307 1579 ergoideo
1327 1519 1432 1563 nomen
1452 1505 1509 1564 di-

218 1621 301 1669 xere,
331 1600 408 1681 quod
435 1619 500 1662 rem
529 1607 629 1661 notam
655 1600 755 1669 iaciat,
786 1600 863 1680 quod
887 1619 974 1662 unam
997 1620 1143 1683 quamque
1165 1604 1297 1682 speciem
1318 1604 1350 1665 in
1371 1605 1506 1665 notitiam

218 1704 352 1766 deducat.
396 1704 453 1764 lroc
476 1703 553 1765 enim
576 1702 687 1763 iaciunt
709 1704 842 1771 nomina,
866 1712 896 1764 et
917 1702 984 1763 ideo
1006 1705 1133 1784 primum
1157 1703 1254 1766 locum
1276 1713 1386 1767 tenent
1411 1713 1505 1785 quenl¹

196 1806 254 1868 ‘ad
278 1806 396 1867 modum
426 1806 504 1866 enim
531 1811 629 1885 potest
655 1804 742 1866 nobis
763 1807 794 1865 in
816 1807 948 1866 notitiam
974 1807 1072 1866 venire
1094 1805 1217 1886 aliquid,
1241 1807 1300 1869 nisi
1320 1825 1374 1887 per
1393 1811 1508 1867 narretl

219 1927 286 1970 cum
301 1907 479 1969 innotuerit?
501 1924 666 1987 pronomen
689 1906 811 1976 dicitur,
835 1906 912 1986 quud
936 1925 990 1987 pro
1012 1907 1108 1970 cilicio
1130 1916 1161 1969 et
1181 1908 1247 1970 loco
1270 1911 1396 1971 nominis
1412 1898 1512 1988 poni‘
1552 1899 1567 1963 l

184 2020 208 2063 ¹⁵
222 2019 279 2072 tur.
316 2010 433 2092 quando
456 2009 522 2070 dico
545 2008 700 2087 ‘Virgilius
722 2010 839 2089 scripsit
860 2008 992 2070 bucolica
1003 2015 1021 2079 ',
1044 2028 1082 2070 ne
1104 2010 1199 2072 dicam
1222 2011 1330 2072 iterum
1352 2008 1518 2089 ‘Virgilius

217 2114 337 2193 scripsit
370 2114 506 2191 georgica
517 2118 535 2181 ',
568 2110 724 2188 ‘Virgilius
756 2112 874 2190 scripsit
906 2112 1078 2182 Aeneidos’,
1107 2120 1140 2172 ut
1167 2114 1245 2172 enim
1274 2113 1331 2174 hoc
1356 2107 1521 2174 landun]

218 2217 356 2285 vitemus,
385 2215 520 2275 inventae
548 2222 617 2275 sunt
645 2211 820 2292 particulae,
850 2231 924 2293 quae
956 2215 1049 2293 ipsam
1079 2215 1285 2294 repetitionem
1316 2196 1526 2276 excluderet,t

217 2315 404 2378 succedendo
433 2319 464 2377 in
492 2318 584 2395 ipsam
613 2316 741 2376 nominis
769 2315 1026 2394 significationem,
1049 2324 1081 2377 ut
1103 2315 1234 2377 dicamus
1257 2315 1406 2395 ‘Virgilius
1423 2300 1528 2376 scri·

219 2422 277 2498 psit
298 2419 448 2487 bucolica,
472 2420 535 2496 ipse
550 2418 668 2499 scripsit
691 2419 841 2496 georgica,
865 2418 921 2479 iste
944 2419 1061 2498 scripsit
1075 2417 1234 2490 Aeneidos,
1256 2418 1336 2480 idem
1351 2416 1458 2480 culicem
1487 2404 1532 2452 ⁹·

183 2523 275 2583 uisse
309 2522 371 2601 ipse
402 2521 481 2581 idem
510 2519 649 2599 numquid
689 2521 809 2580 uomina
847 2518 933 2582 sunt?
969 2528 999 2581 et
1027 2528 1125 2581 tamen
1153 2520 1211 2581 hoc
1238 2521 1401 2600 significant
1424 2515 1535 2580 istass

217 2621 394 2704 particulae,
429 2621 506 2702 quod
540 2631 569 2683 ct
601 2640 718 2681 nomeu.
763 2620 829 2694 ideo
863 2621 970 2683 dicitur
997 2640 1177 2700 pronomen,
1211 2625 1279 2703 quia
1305 2625 1420 2704 ponitur
1441 2619 1537 2701 pr⁰

221 2724 317 2786 officio
346 2725 480 2785 nominis.
524 2723 646 2784 verbum
675 2722 782 2785 dicitur
810 2723 846 2784 ab
875 2742 924 2795 eo,
954 2723 1033 2804 quod
1061 2742 1161 2786 aerem
1190 2725 1326 2786 verberat
1348 2744 1407 2787 ron.
1446 2700 1538 2781 sed

222 2827 308 2898 dicis,
336 2834 365 2887 et
392 2836 424 2887 ut
451 2825 524 2887 aliae
552 2834 649 2905 partes
677 2827 895 2905 exprimantur,
928 2845 983 2886 vox
1011 2844 1109 2887 aerem
1136 2825 1286 2899 verberat,
1315 2836 1349 2890 ut
1374 2822 1539 2888 dicant-¹s

222 2930 355 2991 Romam.
400 2946 456 3009 qua
485 2929 598 2990 ratione
626 2946 689 2988 rem
719 2927 885 3006 generalem
908 2930 1039 2990 omnium
1063 2927 1534 3010 haecparsrelntspeciale-11¹

184 3045 209 3086 ²⁵
223 3031 278 3095 sibi
300 3033 411 3093 tenuit?
435 3032 507 3093 llaec
529 3050 615 3092 causa
639 3039 696 3099 est,
720 3030 797 3109 quod
814 3032 875 3110 ipsa
892 3038 975 3110 parte
991 3031 1162 3111 frequenter
1178 3033 1289 3094 utimur
1303 3033 1336 3093 in
1350 3026 1533 3112 loquendo·

221 3136 306 3212 ponis
328 3136 456 3214 quinquo
481 3134 568 3195 rerba
591 3142 620 3193 et
641 3151 732 3193 uuum
756 3148 864 3193 nomen
887 3141 937 3194 ant
959 3151 1138 3212 pronomem
1161 3134 1229 3195 ideo
1252 3134 1359 3196 dicitur
1373 3132 1530 3195 verbum·

221 3237 251 3296 in
281 3243 392 3297 tantum
424 3244 537 3298 constat
565 3237 632 3316 quia
664 3253 763 3295 verum
793 3243 852 3304 est,
883 3244 914 3297 ut
941 3237 1038 3296 omnia
1067 3253 1142 3316 quae
1164 3234 1313 3316 loquimur
1335 3235 1531 3317 pierumque

223 3337 310 3400 rerba
332 3338 477 3413 dicamus,
503 3337 609 3399 ‘verba
632 3337 701 3396 lacit
723 3338 753 3396 iu
776 3339 885 3398 curia'.
918 3337 1042 3399 dicimus
1064 3339 1150 3399 ctiam
1173 3337 1281 3399 ‘rerba
1305 3338 1377 3399 milri
1399 3338 1491 3399 dedit
1503 3329 1528 3378 ’-

223 3447 251 3500 et
279 3439 419 3520 numquid
449 3439 546 3500 verbis
574 3447 686 3501 tantum
718 3441 777 3517 egit
800 3449 829 3501 et
858 3443 862 3516 Ι
894 3459 952 3500 non
975 3441 1151 3519 interposuit
1173 3438 1245 3501 alias
1266 3441 1385 3519 partes?
1419 3430 1527 3500 rerb³

184 3542 316 3612 adedit,
346 3540 447 3603 ielellit
475 3542 614 3602 mentitus
643 3549 700 3611 est,
729 3550 761 3602 ut
788 3542 945 3604 Terentius
973 3543 1050 3602 ‘cui
1086 3540 1194 3603 verba
1224 3541 1312 3604 dare
1344 3530 1528 3604 difficile

222 3649 309 3704 est':
340 3644 531 3723 Symmachus
558 3645 616 3714 sic,
646 3643 776 3704 ‘verba
807 3645 892 3705 dare
920 3645 1061 3721 captivi
1090 3652 1160 3712 est,
1195 3654 1390 3723 argentum
1417 3644 1527 3705 dare

222 3744 437 3807 satellitis’.
484 3745 729 3808 considerandum
759 3754 810 3816 est,
839 3755 977 3826 quantam
1007 3747 1064 3806 viru
1088 3745 1195 3807 habeat
1217 3749 1270 3807 ista
1294 3745 1450 3825 particula.
1483 3735 1527 3790 2²

221 3847 368 3926 intellegis
389 3848 638 3910 >consuetudinem
662 3847 697 3908 dc
720 3867 753 3908 ea
772 3867 805 3908 re
826 3867 900 3927 quae
929 3847 1132 3927 frequentatur
1154 3850 1274 3909 uomina
1296 3848 1452 3928 inponere:
1484 3835 1532 3893 ¹¹¹

221 3947 269 4009 illa
306 3951 452 4019 oratione,
483 3968 556 4028 quae
587 3948 722 4026 specialis
750 3956 807 4018 est,
838 3949 894 4009 hnc
922 3948 1059 4027 generale
1088 3966 1197 4009 nomen
1226 3957 1271 4011 est
1298 3949 1335 4010 alr
1358 3970 1406 4018 eo,
1428 3926 1529 4027 qu⁰d

185 4051 395 4130 infrequenter
422 4052 452 4110 iu
481 4069 536 4111 usu
564 4052 615 4119 sit,
645 4052 687 4110 sic
716 4051 802 4109 ctiam
833 4068 886 4109 nos
913 4050 1035 4111 verbum
1064 4070 1129 4112 esse
1151 4050 1277 4112 dicimus
1300 4059 1419 4131 propter
1440 4047 1528 4105 2³⁰¹

224 4168 355 4219 causam,
384 4151 461 4229 quod
490 4170 524 4211 co
552 4151 723 4230 frequenter
751 4153 869 4212 utimur.
914 4150 1082 4212 arlrerbium
1112 4154 1233 4222 dicitur,
1258 4156 1324 4233 qnia
1347 4151 1432 4215 verbu
1464 4154 1526 4201 ⁰⁰·

291 4406 437 4456 eiecerunt
454 4407 618 4457 sibinomina
639 4417 664 4457 ut
684 4408 795 4457 dicerent
814 4407 941 4457 hominem
957 4408 1046 4457 bouem
1066 4423 1140 4458 ouem
1159 4417 1183 4456 et
1201 4416 1285 4458 cetere
1304 4408 1329 4456 F
1396 4398 1518 4473 props¹¹⁵

223 4478 352 4527 nominum
367 4477 497 4527 uocabulis
516 4477 536 4526 S
553 4480 661 4544 propriis
676 4480 778 4527 nomina
797 4478 928 4528 uocabulis
946 4479 969 4527 L
986 4478 1097 4542 propriis
1117 4479 1262 4529 nominibus
1281 4478 1411 4527 uocabulis
1427 4485 1455 4536 p

221 4546 441 4614 dpraestulnrent
458 4549 494 4597 S:
510 4549 624 4610 sortasse
640 4557 858 4615 repraesentarent
930 4549 961 4598 15
979 4549 1083 4613 scripsit
1101 4547 1241 4599 bucolicam
1262 4549 1410 4612 —scripsit
1435 4539 1510 4604 gfff

222 4619 304 4684 gicnm
324 4617 421 4680 cnsp,
439 4616 541 4681 itemque
555 4619 625 4679 iufra
698 4619 728 4669 16
747 4631 772 4666 ut
795 4620 860 4667 euim
879 4645 913 4654 —
932 4620 1041 4668 citemus
1062 4617 1100 4680 Lp
1118 4627 1146 4666 ut
1163 4635 1225 4684 orgo
1244 4644 1278 4655 —
1295 4612 1445 4668 uitetanS

225 4688 255 4737 17
274 4688 391 4736 inuentae
405 4694 463 4735 sunt
474 4687 609 4751 particulae
625 4704 689 4752 quae
701 4698 726 4737 ut
742 4689 794 4737 dixi
811 4688 940 4739 irrotidinm
957 4688 1115 4752 repetitionis
1129 4687 1207 4738 huius
1220 4688 1382 4739 excluderent
1395 4680 1444 4735 FS

221 4756 255 4807 23
272 4759 445 4824 exprimuntur
461 4755 505 4805 FS
522 4759 698 4822 exprimuntur
716 4760 757 4822 dp
843 4759 877 4808 27
896 4760 955 4820 quin
972 4773 1058 4808 uerum
1079 4764 1118 4807 est
1133 4757 1178 4808 FS
1194 4759 1255 4822 quin
1278 4759 1380 4808 uerbum
1404 4755 1444 4801 est
1464 4736 1498 4794 bd

288 4828 324 4879 29
338 4829 416 4878 uerbo
433 4827 552 4877 dedit—
570 4828 604 4879 32
620 4828 736 4878 satellitis
750 4843 795 4879 om.
816 4829 859 4880 FS
928 4828 962 4881 ³0
977 4825 1120 4894 Terentius]
1139 4829 1249 4882 Andr.l
1269 4828 1329 4888 ³,d
1389 4823 1417 4875 dl
1435 4818 1492 4887 ⁵if¹²j
1561 4841 1578 4877 ·.

222 4912 307 4948 morus
325 4899 362 4946 sic
381 4897 580 4962 Lsymmnclrus
595 4898 651 4962 sip
705 4898 737 4947 32
749 4899 870 4949 satellites
884 4899 924 4963 dp
974 4898 1193 4962 delectassent
1213 4887 1488 4960 orariosqueotffll
1566 4948 1572 4956 ,
