3346 5506
173 367 233 427 170
571 376 576 384 “
763 364 877 426 f'ROBf

222 495 245 536 p.
258 480 370 523 annau.
1267 480 1417 535 mistav.

171 554 301 634 perfecta
323 553 382 612 sive
404 550 536 613 absoluta
560 553 676 612 numeri
696 550 854 630 singularis
883 553 994 614 utinam
1017 553 1145 631 scriptus
1164 555 1236 625 sim,
1259 554 1372 617 utinam
1394 555 1467 615 seri·

171 664 238 733 ptus
259 655 310 722 sis,
334 654 445 715 utinam
465 655 593 732 scriptus
614 655 665 723 sit;
692 656 808 715 numeri
828 653 949 733 pfurafis
971 655 1082 717 utinam
1101 656 1203 735 scripti
1224 658 1333 726 simus,
1354 656 1467 717 utinam

172 757 275 835 scripti
293 755 365 824 sitis,
388 756 500 815 utinam
523 756 626 834 scripti
649 757 722 824 sint;
750 762 780 815 et
800 755 941 817 ulteriore
962 755 1094 836 perfecta
1116 759 1176 818 sire
1193 757 1327 819 absoluta
1349 758 1468 818 numeri

171 857 329 937 singularis
357 858 469 917 utinam
493 858 622 935 scriptus
645 858 767 927 fuerim,
790 859 902 918 utinam
924 859 1054 937 scriptus
1075 858 1181 929 fueris,
1206 861 1319 921 utinam
1339 860 1469 939 scriptus

145 961 274 1028 afuerim
296 961 413 1020 numeri
432 957 553 1037 pluralis
574 959 684 1019 utinam
706 961 807 1037 scripti
830 959 982 1029 fuerimus,
1006 960 1116 1021 utinam
1138 940 1241 1040 scripti
1262 961 1387 1031 fueritis,
1410 962 1468 1023 uti·

171 1080 238 1123 nam
261 1061 364 1140 scripti
385 1061 509 1122 fuerint:
539 1060 644 1121 eodem
664 1061 752 1120 niorto
771 1060 875 1122 eudem
896 1066 1033 1139 tempure
1055 1062 1155 1140 speeie
1175 1061 1469 1145 plusquamperfeeta

171 1166 230 1226 sive
252 1163 436 1225 recordativa
458 1161 502 1223 vei
520 1168 620 1223 exacta
641 1164 758 1222 numeri
777 1162 934 1240 singularis
952 1163 1063 1223 utinam
1081 1165 1208 1243 scriptus
1226 1182 1332 1235 essem,
1354 1167 1469 1227 utinum

171 1267 298 1344 scriptus
317 1282 416 1333 esses,
443 1266 553 1324 utinam
576 1266 704 1343 scriptus
725 1272 817 1332 assem
845 1267 962 1326 numeri
982 1263 1104 1342 pluralis
1125 1267 1237 1329 utinam
1259 1267 1364 1347 scripti
1387 1284 1469 1331 esse·

171 1386 253 1437 mus,
276 1367 388 1428 utinam
407 1366 511 1444 scripti
533 1368 650 1435 essetis,
675 1368 785 1427 utinam
809 1367 910 1444 scripti
932 1374 1044 1436 esseut;
1082 1374 1112 1428 et
1132 1365 1274 1430 ulteriore
1292 1367 1468 1449 piusquam·

134 1490 159 1531 m
172 1470 303 1549 perfecta
325 1470 386 1530 sive
405 1468 588 1529 recordativa
608 1468 654 1530 ref
675 1476 776 1530 exacta
799 1469 916 1530 numeri
934 1467 1091 1546 singularis
1116 1470 1227 1530 utinam
1246 1471 1377 1550 scriptus
1394 1471 1470 1532 fnis-

172 1591 244 1639 sem,
263 1573 374 1631 utinam
393 1571 520 1648 scriptus
534 1569 649 1639 fuisses,
670 1573 783 1631 utinam
797 1572 925 1650 scriptus
938 1570 1056 1639 fuisset;
1075 1573 1192 1632 numeri
1209 1570 1332 1651 pluralis
1352 1574 1471 1635 utinam

172 1674 274 1755 scripti
298 1673 469 1741 fuissemus,
498 1673 610 1733 utinam
631 1674 736 1752 scripti
759 1673 900 1742 fuissetis,
928 1674 1038 1733 utinam
1058 1674 1162 1752 scripti
1184 1673 1322 1737 fuissent:
1360 1672 1470 1737 eudem

174 1776 261 1837 modo
282 1782 418 1853 tempure
441 1774 540 1834 futuro
567 1775 683 1836 numeri
704 1774 863 1854 singularis
889 1776 999 1836 utinam
1021 1773 1151 1845 scribar,
1179 1776 1292 1836 utinam
1313 1775 1469 1850 scribaris,

173 1880 283 1940 utinam
307 1875 469 1945 sontiatum
510 1879 626 1937 numeri
647 1876 771 1956 pluralis
797 1860 910 1938 utinam
939 1876 1120 1944 scribamur,
1148 1879 1260 1939 utinam
1282 1876 1469 1950 seribamini,

134 2000 158 2040 rs
172 1981 283 2041 utinam
301 1977 478 2040 scribantur.
523 1979 611 2040 modo
631 1980 817 2039 coniunctim
840 1981 899 2041 sire
921 1980 1051 2040 iunetivu
1076 1987 1212 2057 tempure
1236 1980 1387 2058 praesenti
1407 1980 1471 2043 sire

170 2083 289 2143 instanti
318 2082 436 2143 numeri
457 2079 614 2158 singularis
643 2098 711 2141 rum
731 2080 776 2140 rel
795 2082 819 2141 si
841 2080 970 2150 scribar,
1005 2098 1072 2142 cum
1094 2079 1140 2142 vel
1160 2082 1187 2142 si
1208 2080 1364 2151 scribaris,
1398 2080 1469 2143 unm

171 2181 215 2245 ref
234 2185 260 2245 si
281 2182 444 2250 seribatnr3
467 2184 584 2243 numeri
602 2181 724 2260 pluralis
746 2202 814 2244 cum
838 2183 882 2244 rel
904 2185 929 2244 si
950 2182 1125 2254 scribamur,
1149 2201 1217 2249 eum
1237 2181 1282 2245 vel
1304 2185 1328 2244 si
1351 2182 1468 2246 scriba·

170 2287 257 2356 mini,
285 2302 353 2346 cum
375 2283 420 2345 vei
442 2285 468 2343 si
486 2283 666 2345 scribantur:
706 2286 810 2347 eodem
830 2285 917 2346 modu
944 2294 1080 2364 tempore
1104 2285 1263 2364 praeterito
1288 2285 1389 2364 speeie
1411 2287 1469 2347 fin·

170 2387 301 2467 perfecta
329 2388 389 2447 sive
417 2387 514 2447 minus
535 2404 624 2465 qnam
646 2387 778 2466 perfecta
805 2388 850 2450 vei
875 2388 1040 2448 inchoativa
1072 2389 1188 2448 numeri
1210 2384 1367 2464 singularis
1398 2405 1469 2448 enm

131 2509 158 2550 rr
171 2488 216 2550 vel
237 2491 262 2548 si
280 2488 444 2557 scriherer,
459 2484 473 2571 Η
495 2506 563 2559 cnm
584 2488 629 2549 vel
651 2490 674 2548 si
694 2488 882 2561 scribereris,
906 2509 973 2551 eum
997 2488 1039 2550 ref
1063 2491 1087 2549 si
1108 2488 1308 2557 scribentum
1346 2489 1470 2549 numeri

170 2588 291 2670 pluralis
312 2607 379 2650 cnm
402 2589 456 2672 vel?
470 2591 495 2650 si
516 2589 727 2664 scriberemus,
751 2610 818 2652 eum
839 2591 884 2653 ref
904 2593 929 2651 si
950 2591 1164 2659 scriberemini,
1189 2608 1257 2652 cnm
1278 2588 1324 2651 rel
1345 2591 1369 2651 si
1392 2590 1467 2652 seri·

170 2692 329 2755 frerentur:
352 2692 456 2753 eudem
472 2693 560 2753 modo
580 2692 685 2754 eodem
700 2702 834 2772 tempore
850 2695 949 2773 specie
966 2693 1099 2772 perfecta
1120 2694 1181 2753 sive
1194 2690 1330 2754 absoluta
1348 2693 1469 2755 numeri

169 2792 326 2872 singularis
357 2813 425 2856 enm
448 2793 491 2854 vei
518 2796 544 2854 si
570 2796 699 2874 scriptus
725 2797 796 2865 sim,
831 2814 899 2857 eum
921 2793 967 2857 rei
988 2797 1014 2855 si
1038 2796 1166 2873 scriptus
1191 2796 1246 2864 sis,
1279 2812 1348 2855 enm
1375 2791 1470 2857 vulsi

169 2899 298 2976 scriptus
322 2898 374 2966 sit;
412 2897 528 2958 nummi
547 2896 669 2975 pluralis
696 2916 763 2958 curn
786 2897 830 2958 ref
851 2899 875 2957 si
896 2899 998 2976 scripti
1018 2899 1125 2964 simus,
1158 2914 1226 2957 cum
1247 2895 1293 2957 vel
1314 2898 1341 2958 si
1362 2897 1468 2976 scripti

131 3024 156 3064 aa
170 3000 247 3067 sitis,
277 3018 345 3060 enm
367 2998 412 3060 vei
437 3001 461 3060 si
483 3002 583 3078 scripti
605 3002 678 3067 sint;
718 3007 746 3058 et
774 2998 914 3060 ulteriore
941 2999 1072 3076 perfecta
1101 2999 1161 3059 sire
1189 2997 1323 3058 absoluta
1349 2999 1468 3059 numeri

169 3101 326 3180 singularis
349 3120 416 3163 cum
437 3101 480 3163 ref
502 3104 527 3162 si
549 3102 677 3179 scriptus
699 3102 819 3169 fuerim,
843 3119 910 3161 cum
931 3100 976 3161 ref
1000 3103 1025 3161 si
1046 3101 1173 3178 scriptus
1193 3100 1301 3169 fueris,
1328 3118 1398 3161 eum
1421 3099 1467 3161 ref

169 3204 193 3262 si
214 3204 342 3281 scriptus
365 3205 470 3272 fuerim
498 3205 614 3264 numeri
637 3202 760 3281 pinrafis
782 3222 850 3264 cum
872 3203 916 3264 ref
937 3204 961 3263 si
983 3203 1087 3281 scripti
1109 3202 1350 3270 manniscam
1373 3199 1421 3263 rei
1441 3202 1468 3263 si

169 3306 272 3385 scripti
294 3306 423 3376 fueritis,
453 3324 521 3366 rum
543 3305 587 3366 ref
609 3308 633 3366 si
659 3307 761 3384 scripti
788 3306 913 3366 fuerint:
949 3304 1054 3366 eudem
1084 3304 1172 3365 modu
1201 3302 1304 3364 eudem
1329 3309 1467 3382 tempure

169 3409 267 3488 specie
289 3407 576 3487 plusquamperfeeta
598 3409 657 3469 sire
679 3396 861 3468 reeordatira
883 3407 928 3467 vaf
951 3415 1051 3467 exacta
1082 3407 1200 3467 numeri
1219 3404 1377 3483 singularis
1398 3424 1467 3467 eum

131 3533 156 3575 sn
170 3511 214 3573 ref
228 3512 254 3571 si
273 3513 402 3589 scriptus
416 3528 521 3581 essem,
544 3529 611 3572 eum
634 3511 679 3571 rel
694 3514 719 3572 si
739 3511 867 3588 scriptus
886 3528 975 3578 esses,
996 3511 1000 3586 Ι
1020 3527 1087 3568 cnm
1110 3507 1153 3569 ref
1175 3509 1200 3568 si
1220 3508 1348 3585 scriptus
1370 3514 1466 3575 essen

169 3615 284 3675 numeri
315 3611 436 3690 pinrafis
467 3631 534 3673 unm
560 3612 605 3674 vei
633 3615 657 3674 si
689 3613 791 3690 scripti
820 3629 966 3680 essemus,
998 3629 1065 3671 cum
1093 3609 1138 3670 ref
1164 3609 1189 3670 si
1222 3609 1324 3687 scripti
1353 3609 1466 3680 essetis,

160 3729 237 3776 'curn
271 3713 316 3776 ref
349 3716 373 3776 si
398 3715 500 3794 scripti
533 3724 644 3783 essent;
682 3721 710 3775 et
731 3714 885 3776 ulteriore
917 3711 1205 3792 plusquamperfecta
1239 3711 1299 3771 sive
1325 3711 1467 3773 reeorda-

169 3821 225 3880 tiva
247 3818 292 3878 vei
314 3825 415 3879 exacta
445 3818 560 3877 numeri
581 3816 740 3894 singularis
767 3835 833 3877 cum
855 3815 900 3876 vei
920 3816 944 3876 si
966 3816 1094 3893 scriptus
1121 3814 1255 3881 fuissem,
1284 3829 1353 3872 eum
1376 3811 1424 3873 ref
1441 3815 1468 3875 si

168 3922 296 4001 scriptus
317 3920 437 3987 fuisses,
468 3937 535 3979 cum
557 3917 601 3979 vei
629 3920 653 3978 si
680 3919 809 3996 scriptus
836 3918 952 3985 fuisset;
989 3917 1105 3976 numeri
1132 3912 1256 3992 pluralis
1282 3930 1350 3973 eum
1373 3913 1419 3974 ref
1441 3915 1467 3975 si

130 4024 271 4102 asscripti
293 4022 465 4088 fuissemus,
495 4038 562 4080 uum
586 4018 630 4079 ref
652 4020 675 4079 si
696 4020 797 4096 scripti
825 4019 969 4087 fuissetis,
1002 4037 1068 4078 eum
1088 4016 1133 4078 rel
1153 4018 1178 4075 si
1199 4015 1303 4095 scripti
1325 4014 1466 4077 fuissent:

169 4125 272 4185 eudem
296 4124 384 4184 naono
412 4131 546 4202 tempure
576 4122 675 4182 futuru
703 4121 819 4181 numeri
847 4119 1003 4198 singularis
1031 4136 1098 4180 cum
1122 4117 1167 4178 ref
1194 4119 1218 4178 si
1245 4117 1373 4194 scriptus
1402 4135 1466 4187 ern,

169 4243 236 4285 cum
260 4225 304 4285 vel
330 4227 354 4285 si
382 4228 509 4304 scriptus
531 4226 605 4295 eris,
635 4242 703 4284 eum
728 4222 772 4283 rel
795 4224 819 4283 si
846 4222 974 4301 scriptus
997 4222 1067 4289 erit;
1106 4221 1224 4281 numeri
1244 4217 1369 4298 pluralis
1397 4237 1465 4281 eum

169 4326 215 4388 ref
237 4327 261 4388 si
284 4328 386 4405 scripti
405 4330 524 4397 erimus,
548 4345 615 4388 eum
635 4325 679 4386 vel
701 4326 727 4388 si
748 4326 851 4402 scripti
872 4324 960 4391 eritis,
984 4341 1051 4383 enm
1073 4322 1119 4383 vel
1139 4323 1165 4381 si
1187 4321 1289 4399 scripti
1312 4320 1407 4388 erint;
1437 4326 1468 4382 et

169 4427 310 4490 ulteriore
335 4429 435 4489 futuro
463 4429 579 4490 numeri
604 4427 761 4505 singularis
786 4445 852 4487 cum
875 4424 920 4486 ref
950 4427 974 4486 si
997 4426 1125 4503 scriptus
1154 4424 1252 4491 fuero,
1282 4440 1351 4484 unm
1373 4420 1421 4483 ref
1441 4422 1466 4484 si

131 4533 299 4609 rescriptas
318 4531 418 4600 fueris,
442 4549 508 4591 uum
526 4531 570 4591 vel
586 4532 609 4592 si
626 4532 755 4608 scriptus
772 4528 874 4597 fuerit;
898 4528 1014 4588 numeri
1030 4524 1154 4605 pluralis
1174 4544 1242 4586 cunr
1258 4522 1304 4584 rel
1322 4524 1348 4584 si
1362 4524 1467 4604 scripti

170 4631 321 4699 fuerimus,
345 4650 412 4692 curn
436 4631 479 4692 rel
503 4634 526 4692 si
547 4634 648 4712 scripti
671 4631 800 4700 fueritis,
825 4649 891 4690 cum
913 4630 959 4691 rel
980 4631 1004 4691 si
1028 4629 1129 4706 scripti
1152 4628 1270 4688 fuerint.
1315 4642 1389 4687 sane
1409 4624 1467 4687 hue

169 4750 335 4803 monemus,
359 4733 437 4812 (lund
455 4736 572 4811 generis
590 4736 695 4812 passivi
716 4735 777 4794 sive
793 4732 969 4810 deponentis
990 4731 1033 4791 rel
1053 4729 1217 4789 cummunis
1233 4726 1320 4789 verba
1344 4727 1474 4789 mudum¹

170 4833 386 4917 inpersonafem
410 4833 455 4896 vel
475 4836 601 4911 gerundi
620 4838 679 4896 sire
700 4850 809 4895 nomen
829 4832 872 4894 vel
899 4832 1125 4914 appeliationem
1147 4830 1182 4891 nd
1205 4829 1332 4891 formam
1347 4828 1468 4909 generis
