3314 5506
607 391 815 456 condomus
838 392 876 454 lll
900 392 1031 455 lb—llll
1054 397 1071 454 ἴ)
1441 389 1477 455 ll

240 522 262 563 ρ.
275 509 383 552 asse-oa
398 510 424 552 e.
1319 523 1340 562 p.
1355 509 1393 551 ut
1408 509 1431 551 t.

196 580 302 660 ‘qnae
323 600 408 643 eum
431 581 489 642 bis
508 580 730 643 ciuitatibus
752 582 787 644 G.
810 580 915 642 Verri
945 582 1217 642 communicate
1238 587 1352 652 suut’,
1381 590 1410 642 et
1429 582 1482 642 ‘ld

198 684 286 762 qaod
316 682 485 763 populus
511 684 697 745 Romanus
725 684 794 743 iam
822 683 987 761 flagitat,
1020 685 1187 745 extincta
1217 690 1328 762 atque
1356 682 1482 745 deleta

196 786 294 846 sint’.
322 786 381 847 hae
403 787 630 864 compositiones
652 787 818 847 demutatae
840 786 948 846 sacient
968 787 1061 846 nostri
1083 788 1224 863 temporis
1245 793 1408 846 structuras
1429 787 1481 856 sic,

195 905 224 947 er
244 885 404 968 tribrachy
426 896 455 949 et
470 886 639 949 ditrochaeo
662 886 716 947 ‘ab
731 889 812 948 istius
830 887 989 965 petulantia
1011 906 1069 948 nen
1088 897 1132 948 est
1152 886 1262 948 licitum
1278 893 1481 956 conservare’,

195 1007 224 1049 er
248 989 397 1052 trochaeo
420 997 449 1050 et
470 989 585 1069 dactylo
606 990 700 1068 ‘quae
721 997 791 1050 sunt
812 991 846 1052 G.
869 988 953 1050 Verri
974 1008 1042 1051 cum
1065 989 1111 1049 his
1133 990 1296 1050 civitatibus
1317 992 1481 1051 communi·
1506 1015 1519 1053 s

195 1095 282 1162 uta’,
312 1110 350 1152 ex
378 1091 548 1153 ditrochaeo
576 1099 605 1152 et
629 1091 751 1152 bacchio
772 1110 787 1152 a
809 1089 895 1168 longa
923 1091 971 1151 ‘id
992 1091 1072 1172 quod
1100 1090 1226 1171 populus
1247 1091 1397 1153 Romanus
1424 1093 1481 1154 iam

195 1192 240 1253 dio
268 1193 414 1271 efflagitat
442 1196 568 1255 exhorta
591 1195 629 1254 sit
650 1201 737 1272 atque
765 1193 886 1255 deleta'.
932 1193 1070 1273 disyllaba
1096 1201 1259 1262 structura,
1285 1193 1298 1275 ’,1
1323 1212 1400 1274 quae
1422 1211 1481 1254 non

195 1293 273 1355 etde
287 1295 466 1376 quibusdam
488 1294 593 1374 placet,
617 1297 752 1375 antiquos
773 1298 850 1356 viros
868 1297 1124 1357 vehementissime
1141 1294 1314 1357 delectabat.
1342 1303 1386 1356 est
1403 1299 1481 1357 enirn

196 1397 275 1459 lortis
297 1397 460 1459 admodum
476 1400 627 1477 uitansque
649 1401 735 1459 etiam
756 1400 849 1459 nostri
868 1401 1012 1478 temporis
1033 1397 1260 1467 barbarismum,
1283 1400 1307 1458 si
1322 1416 1380 1458 non
1396 1398 1483 1475 luerit

194 1500 325 1578 spondeo
353 1499 397 1560 vel
425 1500 565 1561 trochaeo
593 1508 660 1579 post
688 1501 832 1579 dactylum
859 1502 954 1568 fruita,
987 1508 1019 1560 ut
1053 1501 1214 1578 ‘primus
1245 1501 1289 1562 ab
1323 1490 1432 1560 oris’'
1453 1511 1520 1564 etro

195 1601 241 1661 ‘iu
263 1620 338 1682 quo
360 1620 473 1663 meam
497 1601 728 1663 voluntatem
751 1602 914 1682 populus
935 1601 1118 1662 Romanus
1147 1605 1370 1683 perspicere
1397 1620 1482 1680 pos·

195 1706 266 1764 sit’.
314 1705 359 1765 sic
386 1706 463 1764 euim
488 1721 604 1765 versum
633 1704 744 1766 heroici
774 1707 860 1765 metri
886 1705 1007 1772 facient,
1041 1722 1117 1782 quae
1145 1704 1206 1765 sola
1235 1705 1408 1766 versificatio
1439 1712 1482 1766 est

195 1804 359 1867 oratoribus
381 1806 544 1867 devitanda.
589 1823 656 1866 uam
677 1808 702 1866 si
723 1824 840 1867 omnem
863 1808 966 1884 lugere
987 1803 1149 1874 volueriut,
1171 1805 1319 1876 tacebunt,
1343 1808 1481 1887 quoniam

195 1907 267 1968 eolla
291 1908 389 1968 oratio
409 1908 473 1969 sine
493 1915 588 1969 metro
608 1915 729 1969 cousmt.
774 1907 922 1988 trisyllaba
946 1914 1093 1968 structura
1114 1917 1216 1968 nostro
1240 1917 1374 1987 tempore
1396 1915 1481 1970 caute

194 2009 329 2086 ponenda
355 2017 416 2078 est,
449 2027 487 2071 ne
510 2018 561 2071 ant
588 2028 704 2071 versum
731 2010 883 2072 heroicum
913 2009 1001 2070 iaciat
1030 2028 1064 2069 ex
1093 2010 1234 2071 trochaeo
1261 2011 1422 2089 composita
1450 2018 1481 2071 et
1496 2030 1519 2071 u

194 2109 316 2172 bacchio
335 2128 352 2172 e
375 2109 472 2182 brevi,
500 2121 532 2173 ut
552 2116 653 2190 ‘rapta
676 2114 824 2182 luissent’,
848 2119 912 2182 aut,
942 2119 974 2172 ut
996 2111 1172 2191 quibusdam
1195 2111 1306 2190 placet,
1334 2111 1481 2172 barbaris·

193 2231 279 2282 mum,
300 2215 327 2274 si
346 2230 383 2274 ex
400 2214 532 2292 spondeo
556 2215 600 2274 rel
621 2214 719 2275 iambo
736 2213 781 2276 vel
803 2215 906 2294 quovis
927 2214 1011 2292 pede,
1035 2216 1119 2275 cuius
1140 2215 1175 2274 sit
1194 2215 1349 2275 norissima
1370 2212 1479 2293 syllaba

193 2324 292 2377 natura
306 2315 407 2394 leuga,
429 2324 624 2394 componatur
643 2324 672 2377 et
687 2316 785 2395 aliquo
801 2316 891 2377 verbo
911 2314 1072 2395 trisyllabo,
1090 2318 1139 2396 qui
1157 2316 1268 2396 positus
1283 2315 1372 2412 eeney
1384 2323 1478 2377 sonet.

192 2434 253 2478 nam
282 2419 310 2478 si
338 2416 504 2497 plausibilis
528 2436 587 2478 nou
618 2418 720 2490 suerit,
754 2417 969 2479 barbarismum
1000 2419 1092 2478 nostri
1124 2420 1266 2498 temporis
1296 2420 1391 2479 vitam
1424 2434 1480 2478 nec

192 2527 368 2580 mauram
392 2520 477 2580 faciet
501 2518 585 2580 nobis
606 2519 785 2599 placentem,
811 2519 931 2581 utillud
955 2521 1030 2579 inter
1053 2520 1143 2581 multa
1166 2518 1220 2581 alia
1243 2520 1347 2581 similia
1370 2518 1479 2581 'ltdlia-
1493 2541 1519 2582 ao

192 2638 256 2683 num
275 2621 492 2682 ‘sententia
513 2640 577 2682 sua
599 2621 879 2683 liberaverant’
902 2631 931 2683 et
951 2622 1078 2682 ‘cuius
1096 2639 1163 2699 ego
1186 2639 1296 2683 causa
1319 2621 1479 2683 laboro'.

191 2731 327 2801 poanuor
359 2721 537 2804 syllabarum
568 2732 715 2785 structura
749 2726 792 2784 sic
825 2722 926 2785 vitabit
956 2725 1048 2783 nostri
1077 2725 1219 2803 temporis
1252 2723 1479 2802 barbarismum

191 2825 258 2885 sicut
281 2823 442 2905 disyllaba,
472 2829 604 2906 quamvis
627 2825 709 2887 multi
738 2844 796 2885 nou
825 2827 973 2905 sapienter
1001 2832 1030 2886 et
1050 2826 1079 2884 in
1098 2824 1149 2885 tali
1176 2829 1388 2904 compositione
1412 2826 1481 2887 bar·

191 2924 332 2987 moeros
352 2945 417 2987 esse
438 2926 584 2994 dixerunt,
608 2929 632 2989 si
652 2926 831 3006 paenultima
854 2927 982 2988 habeant
1004 2928 1191 2988 notissimam
1212 2927 1352 3008 syllabam
1374 2937 1479 3003 natura

190 3025 312 3108 longam,
335 3036 370 3090 nt
393 3029 454 3090 ‘ad
476 3047 590 3090 meam
613 3047 760 3108 capsam
782 3028 988 3090 admisero'
1005 3031 1357 3109 et‘indostriaeque
1376 3049 1517 3092 meaeas

190 3132 488 3193 contenderem’.
532 3149 604 3210 ergo
624 3135 650 3192 si
670 3150 724 3194 nos
751 3133 787 3192 ad
808 3132 895 3193 huius
916 3132 996 3192 modi
1019 3139 1183 3193 structuras
1204 3131 1300 3212 aliqua
1320 3135 1480 3194 necessitas

189 3230 340 3302 detulerit,
363 3235 527 3312 poterimus
544 3234 791 3312 reprehendentis
812 3235 1047 3314 imperitissimos
1069 3233 1279 3312 comprobare,
1299 3237 1323 3295 si
1344 3244 1478 3299 nostrum

190 3343 300 3396 mmet
321 3335 452 3398 cllidum
475 3335 634 3397 fecerimus
655 3338 849 3414 corripientes
871 3336 997 3416 syllabas
1015 3336 1120 3398 breves
1143 3344 1172 3397 et
1194 3337 1392 3416 producentes
1414 3338 1478 3398 lon·

189 3452 242 3513 gas,
261 3440 374 3498 ‘causa
397 3436 516 3497 laboro’
536 3456 568 3499 sa
590 3439 798 3516 producentes,
818 3439 940 3517 ‘capsas
960 3439 1126 3499 admisero’
1148 3456 1180 3499 as
1196 3438 1403 3515 producentes.
1447 3441 1477 3500 in

189 3536 243 3599 istis
261 3541 343 3601 enim
361 3545 476 3600 mutum
491 3540 579 3601 modo
600 3539 726 3620 syllabis,
747 3543 771 3601 si
791 3549 946 3619 correptae
967 3541 1085 3609 luerint,
1106 3542 1163 3601 erit
1184 3538 1395 3612 barbarismus,
1418 3559 1477 3602 non
1491 3561 1517 3600 ae

188 3639 297 3702 inlota
320 3642 534 3720 compositione
562 3650 729 3705 structurae
759 3645 879 3721 ‘capsas
905 3643 1081 3711 admisero’,
1110 3644 1248 3721 quoniam
1277 3641 1479 3704 barbarismus

189 3759 239 3802 ma
262 3749 351 3822 parte
374 3745 514 3805 orationis
533 3744 579 3813 tlt,
602 3742 738 3824 pluribus
758 3763 928 3824 numquam.
973 3763 1041 3805 nam
1063 3746 1088 3804 si
1109 3745 1167 3804 hoc
1191 3747 1229 3804 ita
1252 3751 1344 3813 esset,
1365 3762 1425 3806 non
1447 3746 1477 3807 in

189 3851 297 3906 butum
316 3844 452 3905 doctrina
472 3843 618 3916 latuisset,
640 3854 672 3907 ut
692 3865 756 3908 eam
777 3846 890 3908 Tullius
905 3842 919 3930 ΙΙ
935 3849 1098 3924 ignoraret,
1127 3845 1172 3907 rel
1192 3854 1304 3906 tautum
1326 3848 1477 3925 potuisset,

187 3955 214 4005 nt
228 3966 263 4009 ea
282 3954 353 4025 pmt
371 3945 455 4008 illum
477 3955 507 4009 et
523 3947 631 4008 multos
648 3957 716 4010 ante
732 3949 805 4010 alios
826 3951 934 4010 nostris
950 3948 1132 4028 temporibus
1152 3948 1330 4017 disceretur;
1351 3966 1478 4027 quorum

186 4046 344 4111 obscuram
371 4050 508 4129 peritiam
537 4050 674 4112 devitabo
707 4050 825 4113 illorum
861 4050 1038 4114 nobilissima
1067 4050 1250 4131 neglegentia
1280 4048 1447 4113 decoratus.
1470 4049 1516 4131 iss

248 4254 262 4306 l
289 4250 369 4320 quae]
395 4254 447 4306 Oia.
467 4254 518 4309 die.
535 4257 561 4306 in
580 4256 655 4307 Gaea.
675 4257 752 4321 4,14
833 4256 874 4307 his
893 4256 1021 4308 Sacerdos
1034 4271 1064 4320 p.
1083 4257 1114 4306 71
1140 4256 1163 4304 is
1182 4255 1207 4305 B
1227 4256 1260 4305 iis
1277 4254 1410 4307 homos

183 4320 217 4390 id]
236 4325 290 4376 bic.
311 4324 361 4375 dir.
381 4326 407 4373 iat
425 4323 501 4378 Osee.
517 4324 543 4389 8,
558 4326 593 4377 26
644 4328 829 4383 textructae
889 4327 989 4390 equae
1006 4334 1065 4376 eunt
1082 4325 1160 4391 igitur
1177 4326 1286 4382 Verris
1338 4340 1396 4375 cum
1412 4327 1435 4375 ie
1453 4326 1479 4376 B

182 4408 236 4444 mm
250 4396 286 4443 iis
303 4393 445 4445 Pacemne
528 4397 543 4446 7
570 4397 669 4463 llagitat
685 4399 795 4447 extincta
818 4397 869 4446 sint
893 4405 968 4459 atque
992 4395 1108 4450 deletas
1132 4395 1257 4461 efflagitet
1274 4395 1383 4445 extincta
1402 4405 1478 4459 atque

181 4462 261 4514 deleta
278 4467 314 4515 cit
332 4463 470 4516 mrsu
554 4466 779 4518 liberberismum
799 4481 816 4522 ς
834 4475 860 4516 et
878 4467 1007 4518 Sacerdos
1032 4465 1203 4515 barbarismos
1221 4463 1246 4513 B
1316 4465 1349 4515 10
1366 4463 1476 4531 primus]

184 4533 347 4600 Vei-pm
369 4534 415 4586 11
491 4533 521 4583 ll
541 4535 715 4602 iaquolcic.
735 4540 760 4587 in
782 4538 859 4586 Verr.
878 4545 985 4600 ort.pr.
1007 4535 1046 4594 12,
1066 4534 1099 4585 tt
1153 4535 1185 4586 15
1204 4534 1475 4591 heroicumcetSa-

179 4606 395 4656 oerdoestichnm
416 4603 441 4654 B
514 4604 545 4656 18
564 4605 599 4672 et]
619 4623 649 4656 ex
669 4608 694 4658 B
762 4608 797 4656 ab
813 4617 840 4655 ut
859 4606 921 4656 illud
940 4605 1074 4656 Puterbr'ns
1089 4612 1113 4653 et
1132 4603 1188 4653 illut
1205 4604 1230 4654 B
1275 4605 1312 4654 at
1338 4604 1475 4672 sententia]

179 4675 226 4726 αι.
244 4679 270 4728 ta
291 4678 374 4728 Verr.
394 4683 446 4725 aet.
467 4689 519 4726 see.
537 4676 547 4724 l
565 4678 626 4738 nu
712 4673 1176 4741 ettius1m0.die.tncaec.7,2³
1266 4673 1301 4725 23
1324 4677 1477 4737 quamuise

178 4752 203 4794 et
221 4746 352 4798 Sacerdos
375 4759 430 4808 qua
450 4743 476 4794 B
561 4747 595 4796 at
616 4747 797 4812 paenultimam
817 4747 926 4796 habeant
942 4746 968 4796 B
987 4745 1170 4810 paenultimam
1188 4745 1292 4793 verbum
1308 4743 1400 4794 habeat
1419 4754 1477 4804 eet

176 4816 301 4870 Sacerdos
354 4819 391 4869 25
407 4810 455 4879 ad]
476 4815 527 4865 Gir.
544 4815 591 4865 dir.
604 4818 629 4865 iu
639 4818 712 4868 Grec.
725 4816 766 4879 lu,
776 4816 807 4866 51
860 4811 1060 4880 industriaeque]
1077 4814 1128 4864 Cio.
1141 4817 1166 4863 in
1179 4815 1257 4866 Verr.
1271 4821 1321 4863 art.
1332 4829 1374 4877 pr.
1388 4814 1430 4876 le,
1441 4814 1475 4865 35

224 4888 256 4941 34
272 4898 299 4939 ot
315 4898 453 4955 compost
469 4883 496 4932 B
549 4896 692 4935 nosceretur
710 4902 728 4944 ς
744 4894 769 4937 et
781 4886 909 4936 Sacerdos
965 4886 999 4937 35
1017 4884 1306 4935 debitenoBdeuitare
1324 4883 1475 4937 constituis
