3346 5506
166 350 225 412 tub
756 345 869 407 vuum

214 480 236 520 p.
250 467 294 508 278.
305 466 330 506 tu
343 464 369 505 li.
1238 473 1260 515 p.
1274 458 1365 501 777-79
1379 457 1410 500 V.

164 539 288 618 parativi
310 536 420 613 gradus
441 533 578 595 adverbia
600 552 636 594 ex
658 552 689 594 se
712 533 810 594 iacere
832 540 965 612 possunt,
987 532 1061 594 baec
1083 552 1119 594 ex
1136 533 1232 594 dativo
1249 550 1321 593 casu
1342 533 1464 594 numeri

165 638 276 698 scilicet
296 635 454 714 singularis
477 637 522 695 ori
550 634 662 696 litteras
691 635 807 696 ultimas
834 635 972 695 omittunt
1000 641 1029 694 et
1054 652 1088 693 us
1116 632 1228 695 litteras
1254 634 1405 712 accipiunt
1434 642 1465 696 et

165 737 302 799 adverbia
323 756 377 798 sua
398 737 572 812 ostendunt,
599 744 722 816 utputa
744 736 813 797 huic
832 735 955 798 faciliori
977 734 1102 797 facilius.
1147 737 1191 796 sic
1214 734 1319 797 etalio
1341 736 1463 798 nomina

166 840 357 919 comparativi
378 839 502 918 gradm,
532 857 608 920 quae
632 837 770 900 adverbia
797 857 833 899 ex
854 856 887 898 se
915 836 1014 899 lacere
1042 844 1180 916 possunt,
1208 856 1245 898 ex
1267 837 1363 899 dativo
1390 856 1463 901 oaau

139 941 283 1004 cnumcri
305 939 416 1001 scilicet
437 939 593 1020 singularis
621 957 710 1019 supra
732 940 857 1018 scriptas
879 939 991 1001 litteras
1014 939 1151 999 omittunt
1173 945 1202 999 et
1223 957 1313 1018 supra
1335 941 1464 1020 scriptas

164 1043 276 1104 litteras
298 1042 444 1119 accipiunt
466 1050 496 1103 et
516 1040 654 1103 adverbia
672 1059 726 1102 sua
747 1041 916 1102 ostendunt.
938 1037 952 1123 ll

252 1145 294 1206 lle
315 1161 371 1204 am.
416 1161 622 1225 quaecumque
643 1144 762 1204 uomina
786 1143 964 1203 nominativo
982 1160 1052 1204 casu
1074 1161 1120 1202 am
1144 1141 1249 1204 littoris
1269 1140 1463 1215 definiuntur,

166 1247 240 1308 haec
264 1245 383 1306 easdem
407 1263 454 1306 am
476 1244 587 1306 litteras
614 1246 643 1306 in
668 1247 679 1304 i
701 1251 875 1307 convertunt
896 1251 926 1306 et
948 1252 992 1306 ter
1014 1242 1156 1323 syllabam
1185 1245 1333 1323 accipiunt
1353 1250 1387 1307 et
1411 1244 1463 1307 ad-

166 1346 267 1408 verbia
288 1365 340 1407 sua
361 1347 528 1421 ostendunt,
548 1354 580 1407 ut
601 1355 672 1425 puta
691 1364 819 1425 nequam
839 1348 985 1427 nequiter.
1015 1348 1203 1407 nuncetiam
1225 1347 1282 1408 boc
1296 1364 1462 1423 monemus,

129 1467 153 1508 io
167 1449 246 1530 qnod
270 1448 327 1509 hoc
351 1467 441 1510 unum
463 1467 572 1510 nornen
595 1467 660 1510 esse
681 1451 864 1528 reperiatur,
893 1448 972 1528 quod
996 1449 1175 1509 nominativo
1196 1466 1265 1509 casu
1288 1466 1336 1510 am
1356 1447 1464 1512 litteris

167 1550 334 1612 definiatur.

253 1652 328 1714 Sunt
349 1653 477 1720 nomina,
499 1669 575 1731 quae
597 1652 759 1713 eiusmodi
781 1672 815 1712 ex
838 1670 870 1712 se
891 1650 999 1712 iaciant
1021 1649 1176 1720 adverbia,
1200 1658 1325 1729 utputa
1347 1651 1464 1715 caelum

168 1752 305 1823 caelitus,
327 1753 410 1814 radix
431 1753 588 1822 radicitus,
618 1754 726 1831 fundus
747 1753 878 1815 funditus
908 1760 938 1814 et
959 1761 1057 1814 cetera
1086 1753 1164 1814 talia.
1210 1752 1261 1815 sed
1283 1753 1359 1817 baec
1386 1773 1464 1834 quae

166 1856 381 1924 uninomina,
409 1871 485 1934 quae
504 1856 547 1915 sic
566 1875 602 1915 ex
628 1875 660 1916 se
682 1855 819 1917 adverbia
842 1856 964 1924 iaciant,
990 1857 1020 1916 in
1046 1856 1126 1916 sonis
1148 1861 1342 1933 conpetenter
1362 1864 1464 1918 osten·

130 1975 155 2016 ιι
169 1959 282 2020 demus.
325 1964 395 2018 sunt
422 1958 542 2018 nomina
565 1955 715 2037 [propria]
739 1955 927 2036 appellativa,
951 1975 1027 2036 quae
1048 1959 1112 2018 eius
1133 1957 1215 2018 modi
1241 1976 1279 2019 ex
1296 1976 1330 2019 se
1354 1958 1466 2019 iaciant

167 2059 320 2128 adverbia,
340 2066 373 2119 nt
393 2065 463 2137 puta
483 2058 546 2120 dies
569 2059 628 2131 diu,
651 2077 709 2119 nox
730 2066 822 2120 noctu
842 2066 871 2120 et
891 2067 989 2120 cetera
1014 2059 1091 2121 talia.
1136 2059 1188 2120 sed
1208 2059 1282 2121 baec
1304 2078 1383 2140 quaa
1405 2061 1465 2121 sint

167 2163 297 2231 uomina,
319 2179 396 2241 quae
417 2162 460 2221 sic
483 2180 519 2222 ex
535 2180 566 2222 se
590 2159 729 2221 adverbia
751 2160 867 2231 iaciant,
890 2163 921 2221 in
944 2163 1024 2222 sonis
1046 2168 1238 2240 conpetenter
1258 2160 1464 2224 tractabimus

167 2271 236 2326 sunt
258 2264 393 2332 nomina,
416 2281 493 2342 quae
514 2265 577 2323 eins
598 2262 677 2322 modi
696 2282 731 2324 es
753 2281 785 2324 se
807 2261 946 2324 adverbia
968 2263 1090 2333 iaciant,
1120 2271 1243 2342 utputa
1264 2281 1335 2343 para
1354 2264 1465 2341 partim

169 2371 197 2426 et
218 2371 316 2427 cetera
335 2362 410 2424 talia.
440 2363 492 2425 sed
516 2363 590 2424 haec
611 2383 687 2444 quae
704 2365 762 2423 sint
782 2366 910 2434 nomina,
935 2384 1010 2444 quae
1024 2366 1066 2425 sic
1084 2384 1120 2426 ex
1136 2383 1168 2426 se
1184 2364 1321 2426 adverbia
1344 2364 1464 2435 faciant.

130 2480 155 2522 ao
168 2469 199 2528 in
221 2467 301 2528 sonis
323 2473 515 2546 conpetenter
535 2465 736 2527 tractabimus.
768 2472 837 2525 sunt
854 2467 981 2537 nomina,
1005 2485 1081 2545 quae
1100 2466 1225 2528 ablativo
1248 2484 1318 2528 casu
1333 2485 1353 2527 o
1366 2465 1465 2530 littera

167 2568 364 2629 terminantur
387 2574 416 2628 et
434 2567 558 2628 eandem
579 2586 597 2626 o
619 2566 745 2628 litteram
764 2570 795 2628 in
817 2569 828 2628 i
849 2576 1025 2630 convertunt
1049 2576 1079 2631 et
1101 2568 1309 2630 adverbialiter
1329 2587 1465 2649 pronun·

167 2671 286 2734 tiantur,
308 2675 342 2730 ut
363 2677 433 2749 puta
456 2689 473 2731 a
493 2671 580 2731 domo
606 2669 686 2730 domi
707 2677 736 2731 et
760 2678 858 2732 cetera
877 2670 954 2731 talia.
987 2671 1039 2732 sed
1061 2671 1136 2734 haec
1155 2689 1231 2750 quac
1253 2671 1312 2732 sint
1331 2674 1464 2742 nomina,

168 2789 243 2852 quae
265 2771 308 2832 sic
329 2789 364 2832 ex
392 2790 424 2832 se
453 2769 591 2832 adverbia
617 2771 739 2840 iaciant,
766 2774 795 2833 in
822 2774 903 2833 sonis
931 2781 1123 2852 conpetenter
1149 2773 1351 2836 tractabimus.
1395 2781 1466 2836 sunt

167 2873 302 2941 nomina,
336 2891 413 2951 quae
440 2872 564 2934 ablativo
594 2872 671 2955 oajsu
701 2892 717 2934 a
746 2872 844 2935 littera
871 2877 1067 2936 terminantur
1095 2882 1125 2936 et
1148 2877 1178 2936 in
1205 2875 1309 2937 eodem
1336 2874 1496 2937 ablativo*

128 2991 154 3031 ss
170 2993 240 3036 casu
263 2996 279 3036 e
301 2974 429 3036 litteram
450 2977 598 3057 accipiunt
621 2984 650 3035 et
671 2975 877 3036 adverbialiter
898 2979 1142 3055 pronuntiantur,
1166 2985 1199 3040 ut
1220 2984 1289 3056 puta
1312 2976 1350 3038 ab
1369 2977 1463 3039 Roma

167 3077 280 3140 Itomae
300 3086 328 3138 et
350 3084 447 3137 cetera
469 3076 546 3138 talia.
591 3078 642 3139 sed
665 3078 738 3139 baec
760 3097 836 3159 quae
858 3080 917 3138 sint
941 3080 1068 3147 nomina,
1092 3097 1168 3156 quae
1189 3081 1233 3140 sic
1252 3097 1288 3141 ex
1306 3098 1339 3141 se
1360 3079 1464 3142 adver-

168 3179 215 3241 bia
237 3179 354 3248 iaciant,
376 3181 407 3239 in
428 3181 509 3239 sonis
528 3186 721 3258 conpetenter
743 3180 944 3242 tractabimus.

254 3282 300 3351 lle¹
318 3283 438 3343 nominc
460 3300 548 3361 quem
571 3282 609 3342 ad
631 3281 751 3343 modum
774 3282 912 3344 adverbia
941 3282 1026 3352 fiant,
1051 3289 1194 3362 quantum
1216 3285 1291 3344 ratio
1311 3282 1464 3362 poscebat

169 3386 369 3451 tractavimus.

130 3500 155 3539 ³⁰
253 3487 295 3548 lle
317 3488 503 3566 pronomine.
550 3506 586 3547 ex
608 3487 655 3548 his
678 3486 905 3566 pronominibus
926 3486 1054 3548 sedecim
1076 3493 1189 3547 tanturn
1211 3484 1304 3547 Varro
1324 3486 1466 3549 adverbia

169 3589 335 3650 eiusmodi
357 3588 519 3649 secundum
546 3606 688 3650 sonorum
711 3590 856 3649 rationem
881 3590 944 3649 lteri
974 3589 1200 3656 demonstravit,
1232 3586 1280 3649 ille
1301 3587 1362 3649 illic
1383 3587 1466 3650 illinc

169 3690 239 3751 illuc
262 3688 327 3759 illo,
349 3691 405 3750 istc
427 3691 492 3750 istic
514 3692 602 3751 istinc
624 3692 714 3758 istuc,
737 3690 785 3749 hic
808 3691 857 3750 hic
879 3691 947 3751 binc
969 3690 1042 3758 linc,
1072 3691 1151 3751 idem
1172 3689 1297 3758 ibidem,
1322 3691 1373 3768 qui
1395 3708 1465 3769 quo,

170 3793 279 3872 quique
297 3808 424 3871 quoqne,
449 3794 627 3869 quicumque
643 3809 840 3871 quocumque,
860 3792 979 3872 quidam
996 3792 1155 3872 quondam,
1175 3793 1320 3872 quispiam
1337 3794 1465 3870 uspiam,

171 3891 274 3971 aliquis
288 3888 302 3976 ll
318 3891 415 3971 aliquo
444 3891 570 3961 alicubi,
605 3891 698 3971 qualis
727 3893 869 3968 qualiter,
904 3912 987 3954 meus
1014 3895 1134 3955 meatim
1161 3902 1200 3992 et·
1212 3893 1358 3970 significat
1381 3912 1467 3957 inore

131 4002 156 4044 ³⁵
172 4013 247 4063 meo,
267 4001 336 4054 tuus
358 3995 459 4054 tuatim
484 3999 513 4054 et
527 3993 671 4071 signifieat
686 4011 769 4053 more
784 4001 844 4063 tuo,
868 4013 939 4055 suus
960 3998 1066 4057 suatim
1088 4003 1117 4056 et
1132 3996 1277 4074 siguificat
1298 4012 1383 4057 more
1401 4015 1466 4066 suo.

171 4102 272 4158 noster
303 4097 457 4156 nostratim
486 4103 515 4155 et
543 4096 687 4174 significat
713 4114 795 4155 more
823 4102 939 4169 nostro,
969 4105 1064 4158 vester
1087 4099 1235 4159 vestratim
1264 4103 1294 4157 et
1320 4097 1468 4175 significat

172 4216 256 4259 more
275 4206 382 4259 vestro.
429 4196 594 4275 exquibus
621 4196 847 4277 pronominibus
874 4205 988 4260 tantum
1008 4218 1096 4279 quem
1119 4199 1154 4260 ad
1178 4198 1300 4260 modum
1327 4198 1467 4261 adverbia

172 4301 252 4372 fiant,
274 4301 316 4361 sic
337 4300 379 4360 uti
400 4299 493 4361 Varro
514 4299 623 4368 docuit,
648 4301 921 4361 demonstravimus.

256 4402 300 4463 lle
321 4400 422 4463 verbo.
467 4422 502 4464 ex
529 4402 627 4463 verbis
654 4403 717 4463 eius
741 4402 820 4463 modi
842 4402 980 4464 adverbia
1008 4403 1072 4464 lieri
1099 4405 1306 4481 reperiuntur,
1334 4409 1369 4464 ut
1395 4410 1467 4481 puta

244 4607 276 4656 14
295 4606 459 4657 ostendemus
477 4606 518 4656 Br
535 4607 692 4658 ostendimus
712 4608 735 4657 ll
807 4608 838 4657 17
858 4608 1022 4658 tractabimus
1041 4608 1065 4657 ll
1084 4607 1249 4657 tractauimns
1264 4605 1290 4656 B
1360 4604 1396 4656 ²0
1413 4614 1465 4656 tra·

173 4675 298 4727 ctabimus
313 4693 328 4725 r
346 4677 513 4727 tractauimus
531 4676 580 4728 RB
665 4679 699 4728 22
714 4677 775 4726 talia
793 4692 838 4725 om.
855 4675 888 4736 R,
906 4678 969 4730 add.
987 4694 1002 4728 o
1076 4677 1110 4728 23
1129 4677 1294 4727 tractabimus
1311 4691 1327 4725 r
1344 4677 1466 4727 tractaui-

172 4761 230 4796 mna
248 4745 300 4797 RB
368 4746 402 4796 ut
421 4746 585 4797 tractabimus
602 4763 618 4796 r
633 4748 799 4797 tractanimua
817 4746 867 4797 RB
948 4746 982 4798 ³2
1000 4748 1058 4797 istic
1075 4749 1150 4797 istinc
1167 4762 1197 4796 ro
1215 4747 1273 4796 istic
1289 4747 1355 4796 stlnc
1373 4746 1397 4797 tt

172 4814 273 4866 hichie
291 4816 313 4867 n
328 4813 371 4865 hic
390 4815 438 4868 hac
457 4816 482 4867 B
551 4815 584 4869 33
604 4817 698 4882 quique
717 4817 742 4866 B
760 4817 870 4880 quicque
889 4816 910 4866 u
