3314 5506
531 123 739 187 minuar.
762 123 801 187 IN
823 123 1002 188 9011111111
1023 124 1094 187 LlB.
1117 125 1131 186 1
1418 134 1480 197 517

1267 247 1289 289 ρ.
1304 233 1393 278 sao-sa
1406 235 1429 278 1.

650 360 698 423 DE
720 361 1028 425 PRAEPOSlTlONE.

198 574 200 577 v
276 499 460 581 Praepositio
483 498 605 569 dicitur,
630 496 708 577 quod
730 499 761 560 in
784 496 931 579 loquendo
946 501 1151 580 praeponitur,
1175 509 1207 561 ut
1229 510 1273 561 est
1296 507 1382 563 ‘autc
1405 510 1477 564 tem·

187 602 302 684 plum'‚
332 600 428 680 ‘apud
454 601 614 662 amicum':
645 618 706 661 non
734 602 813 662 enim
836 599 961 663 dicimus
989 601 1149 681 ‘templum
1172 608 1257 663 aute'
1281 612 1310 663 et
1333 605 1478 665 ‘amicum

187 705 299 787 apud'.
342 711 410 765 sunt
439 710 537 764 tamen
569 701 698 781 aliquae,
726 719 802 782 quae
824 709 1041 782 postponuntur
1064 712 1185 784 propter
1208 704 1423 785 cacenphaton,
1447 715 1479 766 ut

187 825 308 869 mecum
329 815 428 867 tecum
450 823 566 866 secum:
590 821 650 865 non
673 805 753 865 enim
775 820 932 883 possumus
954 803 1052 865 dicere
1075 824 1141 867 cum
1165 825 1225 878 me,
1250 825 1317 867 cum
1340 815 1385 876 te;
1409 824 1503 868 ecces

187 926 256 969 cum
284 907 463 989 praepositio
492 907 653 987 postposita
681 913 735 966 est.
780 906 875 966 omnis
903 907 1081 986 praepositio
1109 907 1186 968 hanc
1213 908 1301 970 habet
1334 916 1478 980 naturam,

188 1019 222 1073 ut
243 1017 295 1072 aut
316 1016 422 1086 augeat
443 1015 494 1069 aut
516 1008 629 1068 minuat
651 1004 760 1087 aliquid
784 1014 834 1067 aut
854 1008 885 1067 in
901 1009 1081 1069 contrarium
1105 1018 1198 1072 vertat
1220 1019 1271 1072 aut
1291 1009 1365 1072 nilril
1388 1012 1478 1090 signi-

191 1114 276 1175 ficet:
304 1118 403 1189 auget,
433 1117 466 1170 ut
494 1107 590 1170 clarus
613 1106 798 1187 praeclams;
828 1109 947 1180 minuit,
976 1116 1009 1169 ul
1031 1108 1115 1171 dolus
1136 1110 1278 1174 subdolus
1301 1111 1376 1192 (plus
1399 1114 1477 1174 enim

185 1214 218 1276 in
242 1210 321 1280 dolo.
349 1229 437 1291 quam
464 1213 496 1271 in
523 1208 672 1289 subdolo);
701 1213 733 1271 in
762 1212 943 1272 contrarium
966 1212 1066 1279 vertit,
1100 1221 1133 1273 ut
1160 1212 1230 1274 lelir
1258 1213 1374 1282 infelix:
1405 1213 1476 1275 nilril

186 1315 349 1395 significat,
381 1321 415 1373 ut
441 1319 523 1374 natat
554 1315 681 1373 innatat:
716 1312 861 1392 Vergilius
894 1313 1060 1374 ‘innatat
1086 1312 1193 1374 alnus
1215 1313 1326 1377 Missa
1354 1316 1476 1377 Pado’.
1490 1329 1515 1369 1⁰

187 1415 192 1498 Ι
215 1414 451 1497 praepositiones
479 1431 539 1474 non
567 1412 677 1475 habent
704 1415 761 1477 nisi
791 1433 906 1484 casum,
935 1415 983 1475 cui
1011 1414 1190 1486 deserviant,
1220 1426 1250 1477 et
1271 1417 1381 1479 habent
1403 1417 1477 1480 duos

186 1536 273 1583 casus
300 1524 423 1579 tantum.
468 1532 572 1577 omnes
598 1516 677 1576 enim
705 1518 939 1596 praepositiones
969 1524 1018 1576 aut
1045 1518 1201 1578 accusativi
1230 1537 1315 1580 casus
1337 1528 1406 1582 sunt
1426 1528 1477 1582 aut

186 1620 317 1685 ablativi.
361 1617 517 1684 accusativi
544 1618 778 1697 praepositiones
806 1636 909 1678 omncs
937 1617 1016 1678 XXX
1042 1626 1125 1687 sunt;
1155 1618 1273 1682 ablativi
1301 1640 1404 1683 omnes
1426 1621 1475 1683 XV

185 1732 270 1792 sunt;
293 1738 465 1782 communes
486 1720 639 1798 utriusque
662 1737 747 1780 casus
769 1718 822 1780 llil
844 1727 927 1790 sunt;
951 1718 1127 1800 loqueliares
1142 1720 1177 1781 Vl
1192 1729 1276 1793 sunt,
1299 1740 1355 1783 con
1377 1722 1408 1787 di
1430 1722 1476 1784 dis

185 1843 221 1888 re
241 1842 275 1886 se
296 1841 353 1884 arn.
397 1838 473 1902 quae
495 1828 564 1882 sunt
586 1823 743 1883 accusativi
771 1839 869 1892 casus,
892 1825 924 1883 in
946 1819 1104 1883 ablativum
1127 1840 1287 1903 numquam
1310 1831 1473 1896 transeunt,
1489 1839 1513 1880 1⁵

185 1943 242 1989 neo
264 1942 340 2006 qnae
368 1922 486 1985 ablativi
513 1929 598 1993 suat,
626 1923 656 1982 in
679 1922 885 1985 accusativum.
930 1923 967 1984 de
1001 1926 1175 1985 accusativis
1206 1926 1475 2005 praepositionibus

184 2027 265 2109 apud
292 2033 321 2087 et
348 2024 385 2087 ad
413 2023 537 2086 sollicite
564 2042 677 2106 ponere
706 2022 863 2085 debemus:
892 2023 929 2085 ad
959 2033 1028 2085 mnc
1055 2026 1193 2106 ponenda
1215 2034 1274 2096 est,
1297 2029 1414 2108 quando
1437 2028 1474 2090 ad

184 2128 285 2191 locum
313 2127 525 2206 significamus,
555 2133 588 2187 ut
617 2126 670 2186 ‘ad
700 2125 826 2187 amicum
855 2125 962 2197 rado’3
990 2127 1067 2207 apud
1090 2137 1174 2198 tunc,
1197 2130 1333 2209 quotiens
1355 2132 1386 2192 in
1408 2128 1474 2193 loco

184 2249 251 2294 esse
273 2230 486 2309 significamus,
509 2235 542 2289 ut
563 2225 659 2307 ‘apud
681 2229 807 2291 amicum
830 2231 924 2290 sum'.
953 2247 1131 2311 quamquam
1148 2229 1308 2292 habeamus
1330 2232 1473 2312 exempla,

184 2331 296 2414 quihus
317 2340 401 2393 recte
422 2347 567 2411 ponamus
589 2329 641 2399 ad,
665 2332 803 2408 quotiens
824 2330 1021 2409 significamus
1043 2332 1073 2393 in
1095 2329 1174 2403 loeo,
1198 2340 1231 2394 ut
1327 2414 1330 2422 ¹
1486 2348 1512 2388 ao

337 2432 458 2514 prima
480 2431 578 2511 quod
600 2431 642 2492 ad
666 2432 816 2494 Troiam
839 2450 905 2513 pro
928 2435 1027 2495 caris
1049 2442 1224 2512 gesserat
1245 2435 1374 2513 Argis.

184 2544 214 2597 et
237 2533 297 2597 ‘ad
328 2534 492 2596 Marcum
520 2533 674 2595 Laecam
704 2541 737 2594 te
765 2533 940 2596 habitare
968 2534 1064 2597 velle
1087 2534 1247 2599 dixisti’.
1292 2554 1385 2616 usque
1407 2535 1474 2598 talis

183 2643 230 2698 est
257 2637 335 2698 inter
364 2635 610 2717 praepositiones,
639 2642 672 2695 ut
698 2633 760 2696 sola
788 2638 881 2717 possit
907 2638 1041 2716 recipere
1069 2636 1190 2699 alteram
1213 2639 1472 2720 praepositionem.

185 2756 274 2800 nemo
296 2740 374 2799 eninr
402 2736 475 2796 (licit
496 2734 551 2796 ‘ele
578 2744 646 2816 post
671 2735 804 2806 iorum',¹
826 2755 914 2798 nemo
937 2740 1015 2798 enim
1038 2738 1075 2800 ab
1098 2747 1180 2808 ante;
1204 2748 1325 2803 atvero
1348 2740 1473 2802 dicimus

183 2839 222 2902 ad
249 2857 342 2920 usque
370 2846 399 2900 et
425 2836 462 2899 ab
489 2855 596 2917 usque:
633 2836 779 2917 Vergilius
806 2837 864 2898 ‘ad
893 2857 1007 2919 usque
1036 2840 1228 2902 columnas
1255 2841 1409 2903 Exulat’
1442 2850 1510 2903 etas

183 2938 330 3004 ‘Siculo
357 2941 557 3021 prospexit
584 2936 627 2998 ab
654 2957 773 3019 usque
802 2938 1002 3019 Pachyno'.
1046 2941 1103 3003 hoc
1130 2943 1196 3005 idco
1218 2944 1264 3014 lit,
1288 2944 1355 3021 quia
1379 2959 1472 3022 usque

182 3062 278 3126 paene
301 3042 416 3104 ridetur
438 3043 496 3102 rim
519 3039 631 3101 habere
653 3038 785 3101 adverbii
807 3039 843 3100 ad
867 3039 962 3103 locum
986 3050 1036 3103 aut
1058 3042 1181 3106 deloco
1203 3045 1403 3125 significantis.
1433 3044 1470 3106 ad

182 3144 281 3208 locum
303 3144 487 3224 frequentius
509 3141 649 3220 legimus
672 3139 797 3203 deloco
819 3140 912 3204 habes
934 3142 1101 3224 exemplum

334 3263 451 3327 usque
473 3242 656 3305 coloratis
679 3245 798 3304 amnis
821 3243 982 3307 devexus
1003 3245 1045 3307 ab
1068 3246 1181 3310 ludis.

181 3352 262 3412 inter
286 3345 405 3409 ablativi
426 3348 662 3427 praepositiones
683 3361 741 3406 una
763 3345 793 3405 in
815 3344 937 3408 dubium
960 3348 1053 3419 veuit,
1078 3347 1162 3410 clam.
1195 3351 1278 3411 cuius
1299 3368 1385 3412 casus
1407 3351 1508 3412 estiao

182 3455 266 3514 cuius
289 3451 346 3510 ris:
370 3465 437 3509 cum
459 3447 591 3528 arbiltrio
612 3453 664 3508 tuo
687 3465 722 3508 ea
743 3448 786 3508 nti
807 3456 902 3529 potes.
939 3449 1065 3511 dicimus
1087 3458 1117 3511 et
1138 3450 1212 3513 clam
1236 3461 1320 3531 patre
1343 3462 1373 3515 et
1394 3450 1468 3515 elam

181 3562 312 3634 patrem,
342 3568 438 3631 neque
467 3549 516 3611 hic
538 3546 704 3610 observatio
727 3556 771 3609 est
792 3546 904 3629 aliqua,
927 3560 961 3612 ut
982 3553 1011 3612 iu
1035 3550 1252 3614 communibus.
1296 3572 1365 3615 nam
1388 3572 1469 3615 com·

181 3671 288 3716 munes
309 3654 545 3734 praepositiones
566 3648 637 3710 licet
658 3650 776 3731 utrique
791 3650 974 3723 deserviant,
996 3660 1096 3716 tamen
1118 3657 1196 3716 inest
1216 3652 1275 3717 illis
1297 3654 1393 3736 aliqua
1415 3654 1468 3718 ob·

181 3756 317 3818 servatio.
362 3771 429 3814 nam
457 3751 575 3834 quando
604 3752 841 3829 permansionem
870 3755 1016 3832 significat
1042 3774 1162 3829 sensus,
1191 3755 1316 3819 ablativo
1338 3758 1468 3838 iungitur
1558 3752 1562 3764 '

179 3861 211 3921 in
235 3866 265 3920 et
286 3854 341 3918 suh
363 3863 393 3916 et
414 3853 530 3923 sulutem
559 3853 676 3934 quando
703 3857 964 3934 permutationem,
993 3861 1174 3920 accusativo:
1203 3865 1236 3919 ut
1263 3859 1288 3920 si
1316 3859 1396 3921 dicas
1418 3858 1504 3920 ‘inas

250 4059 352 4125 lepori
364 4065 499 4126 propterea
518 4071 578 4123 ergo
597 4059 753 4125 praepositio
770 4059 839 4109 diets
855 4066 894 4110 est
912 4075 942 4111 eo
957 4062 1024 4125 quod
1037 4063 1107 4128 prior
1121 4063 1265 4112 enuntiator
1280 4063 1355 4113 aliam
1374 4065 1467 4114 oratio-

179 4132 222 4182 nis
238 4129 381 4196 procedens
400 4128 560 4194 particulam.
577 4136 636 4178 sunt
646 4129 688 4180 L:
701 4139 834 4195 propterea
845 4157 877 4168 -
890 4131 1040 4197 particulam
1055 4147 1103 4182 om.
1116 4133 1159 4184 FS
1236 4134 1252 4184 7
1268 4133 1395 4200 significet
1405 4149 1467 4198 sepe

179 4203 248 4252 enim
261 4208 289 4249 nt
307 4200 402 4250 dictum
419 4208 458 4249 est
475 4197 631 4264 praepositio
644 4208 687 4248 eut
704 4207 781 4266 auget
795 4210 839 4251 aut
856 4201 952 4250 minuet
968 4212 1046 4268 suget
1063 4202 1103 4251 L:
1121 4217 1198 4268 saepe
1211 4227 1243 4239 —
1257 4204 1352 4253 minuet
1366 4220 1412 4255 om.
1423 4203 1469 4254 FS

252 4269 286 4320 10
304 4268 433 4336 Vergilius
448 4295 480 4305 -
499 4267 567 4319 Pado
581 4282 628 4317 ora.
646 4268 703 4319 FS:
725 4271 803 4334 Verp.
818 4285 905 4336 peorp.
921 4271 943 4320 il
960 4271 1010 4321 tol
1072 4272 1137 4321 mise
1151 4272 1176 4321 L
1225 4273 1257 4323 21
1272 4270 1364 4337 prima]
1386 4275 1465 4338 Verp.

178 4342 248 4392 Aen.
267 4341 325 4389 124
384 4338 418 4390 22
437 4347 461 4386 et
479 4338 643 4392 adpmarcum
662 4338 745 4404 legam
760 4341 842 4405 (corr.
863 4338 958 4404 lecam)
970 4341 995 4390 L
1014 4349 1040 4390 et
1056 4342 1090 4392 ad
1105 4357 1139 4394 m,
1160 4342 1235 4410 letum
1252 4343 1311 4391 Fet
1326 4341 1388 4391 illud
1408 4356 1465 4392 cum

178 4411 212 4461 ad
232 4410 318 4476 legam
335 4407 369 4459 S:
387 4409 438 4459 Cic.
456 4410 481 4458 io
499 4408 573 4459 Catil.
594 4405 646 4473 18,
666 4408 698 4458 19
766 4409 800 4460 25
821 4418 845 4460 et
860 4409 891 4459 ab
907 4425 987 4474 nsque
1004 4425 1053 4461 om.
1069 4413 1103 4476 L,
1117 4411 1178 4464 add.
1197 4412 1241 4462 FS
1290 4411 1465 4476 Vergilius-

177 4480 228 4531 hoc
247 4494 294 4532 αι.
317 4477 360 4528 FS
428 4475 553 4544 adusque]
576 4479 654 4543 Verp.
675 4478 743 4532 Aen.
762 4479 798 4529 xl
816 4479 867 4530 2112
937 4480 1065 4531 exolstL
1134 4482 1168 4533 26
1194 4480 1278 4532 Siculo
1301 4480 1406 4545 pispexit
1423 4482 1464 4532 L:

181 4552 264 4616 Ver-p.
284 4547 411 4602 Amvu
428 4547 480 4598 289
566 4549 704 4614 ραοςηοΙ,
790 4548 824 4600 29
840 4549 933 4617 usque]
955 4553 1036 4616 Vera.
1053 4566 1139 4617 peorp.
1159 4550 1272 4603 1111293
1350 4549 1464 4602 deuexas

178 4621 223 4673 FS
241 4617 387 4670 retexunt
459 4613 502 4681 ab]
519 4617 590 4667 aar
657 4618 691 4671 32
707 4633 853 4671 communes
866 4631 925 4672 sunt
944 4623 1145 4690 praepositiones
1162 4622 1224 4672 LF:
1238 4629 1297 4671 sunt
1311 4621 1397 4674 omS
