3346 5506
528 397 726 461 tttsrttvrt
748 398 891 461 tnrtvtt
914 398 1083 461 reu-769
1391 402 1446 464 161

223 512 367 568 passus.
1231 516 1400 571 peso-vav.

188 589 276 649 umeri
293 583 419 665 pluralis
440 586 552 647 utinam
575 584 814 666 probavissemus
834 595 863 649 et
884 586 1109 664 probassemus,
1132 590 1244 649 utinam
1266 590 1451 667 probavisse·

187 691 250 752 tiset
267 688 456 768 probassetis,
480 690 591 750 utinam
608 688 813 768 probavissent
829 697 857 750 et
872 689 1062 766 probassent:
1086 690 1190 751 eodem
1210 692 1298 752 modo
1317 699 1452 771 tempore

187 791 261 852 tuturo
282 792 399 852 numeri
420 790 578 870 singularis
599 793 710 852 utinam
736 789 876 868 probem,
903 792 1017 851 utinam
1038 791 1165 870 probes,
1193 796 1306 855 utinam
1328 793 1451 873 probet;

187 895 277 955 numeri
291 892 415 974 pluralis
436 894 549 954 utinam
566 892 737 973 probemus,
763 894 873 954 utinam
888 892 1031 971 probetis,
1055 896 1165 954 utinam
1182 894 1319 974 probent.
1364 897 1452 956 mode

186 996 343 1056 mniunctiro
363 996 425 1056 sive
446 994 574 1055 iunctive
602 1002 736 1075 tempore
757 995 905 1073 praesenti
928 996 987 1056 sive
1010 997 1129 1056 instanti
1159 1000 1275 1058 numeri
1296 997 1452 1077 singularis
1478 1019 1490 1057 s

187 1115 234 1157 cun
249 1095 290 1158 vel
310 1098 335 1158 si
355 1096 491 1175 probem,
512 1115 578 1158 cum
602 1096 647 1158 vel
668 1099 692 1156 si
712 1095 831 1176 probes,
855 1115 922 1157 curn
938 1094 984 1157 vel
1001 1098 1027 1156 si
1049 1096 1172 1175 probet;
1193 1100 1308 1160 numeri
1331 1098 1453 1178 pluralis

187 1216 234 1259 sun
253 1197 340 1260 velsi
367 1198 544 1278 prebemus,
572 1217 640 1260 cum
667 1197 713 1260 vei
734 1200 759 1257 si
785 1196 932 1278 probetis,
964 1216 1032 1259 cum
1056 1197 1100 1259 vei
1124 1200 1148 1260 si
1173 1200 1315 1277 probent:
1350 1202 1452 1262 eodem

188 1300 252 1361 meo
274 1308 407 1380 tempere
428 1303 589 1380 praeterito
618 1302 716 1379 speeie
743 1300 915 1378 imperfecta
938 1301 998 1361 sive
1020 1301 1117 1361 minus
1140 1320 1228 1380 quam
1255 1303 1385 1380 perfecta
1409 1302 1453 1364 vel

189 1402 323 1465 inchoativa
352 1404 469 1465 numeri
486 1401 644 1482 singularis
673 1421 740 1463 cum
767 1401 811 1462 vel
836 1404 860 1462 si
886 1402 1061 1480 probarem,
1091 1421 1159 1464 crim
1182 1402 1273 1464 vulsi
1300 1404 1453 1482 probares,

190 1521 236 1565 ran
253 1504 294 1567 rei
312 1507 336 1567 si
358 1504 513 1584 probaret;
546 1506 664 1566 numeri
685 1503 806 1582 pluralis
831 1522 897 1564 cum
921 1503 966 1565 vel
987 1505 1010 1564 si
1033 1503 1245 1583 probaremus,
1276 1525 1342 1566 curn
1365 1506 1410 1567 vel
1428 1508 1453 1567 si
1468 1524 1491 1564 re

189 1606 340 1683 probaretis,
372 1625 440 1668 cum
467 1605 513 1668 vel
539 1607 565 1666 si
591 1606 768 1685 probarent:
785 1601 917 1689 ileudcm
943 1606 1031 1667 modo
1061 1607 1164 1667 eodem
1194 1615 1329 1687 tempore
1357 1611 1455 1688 specie

191 1709 289 1784 periecta
310 1711 371 1772 sive
397 1707 531 1770 absoluta
557 1710 673 1769 numeri
696 1706 852 1785 singularis
880 1725 947 1767 cum
970 1706 1014 1767 vel
1037 1708 1061 1767 si
1083 1708 1271 1786 probaverim
1295 1715 1324 1770 et
1346 1710 1454 1788 proba·

191 1809 238 1879 riu,
256 1830 317 1872 mm
338 1809 383 1873 vei
400 1812 423 1872 si
446 1809 620 1891 probaveris
642 1818 672 1871 et
693 1808 839 1888 probaris,
863 1827 930 1869 cum
954 1808 998 1870 vel
1018 1810 1042 1870 si
1063 1809 1235 1887 probaverit
1255 1818 1285 1871 et
1305 1811 1455 1890 probarit;

192 1914 279 1974 nmen
299 1912 422 1993 ploratis
448 1931 517 1973 oum
538 1911 585 1974 vel
606 1914 631 1973 si
652 1910 877 1990 probaverimus
900 1918 929 1971 et
949 1909 1152 1988 probarimus,
1181 1930 1247 1973 curn
1270 1913 1314 1974 vel
1337 1916 1362 1974 si
1384 1933 1455 1993 pro·

192 2008 297 2076 bareritis
317 2024 347 2078 et
366 2013 540 2096 probaritis,
570 2033 636 2075 cnm
658 2012 703 2074 vel
725 2014 748 2073 si
772 2011 964 2090 probaverint
985 2020 1014 2073 et
1034 2013 1203 2091 probarint:
1237 2016 1343 2077 eodem
1365 2017 1494 2076 medere

193 2114 269 2178 udam
287 2125 423 2197 tempore
445 2119 543 2196 speeie
559 2115 849 2196 plusqtramperiecta
872 2116 933 2175 sive
949 2115 1132 2176 recordativa
1155 2116 1318 2179 veteraria
1340 2119 1456 2179 numeri

192 2216 315 2294 muniaris
334 2238 403 2281 cum
425 2219 471 2280 vei
492 2221 517 2280 si
538 2216 740 2298 probavissem
763 2224 792 2276 et
809 2215 999 2294 probassem,
1020 2236 1087 2278 cum
1108 2217 1152 2278 vei
1175 2220 1199 2278 si
1218 2219 1406 2296 probavisses
1428 2227 1457 2281 et

193 2317 332 2391 probasses,
355 2340 424 2383 cum
445 2320 491 2383 vei
508 2321 532 2381 si
556 2318 739 2399 probavisset
761 2324 791 2377 et
812 2316 983 2395 probasset;
1016 2321 1131 2379 numeri
1153 2319 1275 2399 pluralis
1299 2321 1457 2398 cumiret

192 2417 444 2499 tiprobavissemus
468 2429 497 2483 et
517 2421 744 2501 probassemus,
775 2437 842 2480 cum
862 2417 908 2481 vel
931 2420 956 2478 si
981 2418 1189 2497 probavissctis
1211 2431 1241 2484 et
1263 2423 1454 2502 probassetis,

194 2523 290 2586 murel
306 2527 332 2587 si
345 2525 552 2604 probavissent
574 2531 603 2586 et
621 2522 812 2602 probassent:
836 2520 941 2581 eodem
958 2521 1045 2580 modo
1066 2529 1201 2602 tempore
1216 2525 1316 2586 tuturo
1338 2528 1495 2587 numeriae

192 2622 315 2700 ⁸{tunderis
335 2646 404 2688 curn
422 2626 467 2689 vei
491 2628 514 2687 si
535 2624 700 2706 probavero
724 2630 753 2685 et
774 2621 919 2702 probaro,
941 2640 1008 2682 cum
1031 2622 1076 2684 vel
1094 2626 1120 2685 si
1139 2625 1313 2704 probareris
1335 2635 1363 2690 et
1386 2646 1455 2706 pro·

192 2719 260 2798 ime,
279 2748 345 2791 eum
364 2728 411 2790 vei
432 2729 456 2789 si
476 2728 647 2808 probaverit
668 2733 698 2787 et
719 2723 868 2804 probarit;
898 2725 1015 2784 numeri
1038 2723 1159 2803 piuraiis
1182 2745 1248 2789 cum
1273 2728 1316 2790 vel
1338 2732 1363 2790 si
1385 2748 1456 2808 pro·

192 2820 327 2893 brennus
347 2839 377 2894 et
398 2829 596 2910 probarimus,
620 2847 688 2890 curn
709 2825 754 2888 vel
773 2828 800 2886 si
820 2825 1015 2904 probaveritis
1037 2833 1066 2886 ct
1087 2828 1256 2906 probaritis,
1280 2850 1346 2891 cum
1368 2830 1411 2892 vel
1431 2833 1456 2893 si

193 2928 352 3002 probaverint
374 2941 403 2995 et
424 2931 589 3012 probarint.
634 2931 723 2992 modo
746 2926 925 3006 inpersonali
953 2929 1085 2989 numeris
1115 2936 1144 2990 et
1165 2934 1301 3009 personis
1324 2932 1456 2993 eortiusis

192 3033 294 3112 itittpore
314 3036 463 3115 praesenti
486 3035 547 3095 sive
564 3032 684 3093 instanti
705 3029 864 3109 probatur,
892 3030 996 3091 cedern
1021 3031 1107 3090 medo
1131 3038 1265 3111 tempore
1292 3036 1454 3113 praeterito
1468 3049 1493 3089 es

192 3139 263 3208 urob
286 3138 461 3218 imperfecta
491 3137 551 3197 sive
581 3135 679 3195 minus
707 3150 795 3212 quarn
823 3131 955 3210 perfecta
988 3129 1034 3192 vei
1066 3133 1230 3195 inchoativa
1263 3135 1455 3213 probabatur,

193 3235 269 3301 Maur
287 3236 378 3302 modo
406 3239 511 3301 eodem
534 3246 670 3316 tompore
699 3235 798 3314 speeie
826 3233 957 3310 perfecta
983 3233 1043 3293 sive
1070 3233 1203 3295 abseiuta
1232 3236 1389 3314 probatum
1413 3246 1457 3298 est

192 3340 354 3405 deteriore
385 3343 517 3421 perfecta
550 3341 610 3400 sive
638 3336 772 3399 absoluta
804 3333 962 3413 probatum
998 3335 1064 3404 tuit,
1097 3336 1200 3398 eodem
1230 3337 1316 3398 morio
1352 3339 1456 3399 cortens

192 3428 295 3521 itt'tpore
316 3444 416 3523 specie
437 3441 728 3523 plusquamperfecto
749 3437 810 3497 sive
830 3436 1014 3497 recordativa
1033 3434 1078 3496 vel
1094 3445 1194 3498 exacta
1216 3438 1372 3517 probatum
1394 3451 1457 3502 erat

193 3542 350 3608 antenore
373 3543 661 3626 plusquamperfecta
684 3541 744 3600 sive
766 3537 948 3599 recordativa
971 3535 1014 3596 vel
1039 3546 1138 3598 exacta
1166 3539 1325 3618 probatum
1348 3542 1452 3611 tuerat,
1469 3556 1494 3598 so

192 3642 269 3708 utem
294 3648 385 3709 modo
415 3655 550 3725 tempore
572 3645 671 3704 tuturo
703 3639 888 3718 probabitur.
933 3639 1057 3717 gerundi
1091 3648 1160 3699 sunt
1187 3641 1275 3711 hacc,
1309 3642 1456 3722 probandi

192 3744 315 3814 immede
336 3749 524 3829 probandum
545 3745 713 3826 probatum.
758 3750 891 3820 tempera
914 3741 1137 3818 participiorum
1159 3743 1317 3805 trabuntur
1333 3764 1349 3805 a
1365 3745 1456 3806 verbo

192 3847 260 3911 ²diro
277 3852 352 3921 duo,
374 3868 517 3931 praesens
539 3847 686 3928 probans,
709 3845 840 3905 futurum
863 3842 1053 3921 probaturus.
1098 3862 1205 3907 nomen
1228 3845 1265 3906 ab
1287 3847 1344 3906 boc
1366 3846 1456 3909 verbo

192 3948 261 4013 ttttro
277 3956 308 4016 tit
330 3951 483 4032 probator,
504 3948 662 4032 appellatio
683 3946 829 4026 probatio.

251 4054 408 4119 beclinatio
431 4054 553 4132 <passiva
583 4051 698 4129 primae
733 4047 955 4123 coniugationis.
1003 4047 1115 4125 probor
1129 4043 1142 4131 ΙΙ
1158 4048 1281 4110 verbum
1308 4051 1455 4129 passivum
1470 4068 1495 4108 aa

192 4142 316 4221 bissum
339 4160 401 4218 sive
420 4154 638 4235 pronuntiative
653 4150 742 4211 modo
763 4150 873 4209 dictum
893 4149 1035 4226 temporis
1056 4153 1219 4229 praesentis
1239 4153 1299 4210 sive
1321 4153 1458 4213 instantis

192 4258 278 4320 tunm
297 4257 457 4337 singularis
479 4258 591 4335 figurae
611 4251 754 4329 simplicis
773 4267 918 4328 personae
940 4251 1069 4328 primae,
1092 4254 1170 4329 quod
1190 4251 1385 4313 declinabitur
1404 4255 1455 4312 sir..

193 4355 256 4419 uodo
275 4363 429 4423 indicativo
451 4359 511 4421 sive
533 4355 752 4436 pronuntiative
775 4361 910 4430 ternpore
937 4355 1087 4429 praesenti
1115 4355 1175 4415 sive
1197 4356 1316 4415 instanti
1341 4355 1458 4414 numeri

192 4448 318 4533 mutare
339 4463 452 4541 probor
475 4460 613 4539 probaris
635 4457 796 4537 probatur,
825 4455 943 4514 numeri
961 4451 1083 4531 ploratis
1104 4454 1266 4532 probamur
1289 4455 1456 4534 probamini

192 4558 341 4627 tutantur:
371 4564 477 4627 eedem
497 4563 586 4624 modo
612 4567 748 4639 ternpore
774 4556 935 4636 praeterito
958 4556 1056 4633 specie
1078 4557 1250 4635 imperfecta
1277 4558 1336 4618 sive
1359 4559 1457 4618 minus
1471 4571 1497 4612 ⁴⁰

192 4666 256 4727 iiten
275 4668 406 4747 perfecta
433 4665 480 4726 vei
502 4664 665 4726 inchoativa
694 4661 811 4721 numeri
834 4655 991 4735 singularis
1016 4657 1168 4737 probabar
1191 4657 1367 4738 probaberis
1388 4676 1457 4737 pro·

240 4874 417 4946 inprobarum
433 4886 539 4929 eret-
556 4872 591 4927 30
608 4881 697 4924 exacta
714 4887 761 4922 om.
781 4871 812 4932 u,
831 4869 894 4922 add.
912 4885 927 4918 u
995 4869 1030 4921 di
1046 4868 1233 4937 simplicis!

227 4980 379 5031 ssm'l'·
395 4985 467 5027 ῙιΔΤ.
484 4984 544 5025 1111.
