3346 5506
225 117 287 180 462
574 109 580 119 ’
802 113 924 176 SERVll

275 234 297 272 p.
311 220 369 262 reri.
383 221 449 262 rer.
647 228 651 234 ·
1296 219 1380 275 aare.
1391 218 1456 263 aaa.

308 299 350 360 lle
373 300 502 361 eborico.
532 299 682 360 eboricum
706 307 821 360 constat
842 307 1027 361 monometro
1048 298 1301 380 hypercatalecto,
1323 308 1356 362 ut
1377 307 1423 362 eat
1440 299 1568 371 ιιι-

510 404 625 464 animua
647 400 724 463 male
746 402 841 462 lortis.

309 503 350 564 lle
379 504 588 584 aristophanio.
633 503 864 582 aristophanium
893 512 1008 565 coastat
1034 503 1161 564 dimetro
1188 501 1456 585 brachycatalecto,
1477 510 1507 563 ιιι
1522 500 1568 556 Δ

225 613 270 667 est
291 606 361 677 hoe,

509 710 588 769 venit
610 710 720 788 optima
742 707 883 787 Calliope.

309 811 313 892 1
338 809 379 870 lle
401 812 597 889 paroemiaeo.
629 813 848 890 paroemiacum
864 817 979 872 coastat
993 811 1121 872 dimetro
1137 809 1322 882 catalectico,
1337 818 1372 872 ut
1386 818 1432 872 eat
1445 809 1507 883 hoc,
1559 850 1568 869 .

510 912 619 973 aditum
643 913 765 973 Veneris
787 913 854 991 luge
876 914 969 991 virgo.

309 1012 350 1074 lle
372 1013 536 1094 pindarico,
580 1013 766 1093 pindaricum
788 1021 903 1075 constat
925 1013 1050 1075 dimetro
1072 1014 1246 1087 acatalecto,
1271 1025 1302 1077 ut
1325 1024 1370 1077 est
1391 1015 1464 1084 hoe,

426 1115 494 1193 luge
517 1117 632 1177 moenia
655 1117 713 1176 iam
735 1115 955 1178 Telamoniade.

190 1229 214 1268 ιιι
313 1217 353 1277 lie
376 1216 528 1279 alemania.
560 1217 735 1278 alemaniam
759 1227 874 1280 constat
895 1217 1021 1281 dimetro
1044 1219 1300 1300 hypercataleeto,
1323 1227 1358 1282 ut
1379 1226 1426 1280 est
1446 1213 1535 1289 boc,

426 1320 584 1382 tremulum
607 1337 689 1381 mare
712 1319 852 1382 melliflua
874 1322 948 1382 nitet
969 1340 1050 1383 aura.

309 1420 351 1482 lle
374 1419 555 1482 archebalio.
599 1421 803 1483 archebulium
825 1430 940 1485 constat
966 1422 1095 1487 dimetro
1116 1422 1276 1485 acatalecto
1298 1431 1329 1485 et
1350 1422 1509 1504 palimbac-

224 1523 306 1593 chio,
329 1530 362 1583 ut
383 1530 428 1583 est
449 1523 521 1598 hoc,

426 1626 480 1687 dea
503 1626 663 1687 somnifero
687 1644 757 1705 vaga
779 1625 926 1688 curriculo
946 1626 1068 1689 relucet.

188 1737 212 1777 ¹⁵
310 1726 352 1788 lle
382 1727 545 1807 pindarico.
589 1727 772 1807 pindaricum
801 1737 917 1791 constat
942 1732 1077 1792 trimetro
1105 1728 1374 1810 brachycatalecto,
1410 1738 1443 1792 ut
1469 1737 1512 1791 cet

225 1829 297 1900 hoc,

427 1930 557 1992 medium
579 1932 683 2013 rapido
705 1950 787 1995 mare
809 1933 936 2013 Thybris
959 1935 1020 1997 adit
1040 1936 1138 1997 ilario.

311 2032 351 2092 lle
374 2031 527 2094 alemanie.
573 2033 747 2095 alemaniam
771 2044 886 2097 constat
907 2038 1041 2098 trimetro
1065 2037 1249 2107 catalectico,
1278 2044 1311 2098 ut
1333 2045 1379 2097 est
1401 2037 1471 2104 hoc,

428 2134 495 2196 date
516 2135 649 2197 Pierides
671 2137 743 2197 mihi
765 2140 896 2199 carmina
919 2137 1165 2217 doctiloquorum.

312 2236 353 2297 lle
375 2236 560 2298 stesichorio.
604 2237 810 2299 stesichorium
834 2247 948 2301 constat
969 2243 1105 2302 trimetro
1128 2239 1302 2309 acatalecto,
1326 2249 1360 2302 ut
1382 2250 1428 2303 est
1448 2241 1510 2309 hoc,

376 2339 454 2399 iacet
474 2340 504 2398 in
528 2338 655 2400 thalamo
683 2339 736 2400 tibi
758 2343 839 2419 virge
863 2342 970 2403 decens
992 2341 1113 2403 Veneris
1135 2345 1243 2422 specie.

312 2439 353 2501 lle
375 2441 542 2501 simonidia.
573 2441 761 2504 simonidinm
778 2452 892 2506 constat
914 2446 1048 2505 trimetro
1071 2444 1324 2524 hypercataleeto.
1341 2452 1374 2505 ut
1389 2452 1435 2505 est
1449 2444 1511 2512 hoe,

379 2540 449 2602 tuba
472 2540 596 2603 terribili
619 2542 722 2625 procul
745 2562 814 2605 aere
835 2554 934 2617 sonat,
958 2544 1084 2626 clipeum
1107 2554 1195 2626 quate
1218 2544 1311 2607 miles.

311 2645 353 2706 lle
381 2643 534 2707 alemania.
579 2643 755 2707 alemaniam
783 2653 897 2708 constat
925 2655 1096 2709 tetrametro
1126 2645 1395 2727 brachycatalecto,
1418 2655 1451 2710 ut
1472 2655 1514 2708 aar

189 2766 214 2807 u
226 2747 298 2818 hoe,

378 2867 429 2911 sna
452 2868 575 2910 manera
598 2850 655 2909 lert
679 2848 773 2910 Venus
795 2849 870 2911 alma
895 2870 976 2913 rosas
998 2853 1096 2913 iuveni
1118 2852 1319 2932 Cinyreiadae.
1362 2838 1388 2852 ⁶

311 2951 353 3012 lle
366 2952 577 3030 aristophanio.
601 2952 831 3031 aristophanium
844 2960 957 3039 constat
971 2960 1144 3015 tetrametro
1155 2954 1337 3022 catalectico,
1350 2961 1383 3014 ut
1395 2960 1441 3015 est
1451 2954 1515 3021 hoc,

379 3053 445 3115 date
469 3055 534 3114 vina
556 3054 642 3123 mibi,
666 3054 733 3115 date
755 3062 848 3126 serta,
871 3058 949 3116 iurat
971 3055 1043 3116 dare
1064 3064 1197 3137 tempora
1221 3065 1282 3119 tcta
1303 3056 1413 3136 Lyaeo.

296 3209 312 3259 o
328 3209 360 3258 de
377 3207 554 3273 parhoemiaco
568 3206 701 3272 parhoemi
717 3209 742 3256 N
753 3208 784 3257 de
802 3207 963 3273 parchoemio
976 3207 1163 3274 parchoemium
1182 3209 1203 3260 S
1218 3208 1413 3273 partheniacam
1431 3210 1518 3260 ardiae

227 3282 389 3331 diametrorum
400 3281 435 3328 ita
447 3286 550 3340 mutato,
569 3277 786 3343 Aristophanium,
806 3278 975 3340 Pindaricum,
990 3279 1158 3339 alemaniam,
1176 3277 1366 3328 Archilochium
1383 3280 1449 3346 (pro
1465 3280 1518 3329 Ar·

227 3350 364 3412 chebaleo),
374 3348 577 3408 Partheniacnm,
593 3347 752 3398 Pindaricum
762 3358 859 3398 constat
869 3349 980 3398 trimetro
993 3362 1019 3405 ς.
1039 3352 1065 3400 in
1076 3347 1248 3399 Laurentiano
1263 3350 1348 3400 eodme
1365 3351 1404 3400 ita
1423 3351 1518 3402 deacri-

225 3428 271 3483 pta
294 3427 352 3468 suat
369 3426 447 3468 metra
465 3419 646 3480 anapaestico,
672 3418 693 3466 Τ
695 3419 802 3468 ciuicam
820 3445 854 3453 —
869 3417 1079 3483 Aristopbauinm
1096 3443 1130 3469 .-
1148 3416 1342 3468 Partheniacum
1359 3429 1463 3471 constat
1480 3420 1518 3469 di-

228 3499 307 3540 metro
326 3489 487 3538 acatalectico
506 3497 534 3536 ut
552 3487 614 3536 ielix
632 3488 737 3537 nimium
756 3492 825 3554 prior
842 3496 920 3540 aetas.
941 3489 1100 3539 Alcmaaium
1118 3514 1152 3523 -
1171 3488 1334 3538 Stesicnrirrm
1352 3516 1386 3525 -
1408 3488 1520 3540 Simoei-

228 3561 298 3610 diam
316 3586 350 3595 -
370 3559 530 3607 atcmaaiam
548 3583 582 3591 -
600 3558 808 3622 Aristophaniam
831 3587 864 3594 —
881 3558 1044 3608 Pindaricum
1069 3567 1167 3608 constat
1194 3567 1350 3609 monometre
1375 3559 1521 3627 hipercata·

228 3631 316 3679 lectica
336 3639 362 3677 at
378 3629 432 3677 aias
451 3627 515 3675 malt·
536 3626 618 3678 sortis.
656 3627 853 3680 Parcbimaicam
872 3636 969 3677 coastat
988 3628 1096 3678 dimetro
1115 3627 1232 3677 brachieo
1255 3638 1281 3677 ut
1298 3628 1396 3679 aditum
1417 3630 1521 3681 ueneris

229 3699 290 3764 lage
303 3700 384 3761 uirgo.
404 3697 564 3746 Alearanium
577 3723 611 3732 —
621 3696 781 3747 Pindaricum
792 3726 822 3735 —
834 3696 1013 3746 Arcbebaliaar
1024 3727 1051 3734 -
1066 3698 1162 3748 relucet
1213 3697 1320 3748 dimetro
1329 3699 1430 3749 amtal’
1444 3701 1470 3750 N

229 3771 245 3818 7
265 3767 369 3832 adytum
389 3780 420 3820 ς;
442 3767 538 3815 aditum
561 3766 630 3815 -8
657 3766 763 3818 dimetro
783 3769 918 3818 acatalecto
947 3778 974 3815 ιιι
995 3778 1034 3817 est
1053 3767 1142 3817 hocin
1159 3784 1239 3832 rrrurp,
1262 3768 1323 3820 add.
1342 3771 1381 3832 N,
1399 3771 1449 3820 doe
1467 3774 1522 3821 loco

229 3840 320 3888 amiam
334 3837 472 3900 definitioni
488 3838 595 3886 trimetri
613 3835 747 3888 Pindarici
764 3838 795 3888 15
811 3841 862 3903 cic,
882 3844 909 3885 ut
926 3838 996 3901 infra
1012 3843 1107 3901 scripta
1128 3847 1196 3900 eunt,
1214 3839 1321 3888 merarii
1337 3839 1371 3899 S,
1391 3854 1441 3894 one.
1459 3842 1525 3892 Pni-

228 3908 312 3958 achiae
371 3903 443 3970 luge]
463 3921 528 3971 erge
548 3907 572 3954 P
618 3904 634 3953 9
655 3904 715 3971 laga
734 3908 847 3956 ueniant
866 3908 916 3955 iam
935 3907 1105 3974 teiemoaiadp
1124 3908 1149 3956 P
1166 3908 1229 3973 luge
1247 3909 1347 3958 moenia
1363 3909 1418 3959 tela
1436 3912 1525 3961 omnia

230 3979 278 4028 deo
297 3974 428 4025 Patoeiriae
511 3976 542 4026 10
563 3976 675 4025 trimetro
695 3977 719 4024 P
789 3978 818 4027 ll
838 3976 960 4026 melliflua
978 3992 994 4033 ς
1013 3978 1163 4028 mellillaant
1178 3978 1204 4029 P
1270 3978 1364 4030 nititS
1441 3982 1475 4033 ln
1491 3981 1525 4030 de

229 4045 383 4096 archilochio
401 4043 582 4094 archilochium
603 4046 628 4094 P
695 4046 858 4112 palinbaeeho
877 4047 902 4094 1·
991 4049 1020 4101 ld
1038 4063 1099 4097 traca
1118 4062 1187 4098 carr.
1205 4057 1277 4097 rraeat
1296 4047 1332 4098 S:
1349 4049 1419 4099 bone
1440 4052 1526 4102 curai-

229 4117 286 4167 ealo
301 4115 434 4167 Pudicitiae
487 4115 616 4180 praelucet
633 4128 650 4170 ς
721 4116 754 4167 ln
772 4119 804 4167 de
822 4116 952 4184 pindarico
966 4118 1125 4183 pindaricum
1144 4125 1241 4168 coartat
1254 4118 1363 4168 dimetro
1381 4121 1525 4172 acatalecto

230 4197 257 4237 at
275 4196 313 4237 est
335 4185 384 4237 hec
402 4184 497 4235 aditum
517 4185 618 4234 ueneris
635 4185 697 4252 lage
721 4187 804 4253 uirgo.
834 4186 865 4236 de
884 4187 1025 4251 pindarico.
1051 4188 1209 4253 pindaricum
1228 4189 1342 4237 trimetro
1360 4188 1526 4242 brachieata·

229 4260 294 4309 lecto
312 4265 394 4308 ateet
411 4254 459 4306 hoc
477 4255 626 4305 medinmS
709 4256 741 4307 17
759 4255 880 4306 marteP
966 4258 1076 4309 tibrisS
1162 4257 1195 4309 lt
1214 4271 1315 4308 carmen
1333 4258 1377 4314 Ρς
1455 4261 1528 4311 docti

229 4329 341 4380 locorum
359 4330 384 4378 P
407 4326 606 4387 dactiloquoram
627 4326 653 4374 N
677 4325 888 4378 dactilicerumS
956 4328 987 4377 21
1012 4328 1108 4384 ιιιιεις
1179 4327 1255 4377 decer
1273 4329 1299 4377 P
1367 4330 1485 4394 speciem
1506 4332 1528 4383 S

192 4458 193 4462 Ἰ
299 4398 332 4451 23
350 4393 437 4463 quate]
456 4397 506 4457 qui
523 4395 545 4445 S
561 4409 657 4459 copes
744 4398 778 4448 26
795 4397 861 4446 alme
878 4411 937 4445 rosa
955 4399 979 4448 P
1066 4397 1212 4463 cinyreiade
1229 4397 1254 4446 N
1271 4398 1405 4466 cinyreide
1423 4401 1453 4450 P
1468 4402 1526 4451 eei·

230 4469 328 4518 reiades
345 4482 414 4519 corr.
432 4493 466 4502 —
485 4464 518 4531 dp
534 4466 554 4513 S
572 4467 658 4513 cinara
676 4467 762 4529 genito
780 4480 797 4523 ς
816 4467 893 4515 cineri
912 4468 1010 4517 adolete
1024 4468 1157 4518 Pataeldae
1225 4469 1259 4518 27
1279 4467 1418 4521 aoetaieeto
1437 4485 1455 4528 ς

230 4539 264 4588 18
281 4540 339 4589 date
357 4540 417 4586 trina
436 4535 502 4587 boaa
520 4533 579 4584 mihi
598 4536 732 4585 I'uteririue
819 4545 854 4585 tot
871 4536 921 4585 alto
941 4538 993 4586 leui
1012 4552 1029 4593 ς
1047 4547 1083 4586 tot
1100 4538 1152 4587 alta
1170 4538 1242 4587 chius
1261 4539 1454 4591 Laurentium
1472 4550 1528 4591 tota

231 4607 313 4674 layaee
331 4609 377 4658 tibi
397 4608 531 4658 ‚tententur
