3346 5506
205 371 209 380 “
234 365 274 429 98
822 365 936 432 raom

286 499 308 538 p.
323 486 368 527 212.
376 485 401 527 1³
416 485 441 525 ll.
1302 498 1326 537 p.
1338 482 1429 528 lib-ll
1444 483 1473 529 V.

235 574 343 633 genera
371 557 444 617 baec
472 565 610 646 quattuor
642 557 774 617 continet
802 563 933 624 tautum,
963 554 1154 618 masculinum
1184 557 1358 619 femininum
1385 566 1522 619 neutrum

235 676 330 718 omne.
347 655 361 741 ll

319 759 359 820 llo
381 777 489 837 genere
511 758 682 839 masculino.
729 759 880 822 masculini
908 761 1026 837 generis
1047 761 1181 830 nomina,
1210 779 1287 841 quac
1307 751 1432 823 ablativo
1454 780 1521 824 casu

233 863 348 921 numeri
376 861 532 938 singularis
561 863 571 922 i
593 845 689 923 littera
715 870 826 923 tantum
855 863 1052 922 terminantur
1080 869 1109 922 et
1134 870 1232 941 aptota
1249 855 1321 925 'esse
1349 881 1408 924 non
1438 881 1522 942 repe·

207 963 469 1032 criuntur‚-baec
498 966 527 1023 in
553 965 730 1024 nominativo
754 983 821 1025 casu
847 961 964 1024 numeri
984 962 1141 1041 singularis
1166 982 1224 1024 unu
1253 963 1310 1025 hac
1330 965 1427 1026 lorma
1452 966 1522 1028 deil-

231 1068 354 1126 uiuntur
376 1073 497 1135 tantum,
520 1067 555 1133 is,
580 1073 696 1144 utputa
719 1065 755 1127 ab
773 1067 830 1126 boc
844 1064 944 1125 Tiberi
966 1065 1015 1125 bie
1030 1064 1156 1135 Tiberis,
1178 1074 1208 1126 et
1226 1066 1334 1127 adbuc
1355 1066 1520 1148 exemplum

232 1167 434 1227 declinantur:
459 1168 575 1226 numeri
596 1166 753 1246 singularis
775 1168 822 1228 bic
843 1166 960 1227 Tiberis
983 1167 1069 1227 buius
1090 1166 1207 1228 Tiberis
1227 1167 1296 1229 huie
1319 1168 1420 1231 Tiberi
1443 1168 1520 1230 bunc

231 1269 360 1329 Tiberim
381 1289 399 1329 o
417 1268 534 1328 Tiberis
555 1268 592 1328 ab
614 1269 670 1329 boe
692 1269 803 1330 Tiberi.
849 1269 921 1329 baec
944 1287 1049 1329 sonum
1070 1267 1214 1346 pluralem
1238 1270 1336 1332 iacere
1357 1266 1520 1350 prohiben-

230 1378 289 1430 tur.
333 1372 375 1430 sic
398 1378 427 1429 et
445 1369 500 1430 alia
518 1358 639 1448 'generis
662 1353 816 1432 masculini
838 1373 966 1439 nomina,
990 1360 1065 1450 quae
1087 1370 1212 1440 ablativo
1234 1390 1304 1433 casu
1324 1374 1440 1433 numeri
1462 1374 1520 1434 sin·

194 1493 218 1534 ro
232 1471 342 1550 gularis
365 1473 373 1532 i
396 1472 491 1532 littera
518 1481 631 1533 tantum
655 1474 850 1534 terminantur
871 1481 901 1533 et
922 1474 1102 1533 nominativo
1128 1491 1198 1534 casu
1226 1476 1342 1535 numeri
1364 1472 1520 1553 singularis

230 1575 256 1633 is
271 1573 375 1634 litteris
389 1574 578 1643 definiuntur,
600 1574 635 1634 ad
656 1574 821 1654 exemplum
837 1573 953 1643 Tiberis
969 1574 1162 1636 declinantur.
1194 1558 1274 1635 u'uuo
1291 1594 1326 1637 ex
1341 1575 1396 1636 bac
1414 1575 1517 1644 torma,

230 1694 287 1756 qua
314 1675 440 1736 diximus
468 1679 586 1755 generis
614 1676 914 1738 masculiui'uomina
943 1676 1065 1737 ablativo
1089 1662 1158 1736 casu
1184 1680 1300 1738 numeri
1330 1677 1516 1755 singularisi

230 1777 325 1838 littera
354 1784 466 1838 tantum
491 1780 660 1848 terminari,
693 1778 750 1839 boe
777 1798 933 1840 nroneuaus
961 1779 1038 1858 quod
1067 1779 1132 1856 plus
1157 1798 1245 1858 quam
1274 1779 1376 1852 decem
1405 1789 1516 1861 septem

229 1881 303 1948 soni,
327 1879 384 1940 boc
406 1888 450 1940 est
474 1898 560 1958 quam
584 1881 686 1941 decern
709 1890 822 1959 septem
845 1883 972 1949 nomina,
996 1882 1189 1958 nonpossint
1215 1881 1357 1943 exbiberi.

194 2002 217 2041 n
315 1982 356 2042 [lc
384 2000 493 2059 genere
523 1982 673 2043 feminino.
719 1983 850 2043 feminini
882 1983 999 2061 genueris
1032 1983 1163 2052 nomina,
1193 2001 1267 2061 quae
1295 1982 1420 2044 ablativo
1449 2002 1515 2044 casu

229 2085 344 2144 numeri
373 2084 529 2162 singularis
550 2086 559 2143 i
581 2084 677 2145 littera
699 2093 811 2145 tantiam
838 2085 1034 2144 terminantur
1062 2091 1092 2143 et
1112 2091 1211 2162 aptota
1235 2103 1299 2146 esse
1319 2082 1324 2168 Ι
1343 2103 1403 2145 non
1433 2103 1516 2164 repe·

229 2188 361 2254 riantur,
391 2185 464 2246 baec
486 2187 517 2245 iu
538 2187 716 2247 nominativo
737 2204 806 2246 casu
836 2188 951 2246 numeri
979 2184 1134 2263 singularis
1160 2204 1216 2246 una
1245 2186 1301 2247 bac
1324 2188 1418 2248 lorma
1447 2187 1516 2248 dett·

229 2290 497 2354 uiunturtantum,
533 2289 575 2356 is,
612 2295 644 2347 ut
663 2297 731 2367 puta
761 2286 798 2347 ab
828 2287 884 2348 bac
905 2290 931 2348 vi
963 2288 1036 2348 baec
1058 2289 1114 2356 ris,
1150 2294 1179 2348 et
1210 2287 1246 2348 ad
1269 2289 1327 2348 boc
1350 2287 1516 2369 exemplum

195 2451 200 2458 ,
228 2388 429 2449 declinantur:
465 2368 579 2448 rrarmeri
602 2389 757 2467 singularis
785 2389 858 2450 baec
883 2392 923 2450 vis
944 2391 1031 2451 buius
1050 2388 1092 2448 vis
1114 2389 1181 2449 buic
1204 2392 1230 2449 vi
1252 2390 1330 2450 lianc
1352 2392 1409 2450 vim
1436 2410 1454 2450 o
1477 2392 1517 2450 ris

191 2510 217 2548 ao
230 2491 266 2550 ab
290 2490 344 2551 bac
371 2491 407 2550 vi.
452 2490 525 2551 baec
554 2510 659 2551 sonum
688 2491 830 2569 pluralem
858 2493 956 2552 lacere
983 2490 1187 2569 probibentur.
1231 2511 1302 2553 saue
1329 2492 1387 2552 boc
1414 2510 1517 2554 moue·

228 2611 307 2660 anais,
328 2592 408 2672 quod
431 2594 489 2652 siut
510 2591 600 2672 aliqui
621 2595 671 2670 qui
695 2592 731 2653 ab
755 2594 809 2679 bac
830 2595 856 2652 ri
882 2595 958 2653 vires
986 2611 1142 2654 numerum
1166 2593 1308 2671 pluralem
1334 2612 1399 2656 esse
1419 2595 1517 2655 existi·

228 2701 317 2754 ment.
362 2694 414 2755 scd
446 2694 504 2754 boc
532 2713 700 2763 rnouemus,
736 2696 815 2774 quod
849 2713 1054 2775 quaecumque
1086 2697 1205 2756 nomina
1236 2697 1352 2772 generis
1387 2696 1517 2757 lemiuiui

227 2797 360 2872 genetivo
381 2814 451 2856 casu
474 2798 590 2857 numeri
607 2795 762 2874 singularis
778 2799 803 2856 is
816 2795 923 2857 litteris
942 2776 1129 2874 deliniuntul,
1153 2797 1225 2857 baec
1245 2815 1280 2857 ex
1303 2799 1407 2859 eodem
1428 2815 1517 2877 gene·

227 2900 285 2957 tiro
311 2916 380 2959 casu
403 2900 518 2959 numeri
540 2899 696 2975 singularis
718 2901 727 2961 i
746 2896 887 2963 litteram.
917 2916 1003 2977 quam
1031 2897 1140 2958 babent
1168 2907 1234 2959 ante
1258 2898 1388 2959 ultimam
1411 2918 1517 2961 conso·

188 3018 214 3056 aa
228 3006 345 3060 tranitem
367 3003 540 3079 appositam.
559 3000 589 3058 iu
612 3020 628 3060 e
651 3008 825 3061 conuertunt
849 3008 879 3061 et
899 3002 1108 3061 nominativum
1133 3019 1232 3062 casum
1257 3003 1372 3062 numeri
1397 3000 1518 3080 pluralis

227 3103 396 3164 ostendunt.
441 3104 566 3163 nuncsi
589 3105 632 3162 vis
660 3103 716 3163 boc
740 3103 838 3170 iaciat,
868 3102 1078 3181 numquidnam
1107 3104 1135 3161 iu
1159 3120 1284 3162 numero
1308 3102 1412 3180 plurali
1439 3105 1518 3165 vires

227 3205 324 3265 lacere
346 3205 546 3266 dernaustratt
570 3215 598 3266 et
619 3207 684 3267 ideo
706 3207 748 3265 vis
769 3206 885 3266 numeri
909 3213 1021 3264 tantum
1043 3204 1197 3282 singularis
1212 3223 1276 3264 esse
1297 3207 1515 3282 pronuntiatur.

226 3309 269 3366 sic
291 3317 320 3368 et
343 3307 396 3368 alia
419 3311 538 3385 generis
561 3308 692 3368 lentiniui
713 3310 848 3375 uomina,
875 3325 952 3386 quae
975 3305 1099 3366 ablativo
1122 3324 1189 3366 casu
1214 3304 1338 3388 nullmeri
1359 3307 1517 3384 singularis

227 3411 234 3467 i
257 3408 350 3469 littera
374 3419 486 3470 tantum
510 3412 704 3470 terminantur
725 3417 753 3469 et
772 3410 949 3469 nominativo
970 3426 1037 3468 casu
1062 3410 1177 3469 rrrrurcri
1193 3408 1350 3485 singularis
1369 3411 1394 3468 is
1410 3408 1517 3470 litteris

188 3528 213 3567 ao
227 3509 420 3576 deliniuntur,
444 3512 478 3571 ad
502 3511 668 3590 exemplum
687 3513 728 3570 ris
750 3511 943 3571 declinantur.
989 3528 1067 3569 nuuc
1090 3529 1124 3569 ox
1147 3510 1202 3570 bac
1225 3510 1334 3574 lorma.
1363 3530 1421 3590 qua
1444 3511 1516 3571 dixi·

226 3631 292 3671 ruus
314 3615 432 3688 generis
456 3614 583 3674 seminini
609 3615 726 3673 uonuna
753 3612 877 3672 ablativo
901 3631 968 3672 casu
992 3613 1107 3672 narmeri
1129 3611 1285 3687 singularis
1308 3613 1317 3671 i
1338 3611 1433 3672 littera
1457 3621 1516 3672 ter-

226 3714 340 3781 urinari,
364 3713 418 3772 boc
438 3732 592 3775 monemus
611 3715 689 3792 quod
707 3712 772 3790 plus
785 3734 872 3793 quam
891 3714 1026 3773 tredecim
1042 3714 1115 3778 soni,
1141 3713 1197 3772 boc
1214 3721 1257 3772 est
1272 3732 1360 3792 apuam
1377 3713 1515 3775 undecim

226 3815 353 3880 uomina,
378 3832 436 3873 non
460 3817 573 3892 possint
594 3815 736 3874 exbiberi.

310 3915 351 3976 lle
373 3934 482 3992 genere
504 3924 619 3976 neutro.
662 3917 758 3975 rreartri
778 3918 894 3992 generis
917 3918 1043 3986 nomina,
1065 3937 1141 3997 (ptrue
1164 3917 1287 3977 ablativo
1310 3936 1380 3977 casu
1401 3919 1515 3978 irtrmeri

142 4075 145 4084 ,
189 4031 214 4071 aa
228 4016 382 4095 singularis
405 4019 412 4076 i
436 4017 530 4077 littera
552 4024 662 4077 tautum
686 4019 895 4086 terminantur,
922 4018 994 4078 baec
1015 4028 1111 4095 aptota
1136 4038 1199 4080 esse
1219 4021 1408 4097 reperiuntur
1429 4027 1460 4079 et
1480 4021 1514 4081 ad

226 4116 281 4177 boc
302 4119 468 4196 exerirplum
494 4119 692 4179 declinantur:
716 4123 835 4179 ailmeri
853 4123 1016 4193 sinquloris
1035 4121 1091 4180 boc
1112 4123 1205 4198 sinapi
1227 4120 1313 4180 liuius
1332 4123 1425 4198 sinapi
1447 4120 1515 4181 buic

224 4221 317 4299 sinapi
347 4221 403 4281 boc
430 4223 523 4299 sinapi
554 4222 685 4300 osiuapi
713 4220 750 4281 ab
775 4221 832 4282 bor.
860 4224 963 4298 sinapi.
1010 4223 1082 4285 baec
1111 4242 1214 4282 sourun
1243 4221 1387 4301 pluralem
1416 4223 1515 4283 lacere

200 4331 201 4335 ’
225 4323 427 4399 probibentur.
472 4325 514 4382 sic
538 4333 567 4383 et
581 4324 636 4384 alia
657 4327 775 4401 generis
799 4325 893 4385 neutri
918 4325 1045 4390 nentina.
1070 4344 1144 4403 quiae
1168 4324 1294 4384 ablativo
1310 4343 1378 4385 casu
1400 4328 1515 4386 numeri

225 4423 381 4501 singularis
405 4427 412 4484 i
434 4423 528 4484 littera
559 4434 670 4485 tuntum
697 4429 907 4492 terminantur··.
937 4426 973 4486 ad
1004 4427 1169 4504 exemplum
1199 4428 1291 4505 sinapi
1320 4426 1514 4488 declinantur.

187 4533 303 4585 tttrriiur
328 4545 361 4585 ex
383 4527 436 4585 bac
471 4528 577 4595 surina,
616 4547 673 4605 apua
705 4529 831 4588 diximus
864 4531 981 4606 gerteris
1003 4529 1099 4589 neutri
1133 4531 1251 4589 rroauiua
1287 4528 1411 4589 ablativo
1445 4548 1514 4589 casu

250 4692 266 4721 ⁸
293 4699 327 4745 25>
343 4699 486 4763 appositam
507 4698 527 4748 u
545 4700 688 4764 oppositum
710 4698 742 4757 B,
762 4715 807 4748 orn.
828 4716 843 4748 r
912 4700 946 4750 26
964 4700 1099 4749 ostoraduut
1118 4700 1157 4749 Br
1175 4700 1350 4749 ostendenti?
1410 4699 1445 4749 :ia
1464 4715 1513 4749 nou

223 4782 268 4815 orn.
285 4766 317 4825 lt,
336 4768 396 4816 adal.
417 4785 446 4815 ro
532 4768 565 4818 35
583 4778 677 4818 tautum
697 4786 743 4820 ame.
767 4770 796 4827 ii,
818 4770 878 4818 odd.
898 4770 922 4818 B
1006 4770 1040 4820 30
1057 4772 1152 4819 natiueri
1171 4770 1310 4836 singularis
1329 4786 1377 4822 ora.
1397 4770 1447 4819 tw

223 4836 312 4901 seuapi
333 4839 357 4884 in
372 4837 483 4886 ornatibus
499 4837 599 4887 oucibus
616 4838 691 4887 dubet
709 4840 732 4887 B
