3314 5506
215 401 256 462 56
591 347 598 363 ·
807 395 919 459 l‘llOBl

283 515 350 556 ,roa
399 515 424 555 n.
1315 510 1417 554 aaran
1429 508 1456 552 v.

216 530 283 647 talid
305 606 340 647 ex
359 514 471 666 :duilius
492 586 656 662 composita
678 601 743 646 csse
770 584 967 667 reperiantur.
1011 584 1114 664 utique
1139 589 1260 662 rogatus
1285 522 1322 645 dx
1342 585 1460 663 integro
1478 589 1508 645 cl

217 695 376 765 corrupto,
404 687 516 747 scilicet
543 686 683 766 quoniam
710 687 740 745 in
764 686 858 763 prima
881 694 964 764 parte
985 684 1108 746 verbum
1131 704 1197 747 esse
1219 686 1384 763 reperitur,
1411 684 1442 745 in
1461 702 1507 747 ss·

217 791 318 867 quenti
339 796 394 858 tus,
417 787 497 868 quod
519 786 586 848 licet
602 787 696 847 isdem
718 785 824 848 litteris
844 786 999 857 scribatur,
1020 786 1129 868 quibus
1150 794 1180 849 ct
1197 804 1315 856 nomen,
1338 787 1419 867 quod
1440 787 1507 848 iacit

217 890 304 951 huius
326 892 414 959 turis,
443 897 572 950 attamen
593 890 623 949 in
645 888 703 949 lroc
723 889 858 957 nominc,
885 889 914 948 id
934 896 979 949 est
998 895 1137 965 rogatus,
1166 887 1204 950 ad
1226 907 1333 950 sunum
1354 887 1506 967 probatur,

191 992 297 1070 oquod
320 1000 367 1052 tus
390 1009 492 1071 presso
513 997 637 1052 accentu
659 991 792 1059 auditur:
824 996 854 1050 et
875 989 941 1050 idco
969 1007 1049 1049 nunc
1071 997 1244 1069 corruptum
1266 1008 1331 1051 csse
1351 989 1506 1053 ludicatur.

216 1095 286 1153 item
302 1090 441 1153 visibilis:
465 1093 566 1173 utique
587 1093 618 1153 in
638 1093 741 1171 primis
756 1090 889 1170 partibus
910 1108 1019 1151 nomen
1041 1097 1071 1152 ct
1085 1092 1253 1153 coniunctio
1273 1091 1505 1162 considerantur.

216 1196 247 1255 io
270 1195 404 1273 sequenti
423 1211 492 1254 vero
511 1191 586 1262 bilis,
610 1194 688 1273 quod
711 1192 779 1253 licet
794 1193 887 1254 isdem
910 1190 1015 1253 litteris
1035 1191 1192 1262 scribatur,
1215 1191 1324 1271 quibus
1346 1199 1376 1255 ct
1391 1209 1505 1265 nomen.

218 1294 297 1376 quod
321 1295 502 1356 iracundiam
525 1296 691 1371 signillcare
705 1284 932 1373 iuterpretatur,
956 1293 985 1354 id
1010 1300 1054 1355 est
1075 1291 1151 1362 bilis,
1174 1301 1302 1355 attamen
1324 1295 1355 1354 ln
1378 1294 1437 1356 lroc
1457 1312 1505 1356 uo·

218 1398 313 1465 mine,
337 1396 364 1456 id
388 1404 433 1457 est
454 1395 583 1464 risibilis,
606 1398 642 1458 ad
665 1414 771 1459 sonum
794 1394 946 1474 probatur,
970 1396 1048 1474 quod
1068 1394 1134 1456 bilis
1156 1412 1259 1473 presso
1281 1402 1407 1457 accentu
1429 1396 1504 1458 audi

180 1505 283 1567 rotor,
313 1505 343 1559 et
369 1497 437 1558 idco
469 1516 548 1558 nunc
576 1504 748 1576 corruptum
777 1515 841 1559 esse
874 1496 1030 1558 iudicatur.
1074 1498 1118 1556 sic
1145 1503 1173 1557 et
1199 1504 1298 1560 cetera
1325 1497 1410 1568 talia,
1435 1486 1504 1579 quat

218 1600 311 1662 isdem
335 1598 440 1660 litteris
468 1599 653 1670 scribuntur,
681 1599 789 1681 quibus
817 1606 847 1659 et
874 1605 973 1676 partes
1000 1599 1157 1667 orationis,
1186 1599 1222 1659 ad
1250 1616 1357 1660 sonum
1388 1584 1503 1677 propter

218 1702 343 1779 liguram
365 1702 558 1779 compositam
581 1709 651 1762 sunt
671 1700 894 1761 consideranda.
928 1702 998 1761 item
1018 1700 1179 1778 quaeritur,
1203 1707 1341 1761 venustus
1363 1700 1503 1780 qucrnac'

219 1802 340 1863 modum
364 1808 574 1880 componatur,
603 1803 697 1863 idest
721 1821 756 1864 ex
780 1803 899 1863 nomine
922 1807 951 1862 ct
975 1807 1037 1869 tus,
1066 1818 1103 1860 au
1126 1819 1162 1861 ex
1187 1801 1395 1863 coniunctione
1420 1820 1457 1862 se
1482 1818 1502 1863 e

219 1912 332 1965 nustus.
371 1906 472 1984 utique
491 1922 526 1964 ex
547 1906 754 1966 coniunctione
774 1909 803 1964 et
824 1910 944 1971 nostum
967 1901 1080 1962 scilicet
1100 1903 1256 1982 quoniam,
1278 1904 1322 1964 sic
1344 1904 1388 1964 utl
1410 1874 1502 1964 docui«

182 2022 300 2074 ramus,
329 2003 376 2065 illa
396 2013 464 2066 sunt
487 2007 607 2066 nomina
630 2025 667 2067 cx
687 2007 802 2082 integro
826 2004 1061 2083 pronuntianda,
1085 2018 1160 2082 quae
1181 2003 1243 2065 sola
1265 2011 1378 2066 tautum
1396 2012 1501 2083 parteo

219 2108 361 2168 orationis
394 2109 573 2168 contineant.
617 2125 697 2168 nunc
725 2125 792 2166 cum
826 2111 965 2166 venustus
996 2124 1032 2166 cx
1062 2113 1147 2183 parte
1174 2106 1316 2166 orationis
1347 2113 1378 2167 et
1400 2113 1449 2168 tus
1476 2107 1501 2167 si

220 2210 424 2278 coustitutum,
447 2210 549 2287 utiquc
572 2210 631 2270 iam
653 2224 688 2268 ex
702 2209 819 2285 integro
842 2214 872 2268 et
891 2214 1033 2285 corrupto
1054 2208 1201 2268 invenitur
1216 2225 1282 2269 csse
1300 2209 1497 2286 compositum

219 2310 339 2378 ntideo,
363 2316 395 2369 ut
412 2310 575 2378 docuimus,
598 2318 738 2369 venustus
759 2319 795 2369 ex
810 2309 1017 2370 coniunctione
1037 2316 1067 2369 et
1083 2317 1186 2370 nustus
1204 2289 1344 2387 cdmponi
1365 2314 1500 2387 oporteat

220 2413 263 2472 sic
284 2418 315 2472 et
338 2418 436 2471 cetera
455 2409 523 2472 talia
544 2412 663 2478 nomina
683 2413 713 2470 in
736 2411 829 2488 ligura
859 2412 918 2470 sire
940 2410 1066 2488 simplici
1087 2428 1140 2471 scu
1161 2411 1323 2488 composita
1351 2416 1422 2471 sunt
1442 2426 1498 2471 con

181 2527 208 2570 ao
221 2511 386 2573 sideranda.

305 2613 382 2675 Saue
406 2615 492 2675 etiam
517 2614 574 2674 hoc
595 2631 765 2684 monemus,
795 2613 874 2693 quod
895 2615 954 2674 sint
981 2611 1071 2693 aliqui
1091 2615 1167 2684 ,artis
1194 2611 1319 2682 latores,
1348 2614 1400 2692 qui
1428 2607 1493 2698 exss

219 2713 336 2776 duobus
359 2717 508 2794 corruptis
528 2716 628 2776 dicant
648 2716 713 2777 fleri
729 2734 815 2794 posse
838 2716 962 2793 liguram
982 2716 1184 2793 compositam.
1214 2714 1266 2775 scd
1286 2721 1389 2775 contra
1406 2732 1498 2777 corun

219 2816 286 2877 dcrn
308 2818 477 2895 inperitiam
499 2834 558 2877 non
581 2818 702 2894 dignum
724 2823 822 2877 estut
843 2823 943 2877 nostra
968 2816 1146 2894 respondeat
1167 2817 1303 2886 scientia,
1328 2816 1497 2897 quandoqul

220 2918 286 2979 dem
304 2917 382 2980 nulla
405 2937 474 2996 pars
494 2919 637 2979 orationis
651 2919 824 2996 reperiatur,
847 2935 923 2997 quae
939 2936 973 2978 ex
991 2917 1107 2978 duobus
1129 2918 1276 2997 cormptis
1290 2918 1329 2978 sit
1344 2918 1497 2979 constituta

180 3021 275 3079 canisi
298 3021 321 3079 si
344 3028 447 3081 contra
471 3026 628 3098 praecepta
651 3017 771 3079 caelitus
794 3018 861 3079 data
882 3019 1044 3096 integrum,
1074 3019 1131 3080 lroc
1153 3027 1197 3080 est
1223 3026 1337 3097 partem
1361 3020 1496 3080 orationis

219 3122 347 3182 induas
375 3130 473 3199 partes
501 3120 641 3181 scindunt
663 3129 693 3181 et
720 3122 911 3198 compositam
941 3121 1064 3197 figuram
1093 3140 1128 3181 ex
1158 3122 1229 3199 ipsis
1256 3122 1453 3191 constituunt,
1483 3138 1496 3181 n

219 3222 380 3301 simplicem
409 3242 497 3303 quarn
527 3227 717 3299 compositum
746 3222 885 3283 adserere
914 3223 1119 3302 reperiantur;
1151 3222 1295 3302 siquidem
1326 3221 1454 3301 simplex
1479 3241 1495 3284 c

218 3325 350 3405 integro,
376 3325 406 3385 id
429 3331 473 3385 est
494 3344 530 3386 rx
553 3342 610 3386 una
633 3331 718 3405 parts
739 3325 898 3393 orationis,
925 3331 1038 3384 tanturn
1061 3325 1219 3384 constituta
1246 3340 1311 3384 esse
1333 3324 1495 3385 inveniatur

219 3431 249 3485 et
271 3426 347 3495 ideo,
371 3433 404 3487 ut
425 3427 565 3496 diximus,
586 3428 655 3505 quia
675 3445 710 3488 cx
733 3425 851 3487 drrobus
875 3426 1024 3503 corruptis
1050 3443 1210 3506 numquam
1232 3425 1327 3504 ligura
1352 3427 1494 3505 componit

104 3551 107 3554 ·
180 3540 284 3587 nesse
308 3534 498 3590 monstratur.
531 3528 568 3589 de
583 3530 677 3606 ligura
700 3530 864 3598 nominum,
884 3536 1026 3607 quantum
1045 3528 1120 3587 ratio
1141 3525 1291 3606 poscebat,
1315 3529 1493 3589 tractavimn

723 3726 758 3766 DE
773 3727 1010 3768 contractumnc.

303 3829 492 3910 Comparatio
514 3832 666 3892 nominum
688 3830 801 3892 scilicet
822 3830 1063 3910 appellativorum
1083 3839 1135 3902 est,
1158 3851 1216 3912 qua
1236 3848 1290 3910 per
1312 3832 1423 3911 gradus
1445 3850 1492 3893 cor

218 3929 338 3992 latlonis
359 3932 478 3992 nomina
500 3941 658 4009 augmenta
679 3940 730 3993 aut
748 3933 964 3993 deminutiones
987 3935 1142 4011 accipiunt.
1187 3933 1217 3994 lri
1239 3939 1309 3995 sunt
1329 3942 1392 3996 tres
1414 3942 1445 3996 ct
1465 3952 1491 4012 aq

220 4031 368 4110 pellantur
383 4034 525 4112 positivus
547 4034 606 4091 sire
627 4032 787 4101 absolutus,
808 4036 1035 4112 comparativus,
1057 4034 1260 4114 superlativus·
1293 4036 1436 4114 positivus
1456 4034 1491 4097 sir

180 4145 206 4188 aa
220 4132 373 4195 absolutus
394 4135 502 4212 gradus
523 4141 567 4194 est
586 4135 650 4213 ipsa
673 4137 795 4212 positio,
819 4142 941 4213 utputa
963 4134 1048 4196 fortis
1070 4145 1099 4196 et
1118 4145 1217 4198 cetera
1238 4135 1316 4198 talla.
1362 4155 1490 4216 compara

218 4236 294 4295 tirus
316 4236 425 4311 gradus
447 4245 492 4296 est
515 4235 622 4316 aliquid
645 4236 756 4297 addens
785 4244 836 4296 aut
858 4240 994 4299 minuens
1021 4255 1076 4316 per
1097 4241 1362 4316 comparationem,
1391 4247 1425 4301 ut
1447 4252 1490 4316 pu

219 4338 325 4398 lortior
355 4336 473 4398 brevior
497 4344 526 4398 et
552 4347 651 4399 cctcra
678 4337 754 4399 talia.
798 4339 995 4417 superlativus
1021 4341 1130 4418 gradus
1156 4347 1201 4401 est
1228 4360 1263 4401 eo
1291 4338 1358 4420 plus
1386 4340 1490 4402 adiciet

113 4454 117 4462 ’
219 4446 269 4500 aut
290 4440 425 4499 minuens
447 4457 500 4518 per
523 4442 790 4516 comparationem,
813 4449 935 4519 utputa
960 4441 1136 4502 iustissimus
1159 4442 1344 4503 miserrimus
1366 4450 1396 4504 et
1418 4452 1490 4505 ceter

218 4539 295 4602 talia.
342 4559 412 4602 sanc
434 4558 493 4600 nora
518 4558 636 4618 semper
659 4541 732 4602 haec
755 4544 852 4603 onmia
876 4543 995 4602 nornina
1024 4561 1078 4621 per
1101 4562 1205 4604 omnes
1228 4551 1289 4606 tres
1312 4544 1424 4621 gradus
1446 4563 1491 4606 cor

290 4709 321 4758 lu
341 4725 406 4760 nrtnc
424 4726 481 4760 cum
502 4725 582 4763 venus
601 4719 721 4777 exparte
740 4713 862 4762 orationis
878 4728 909 4760 ve
927 4720 949 4761 et
966 4727 1014 4762 uus
1033 4714 1066 4763 sit
1084 4716 1251 4764 coustitutao
1328 4712 1359 4763 l'l
1379 4717 1489 4766 constitu

219 4779 242 4830 lt
312 4781 496 4845 compositall
567 4780 599 4832 19
617 4781 819 4832 sarntrsiutll
894 4784 992 4832 25nisi
1012 4786 1032 4832 si
1052 4800 1082 4832 ro
1101 4785 1191 4835 nisill
1264 4784 1390 4849 integram
1409 4784 1448 4835 no

219 4849 251 4899 27
269 4854 438 4914 compositam
457 4865 502 4902 om.
520 4850 559 4902 lin
630 4850 664 4904 35
683 4851 814 4902 absolutus
830 4852 927 4919 gradus
946 4862 984 4903 est
1002 4870 1016 4903 o
1035 4853 1166 4903 absolutus
1185 4861 1223 4903 cst
1242 4864 1339 4919 gradus
1359 4853 1381 4905 R
