3314 5506
221 404 282 467 478
795 398 919 461 sutton

271 519 294 560 p.
309 507 367 548 assa,
385 506 410 548 ao
424 507 447 547 r.
1290 518 1313 560 p.
1324 504 1422 549 navav.

221 605 310 647 unam
324 584 454 647 vocalem
470 605 494 665 y,
518 581 649 668 altelram
672 583 819 664 duplicem
842 593 1056 646 consonantem
1078 605 1094 646 z
1117 585 1224 646 Gracci
1250 603 1314 647 case
1334 584 1468 647 vanarn

220 686 292 749 hlud
314 698 467 769 praeterea
491 695 585 749 astute
607 686 692 749 nobis
714 678 800 747 dator
821 685 962 765 intellegi,
985 684 1073 766 quod,
1097 705 1164 749 cnm
1187 689 1317 750 nmmum
1336 702 1483 749 manaan·

196 792 293 851 ’hom
316 792 371 851 ista
393 798 497 850 natura
519 790 572 859 sit,
595 796 628 849 ut
649 787 793 869 quaedam
816 806 918 849 earum
941 786 977 850 ab
997 806 1015 848 e
1036 789 1181 867 incipiant
1203 797 1232 849 et
1252 790 1284 850 in
1305 807 1336 850 se
1353 788 1493 850 hainaut-2

221 893 365 972 quaedam
393 911 409 952 a
438 910 470 952 se
491 892 632 951 inchoent
653 898 684 951 et
703 892 734 950 in
757 909 773 950 e
795 889 939 962 desinant,
961 892 1034 952 istae
1056 888 1135 952 solae
1157 899 1293 970 repertae
1313 893 1374 962 siut,
1391 888 1434 952 rb
1465 880 1503 942 ἱ

194 1010 240 1076 sq
263 1013 281 1074 y
302 1014 334 1065 z,
357 1012 432 1074 quae
454 1012 509 1054 nec
530 992 567 1053 ab
590 1011 606 1053 e
628 992 769 1052 inchoant
789 1010 846 1053 nec
867 994 898 1054 in
921 1012 937 1053 e
959 990 1107 1053 desinunt
1145 1001 1327 1070 postremum
1345 991 1405 1054 hini
1420 984 1508 1050 ami

220 1096 461 1158 madvertendum
489 1102 547 1164 est,
577 1094 656 1172 qood
678 1096 730 1157 uni
757 1096 863 1174 cuique
885 1093 1000 1154 litterae
1021 1093 1129 1155 aoclvlit
1150 1112 1274 1166 nomen,
1296 1114 1353 1176 quo
1370 1100 1514 1155 vomu.

221 1196 389 1268 character,
412 1217 470 1278 quo
493 1198 649 1273 figuretur,
671 1205 815 1275 potestas.
839 1213 897 1277 qua
917 1193 1106 1274 intellegatur
1127 1214 1166 1258 an
1188 1198 1227 1260 sit
1246 1196 1351 1258 vocalis
1368 1214 1401 1260 au
1416 1201 1516 1254 oon·

219 1318 328 1363 sonans
350 1319 387 1361 an
409 1297 592 1360 semivocalis
614 1317 652 1358 an
673 1307 754 1360 muta
776 1316 814 1359 an
835 1297 954 1379 liquida.

739 1484 788 1546 DE
811 1485 984 1548 suchans.

181 1651 208 1694 ω
305 1622 420 1703 Syllaba
442 1621 519 1682 dicta
542 1630 586 1682 est
613 1640 648 1682 ex
670 1622 913 1700 interpretatione
936 1623 1049 1683 Graeca
1070 1623 1154 1701 quasi
1176 1613 1244 1681 ἀπὸ
1272 1621 1333 1683 τοῦ
1355 1618 1512 1696 συλλαμ-

218 1720 337 1805 βάνειν
365 1718 405 1784 τὰ
432 1719 622 1806 γράμματα,
656 1723 692 1783 ab
721 1741 757 1783 eo
785 1724 862 1804 qnod
891 1723 1093 1802 conplectatur
1121 1732 1151 1784 et
1178 1722 1360 1802 conglutinet
1378 1723 1508 1784 burras

220 1827 299 1889 unde
322 1830 352 1887 iu
375 1827 576 1907 quaestionem
599 1823 670 1885 illud
694 1827 785 1893 venit,
809 1844 900 1906 qnare
922 1844 980 1886 una
1002 1824 1111 1886 vocalis
1134 1824 1244 1906 syllaba
1267 1825 1380 1888 dicihrr.
1409 1810 1505 1884 intel·

220 1928 377 2009 legendum
407 1937 451 1988 est
479 1936 577 1989 tamen
612 1927 690 2007 quod
720 1927 776 1987 hoc
804 1927 861 1987 sihi
888 1925 1023 1997 abusive,
1052 1945 1112 1988 non
1134 1929 1249 1988 ratiorn
1273 1928 1410 2008 deposcat
1441 1920 1503 1981 2⁵¹

221 2033 309 2093 etiam
332 2028 442 2111 syllaba
464 2040 631 2109 temporum
655 2047 760 2107 capax,
784 2031 853 2108 qnia
875 2038 925 2090 aut
947 2029 1043 2091 brevis
1059 2038 1104 2091 est
1126 2038 1156 2090 et
1176 2048 1270 2091 unum
1291 2031 1406 2109 suscipit
1420 2034 1500 2087 tem·

183 2162 208 2204 15
222 2152 290 2214 pus,
314 2140 365 2193 aut
386 2131 473 2210 longa
496 2141 525 2193 ct
546 2131 614 2192 duo.
645 2149 747 2192 omnes
762 2132 851 2209 igitur
873 2131 1001 2211 syllabae
1023 2140 1074 2192 aut
1095 2130 1200 2210 longae
1221 2141 1292 2193 sunt
1313 2127 1498 2215 autllbrcvffl

222 2243 271 2296 aut
293 2252 474 2295 commones.
519 2232 570 2294 seo
592 2232 697 2311 longae
719 2231 834 2293 duobus
855 2233 952 2295 modis
973 2234 1060 2303 hunt,
1089 2243 1193 2295 natura
1215 2243 1246 2295 et
1266 2235 1417 2315 positione:
1437 2240 1497 2289 na·

221 2348 287 2398 tura
310 2345 359 2397 aut
381 2336 580 2414 diphthongo,
603 2342 636 2396 ut
658 2353 691 2395 ae
714 2354 749 2395 ce
772 2354 808 2395 au
831 2353 869 2395 eu
891 2337 932 2406 ei,
956 2344 1007 2397 aut
1027 2335 1210 2416 singularum
1233 2336 1373 2398 vocabum
1393 2329 1496 2416 produ·

223 2441 334 2507 ctione,
366 2445 399 2497 ot
420 2455 436 2496 a
460 2456 475 2497 c
498 2438 507 2496 i
529 2457 546 2497 o
569 2456 597 2496 u.
641 2438 787 2516 positione
814 2436 910 2497 modis
939 2445 1077 2519 quattuor
1099 2438 1187 2510 liunt,
1210 2457 1278 2500 cum
1301 2446 1351 2499 aut
1371 2433 1497 2512 corrasi²

221 2540 329 2601 vocalis
350 2541 382 2599 in
406 2539 477 2599 duas
500 2538 607 2599 desinit
629 2547 839 2610 consonantes,
869 2548 900 2600 ut
922 2541 1031 2610 amnis,
1055 2549 1104 2601 aut
1125 2541 1156 2599 in
1178 2558 1269 2601 unam
1292 2539 1439 2620 duplicem,
1456 2528 1500 2588 111

184 2644 299 2712 20axis,
330 2649 379 2701 aut
407 2643 437 2701 in
466 2639 588 2701 alteram
618 2650 829 2702 consonantem
858 2649 887 2701 et
917 2641 1038 2703 alteram
1067 2640 1198 2703 vocalem
1227 2641 1295 2704 loco
1322 2630 1500 2704 consonantis

221 2746 364 2824 positam,
387 2749 421 2803 ut
442 2751 472 2803 at
493 2751 587 2813 vates,
611 2753 640 2804 at
661 2742 773 2814 Venus,
797 2745 898 2804 autin
920 2745 931 2802 i
952 2746 1078 2824 positam
1100 2746 1179 2805 inter
1202 2743 1276 2806 duas
1297 2743 1419 2813 vocales,
1436 2743 1468 2801 ot
1495 2722 1501 2807 1

220 2847 389 2926 Pompeios.
419 2845 525 2905 breves
546 2844 612 2905 illae
635 2852 703 2905 sunt
724 2864 800 2925 quae
823 2845 929 2906 horum
953 2844 1026 2906 nihil
1048 2845 1215 2907 habuerint.
1246 2839 1412 2909 communes
1429 2844 1504 2902 vef⁰

225 2949 321 3009 modis
343 2948 417 3008 liunt
439 2946 525 3007 Vllll.
562 2949 677 3027 primus
699 2947 805 3008 naudus
828 2956 885 3018 est,
909 2966 976 3008 cuna
999 2957 1166 3029 correptam
1189 2948 1320 3011 vocalem
1342 2950 1411 3010 (luae
1429 2952 1507 3006 σου·

223 3059 363 3111 sonantes
387 3057 542 3120 secuntur,
566 3067 690 3128 quarunt
713 3052 795 3129 prior
818 3049 906 3110 dehet
928 3069 992 3112 esse
1014 3059 1109 3122 muta,
1133 3037 1221 3132 quam
1237 3050 1347 3131 liquida
1361 3049 1509 3130 sequimr²

183 3162 267 3223 nest
295 3154 373 3213 enim
401 3151 488 3229 longa
515 3152 545 3210 in
575 3151 646 3218 hoc,
675 3153 796 3212 ‘vasto
827 3151 1003 3231 Cyclopis
1034 3155 1069 3212 in
1098 3157 1241 3222 antro';
1270 3152 1367 3214 brevis
1387 3154 1413 3212 in
1433 3150 1512 3211 boc·

221 3255 438 3335 ‘vastosque
461 3252 505 3312 ab
527 3272 621 3332 rupe
644 3250 851 3332 Cyclopas'.
882 3255 1150 3316 secundusmodus
1170 3265 1229 3326 cst,
1254 3274 1321 3317 cum
1343 3250 1516 3332 correptam

222 3357 353 3418 vocalem
382 3354 517 3416 similiter
546 3355 620 3415 duae
649 3364 843 3415 consonantes
865 3366 1019 3428 secuntur,
1043 3376 1166 3438 quarum
1190 3360 1273 3438 prior
1295 3361 1333 3418 sit
1354 3357 1367 3416 l
1386 3356 1518 3417 sensivo·

223 3459 296 3520 calis
325 3468 354 3520 et
382 3476 509 3537 sequens
531 3455 656 3536 liquida:
686 3465 730 3515 est
753 3458 831 3517 enim
855 3456 942 3537 longa
964 3461 995 3519 in
1019 3460 1089 3530 hoc,
1113 3461 1209 3521 ‘toto
1232 3458 1421 3539 proflabat
1438 3464 1521 3535 pe'

223 3570 328 3622 ctorc
350 3563 550 3627 somnum';
574 3557 672 3619 hrevis
693 3561 724 3618 in
746 3559 816 3629 hoc,
842 3564 950 3621 ‘nere
973 3559 1158 3640 flagella'.
1202 3563 1309 3623 tertius
1331 3559 1429 3623 modos
1447 3548 1520 3616 est

188 3693 215 3736 30
227 3682 294 3725 cnm
317 3671 483 3741 correptam
499 3660 629 3722 vocalem
644 3662 719 3722 duae
734 3671 929 3724 consonantes
951 3673 1100 3735 secuntur,
1123 3682 1250 3745 quarum
1271 3665 1354 3742 prior
1375 3671 1416 3724 est
1434 3661 1523 3720 coss‘

294 3920 505 3970 lconscnantcm
526 3935 571 3969 orn.
587 3917 613 3966 B
626 3925 651 3967 et
662 3919 746 3967 codex
759 3920 933 3983 Scupalleasis
989 3920 1049 3971 3in
1063 3936 1092 3970 sc
1110 3920 1238 3971 dissinnnt
1253 3921 1278 3970 F
1318 3917 1481 3984 ‘iquaetlarn
1507 3904 1525 3942 ¹

224 4005 253 4039 se
269 3987 387 4037 inchoent
405 3999 429 4038 et
447 3990 472 4038 in
490 4003 503 4037 e
521 3988 637 4037 desinant
655 4003 699 4040 om.
717 3989 743 4037 B
788 3977 794 4004 ¹
812 3988 932 4040 inchoant
950 3990 976 4038 F
991 3989 1108 4039 incohent
1127 4004 1145 4046 ς
1215 3990 1333 4040 desinant
1350 4002 1367 4046 ς
1385 3971 1523 4039 (1135111111ί

224 4058 250 4107 F
333 4069 449 4123 repertae
466 4065 524 4106 sunt
541 4058 566 4106 F
650 4058 779 4108 oaceedit
795 4059 820 4108 B
835 4061 938 4109 accedat
960 4059 1044 4108 coclea
1061 4061 1238 4126 Sanpsllcmis
1324 4061 1471 4110 resanat
1492 4030 1525 4089 B

224 4137 335 4178 carecter
348 4129 374 4178 F
442 4142 507 4176 anne
526 4129 559 4177 sit
574 4127 671 4176 uocalis
687 4143 719 4177 an
736 4139 805 4178 marta
823 4145 855 4179 an
873 4129 969 4194 liquida
987 4130 1054 4193 (rell.
1070 4129 1130 4196 ona)
1147 4130 1173 4180 B
1257 4131 1275 4182 9
1293 4143 1386 4181 tacrrrr
1402 4143 1433 4178 ar
1447 4124 1522 4175 §W

224 4212 296 4246 nanis
314 4196 418 4260 Syllaba
436 4198 503 4246 dicta
517 4208 555 4247 est
572 4197 598 4246 F
613 4208 647 4245 us
667 4213 775 4248 ascensa
793 4198 866 4250 Dicta
883 4211 921 4249 est
939 4197 1037 4264 syllaba
1055 4200 1080 4250 B
1166 4201 1199 4252 10
1218 4201 1292 4264 qciasi
1310 4199 1456 4266 syliabaain
1479 4176 1520 4231 Ἰ)

224 4282 254 4317 so
268 4268 294 4318 B
313 4269 385 4328 quasi
405 4268 508 4317 bannita
527 4268 556 4317 ab
572 4283 602 4316 eo
620 4268 646 4317 F
659 4257 718 4318 circo
732 4284 782 4319 του
794 4268 1005 4336 συλλαμβανειν
1016 4285 1051 4318 τα
1064 4285 1218 4336 γραμματα
1230 4285 1261 4321 eo
1275 4283 1293 4326 ς
1363 4270 1392 4320 11
1409 4255 1518 4319 oendss’

224 4338 305 4387 tinent
323 4353 392 4391 corv·,
409 4339 506 4387 -natF
591 4337 622 4389 13
642 4348 725 4386 tamen
741 4353 787 4391 om.
804 4338 830 4387 B
900 4341 995 4388 rationu
1022 4340 1138 4404 diposcnt
1156 4339 1181 4387 F
1266 4341 1299 4391 14
1316 4336 1385 4404 quia]
1404 4346 1470 4402 qnae
1488 4309 1519 4368 Ῑ

297 4407 423 4457 llimoclis
442 4408 541 4458 suntB
613 4409 643 4459 17
659 4408 826 4474 singularium
845 4409 871 4458 F
945 4408 1329 4473 lehunnensibus?
1392 4398 1511 4458 anto!¹¹¹¹

224 4486 340 4543 correpta
358 4478 454 4527 uocalis
475 4479 500 4526 in
519 4479 583 4528 duas
602 4487 771 4528 consonantes
790 4480 894 4529 dissicit
909 4481 935 4529 F
1002 4478 1038 4528 20
1054 4479 1176 4532 etam.B
1245 4481 1277 4532 21
1297 4490 1324 4529 ut
1341 4487 1409 4529 uates
1426 4468 1508 4525 ue³¹¹³

223 4547 250 4598 B
336 4549 369 4598 22
386 4549 476 4598 breues
495 4547 608 4613 syllabae
627 4557 684 4599 sunt
702 4549 793 4611 quibus
813 4549 876 4598 nihil
895 4549 984 4599 horum
1002 4550 1095 4600 accidit
1115 4549 1141 4597 F
1239 4553 1274 4601 24
1291 4550 1403 4612 sequitur
1418 4559 1462 4596 on·
1477 4523 1506 4580 ὅ
1555 4594 1557 4605 ,

224 4628 294 4670 muta
312 4629 337 4669 et
358 4633 466 4683 sequens
484 4618 581 4681 liquida
602 4621 686 4669 codex
704 4620 880 4683 Sangallensis
965 4621 998 4670 25
1025 4617 1108 4686 vasto]
1140 4619 1220 4683 Verp.
1240 4621 1305 4672 Aen.
1325 4617 1423 4669 111617

224 4690 334 4755 ciclopes
353 4691 379 4739 F
447 4689 481 4740 26
498 4698 620 4752 uastoque
637 4690 676 4740 F:
703 4690 780 4754 Very.
800 4691 864 4739 Aea.
885 4690 918 4739 lll
936 4690 987 4740 647
1058 4690 1169 4754 ciclopes
1183 4691 1210 4738 F
1276 4691 1309 4740 27
1327 4687 1438 4738 similiter
1453 4687 1492 4729 Μ’

224 4760 250 4810 F
318 4762 387 4825 prior
404 4761 439 4809 sit
457 4759 470 4809 l
486 4759 648 4809 seminocalis
669 4773 685 4815 ς
704 4760 774 4824 prior
792 4762 825 4809 sit
849 4760 1001 4809 semuocaiis
1019 4759 1044 4808 F
1069 4761 1155 4825 priore
1174 4775 1244 4814 cons.
1266 4756 1422 4811 semiuocalis
1436 4754 1490 4800 effi·

224 4831 294 4895 prior
314 4832 346 4881 sit
364 4830 528 4880 seminocalis
544 4828 571 4878 B
670 4830 703 4879 28
721 4826 782 4894 toto]
806 4830 886 4895 Vevp,
900 4831 965 4880 Aen.
982 4831 1053 4879 Vllll
1072 4830 1123 4880 326
1227 4830 1261 4881 ‘29
1276 4844 1339 4880 nene
1353 4824 1446 4892 flagello
1459 4824 1486 4870 εἰ

228 4902 306 4966 Vcrp.
322 4917 410 4967 peorp.
425 4901 447 4951 ll
465 4899 516 4951 299
586 4899 620 4950 30
637 4908 675 4948 cst
691 4914 738 4952 om.
758 4899 784 4947 F
