3346 5506
535 377 735 443 tnsvtrvvt
757 380 898 442 ARTIVM
919 381 1087 445 713-728
1396 383 1453 443 153

226 497 370 551 ,nana
1243 498 1361 553 puseo
1377 498 1404 540 v.

190 576 257 645 tngo
275 569 383 629 tactim.
426 569 469 628 sic
488 566 591 630 etatis
610 567 747 629 adverbia
769 587 804 629 ex
823 568 922 630 verbis
945 570 1045 629 venire
1065 570 1264 646 reperiuntur.
1309 571 1361 631 sed
1380 569 1455 630 haec

189 689 245 751 oure
268 672 324 731 sint
347 670 452 739 verba,
481 690 557 750 quae
585 671 627 730 sic
655 689 690 731 ex
719 688 751 730 se
780 668 917 731 adverbia
945 670 1066 739 iaciant,
1095 672 1125 731 in
1152 673 1233 731 sonis
1261 678 1454 750 conpetenter

188 771 360 835 tenebimus.
404 789 485 832 nunc
513 773 652 852 quoniam
684 790 773 852 quem
800 773 837 832 ad
866 773 985 832 modum
1017 772 1052 833 ab
1082 771 1145 834 aliis
1171 774 1290 833 veniant
1316 772 1453 834 adverbia

188 874 434 944 demonstravimus,
456 882 485 935 et
504 874 571 935 ideo
593 875 650 935 iam
674 882 704 936 et
726 893 815 954 quem
838 874 873 935 ad
895 873 1016 935 modum
1039 894 1074 935 ex
1097 893 1130 936 se
1151 876 1222 936 fiant
1242 874 1410 936 doceamus.

251 976 288 1038 be
307 975 454 1037 adverbiis
475 995 551 1056 quae
571 995 606 1036 ex
629 977 763 1036 sedunt
809 996 845 1038 er
867 993 899 1037 se
924 977 998 1035 iiunt
1017 976 1169 1043 adverbia,
1200 978 1335 1056 quotiens
1363 978 1453 1055 origi·
1479 1005 1492 1041 s

188 1095 238 1139 nem
256 1077 364 1140 scilicet
386 1076 506 1138 alterins
523 1079 617 1157 partis
639 1080 780 1138 orationis
801 1076 912 1138 babere
935 1096 994 1137 non
1017 1079 1222 1154 reperiuntur,
1244 1084 1365 1155 utputa
1388 1096 1454 1138 rnr-

188 1197 236 1240 svm
248 1180 381 1240 deorsum
403 1179 615 1259 pedetemptim
634 1181 751 1257 penitus
772 1178 852 1240 unde
873 1177 952 1239 iilico
975 1198 1044 1239 mox
1064 1187 1093 1239 et
1108 1186 1204 1240 cetera
1221 1178 1296 1240 talia.
1327 1198 1452 1260 iptorum

188 1282 300 1359 pronum
325 1280 446 1360 longum
473 1289 518 1342 est
544 1298 723 1361 percurrere
749 1278 906 1347 vocabula,
941 1287 971 1341 et
1000 1281 1066 1340 idea
1095 1280 1153 1340 boc
1182 1282 1394 1359 praecipimus,
1423 1289 1456 1341 ut

188 1399 363 1462 mumque
392 1402 463 1462 pars
487 1384 629 1444 orationis
656 1400 752 1461 neque
778 1400 831 1461 per
859 1400 946 1442 casus
974 1400 1072 1462 neque
1100 1400 1154 1461 per
1183 1382 1286 1443 tnodos
1313 1381 1455 1443 declinari

189 1490 270 1559 potest
287 1486 339 1547 sed
360 1504 418 1547 nec
439 1485 475 1547 ad
497 1486 730 1564 praepositiones
752 1483 796 1544 vei
816 1486 1040 1545 coniunctiones
1064 1486 1123 1546 sive
1144 1486 1364 1544 interiectiones
1386 1502 1452 1562 per·
1469 1507 1493 1547 to

190 1584 252 1655 tinet,
268 1586 436 1649 adverbium
459 1593 610 1647 remaneat
632 1603 753 1647 necesse
775 1593 827 1647 est.

251 1688 319 1750 Sunt
340 1687 492 1756 adverbia,
516 1705 593 1765 quoe
615 1695 644 1748 et
666 1686 789 1749 aliarum
807 1687 935 1766 partium
958 1689 1098 1749 orationis
1120 1686 1247 1747 babeant
1265 1687 1454 1766 significatio·

190 1798 305 1857 vemat
329 1798 401 1869 puta
428 1807 488 1869 quo
515 1808 633 1870 quoque
660 1807 767 1867 magne
793 1790 906 1850 ‹ioctius
933 1796 1075 1869 qnantum
1102 1792 1160 1850 cito
1187 1797 1217 1849 et
1242 1797 1341 1850 cetera
1369 1789 1453 1858 taiia;

190 1891 280 1954 niteo
303 1892 363 1954 boc
392 1909 562 1960 monemus,
590 1891 669 1971 quod
700 1898 770 1953 tunc
799 1892 872 1952 baec
898 1892 1127 1970 pronuntiantur
1154 1891 1307 1960 adverbia,
1335 1892 1453 1972 quando

191 2004 262 2073 itque
280 1994 316 2054 ad
343 2011 444 2053 casum
477 2010 562 2054 snum
596 2011 694 2074 neque
724 1996 760 2055 ad
789 2012 882 2072 genus
914 2012 1011 2073 neque
1047 2012 1114 2053 cum
1142 1995 1359 2072 praepositione
1383 2013 1453 2072 pro·
1468 2013 1492 2053 ut

191 2088 304 2166 ittuntur,
326 2102 445 2173 utputa
464 2097 540 2174 ‘qno
557 2096 617 2155 ist'
641 2101 692 2155 ‘tu
712 2113 830 2176 quoque
852 2096 947 2164 ieris'‚
971 2096 1093 2171 ‘magne
1114 2095 1211 2163 dixit’,
1236 2095 1369 2155 ‘doctius
1385 2114 1453 2172 pro·

192 2196 329 2266 nmtiavit’,
352 2200 512 2275 ‘quantum
531 2197 699 2274 temporis'‚
722 2197 798 2258 ‘cito
822 2200 926 2258 venit'.
946 2194 952 2278 Ι
971 2197 1013 2256 sic
1035 2203 1064 2257 et
1084 2203 1182 2258 cetera
1201 2195 1284 2265 talia,
1307 2215 1398 2276 quae,
1422 2204 1454 2257 ut

191 2291 300 2367 dixirim,
323 2316 422 2379 neque
443 2298 479 2360 ad
499 2316 600 2360 casum
622 2316 708 2359 suum
731 2317 827 2378 neque
849 2298 884 2358 ad
904 2316 998 2375 genus
1027 2317 1123 2378 neque
1147 2316 1214 2359 cum
1236 2300 1453 2376 praepositione

190 2396 365 2468 minuatur,
399 2399 538 2462 adverbia
573 2399 792 2478 pronuntianda
827 2407 902 2460 suut.
947 2407 976 2460 at
1007 2418 1076 2461 vero
1107 2401 1224 2479 quando
1256 2400 1331 2463 baec
1364 2418 1454 2479 supra

189 2499 270 2577 tuipta
287 2498 437 2585 vocajlbuia
461 2504 497 2566 ad
519 2521 619 2565 casum
638 2521 723 2564 suum
745 2501 789 2564 vei
809 2501 845 2562 ad
862 2518 956 2579 genus
976 2503 1036 2563 sive
1057 2520 1123 2562 cum
1146 2505 1362 2581 praepositione
1382 2520 1452 2580 pro·
1466 2520 1493 2560 ao

190 2592 310 2675 tumtur,
335 2604 364 2666 id
387 2605 466 2684 quod
487 2606 654 2682 significant
675 2603 846 2684 appellanda
869 2612 951 2672 sunt,
979 2611 1104 2683 utputa
1129 2603 1262 2682 dequo,
1285 2623 1301 2665 a
1325 2623 1452 2684 quoque,
1524 2584 1529 2595 ’

189 2694 278 2782 ‘tttssne
291 2706 392 2777 biars’,
409 2707 536 2768 ‘doctius
552 2706 703 2774 osdcium',
724 2709 876 2784 ‘quantum
892 2707 1009 2774 virum’,
1027 2707 1099 2767 ‘cito
1116 2709 1222 2767 venio’.
1253 2709 1296 2766 sic
1311 2715 1340 2768 et
1356 2712 1454 2767 cetera

189 2798 249 2875 uia,
267 2826 355 2888 quae,
378 2816 411 2871 ut
432 2809 572 2879 diximus,
597 2808 632 2869 ad
656 2825 755 2869 casum
778 2825 864 2868 suum
887 2806 930 2868 vei
953 2808 988 2869 ad
1012 2827 1105 2886 genus
1132 2810 1192 2870 sive
1214 2828 1281 2870 cum
1303 2811 1453 2888 praeposi·

188 2900 465 2989 impectorentur,
488 2911 516 2971 id
538 2910 617 2989 quod
639 2905 804 2986 significant
825 2908 997 2989 appellanda
1021 2919 1098 2971 sunt.

249 3012 397 3075 idverbiis
419 3012 526 3073 accidit
548 3012 727 3091 comparatio
749 3014 843 3088 ligura
863 3017 980 3091 tempus
1002 3012 1183 3089 significatio.
1466 3026 1491 3067 as

248 3113 285 3176 be
307 3116 538 3192 comparatione.
583 3115 764 3191 comparatio
786 3113 933 3174 adverbiis
955 3132 1009 3201 per
1027 3115 1136 3192 gradus
1158 3114 1356 3174 mutationum
1377 3116 1452 3175 acci-

188 3204 268 3277 btsic
286 3218 329 3279 uti
348 3223 378 3277 et
399 3215 579 3277 nominibus.
623 3215 733 3294 gradus
751 3214 959 3277 adverbiorum
987 3214 1056 3278 §unt
1077 3226 1153 3285 tres,
1181 3218 1223 3277 sic
1244 3218 1286 3276 uti
1309 3226 1338 3276 et
1359 3217 1454 3276 nomi-

188 3322 246 3385 sstn,
265 3319 421 3396 positivus,
445 3319 495 3395 qui
517 3323 547 3378 et
568 3316 734 3388 absolutus,
754 3319 984 3395 comparativus,
1010 3316 1214 3394 superlativus.
1259 3317 1296 3378 de
1318 3319 1454 3397 positivo.

188 3416 299 3485 initiens
328 3421 389 3481 sive
418 3418 569 3480 absolutus
591 3421 700 3498 gradus
731 3419 936 3480 adverbiorum
970 3418 1084 3480 duabus
1113 3418 1158 3479 bis
1185 3420 1288 3480 formis
1317 3420 1455 3481 definitur

187 3517 283 3588 unum,
306 3540 323 3583 e
345 3530 377 3583 et
394 3540 436 3591 er,
459 3528 583 3600 utputa
606 3523 691 3584 docte
713 3522 876 3600 prudenter
899 3527 928 3582 et
948 3528 1045 3581 cetera
1061 3519 1139 3581 talia.
1184 3521 1221 3581 do
1243 3523 1493 3599 comparativum

187 3624 377 3698 unparattvus
394 3622 505 3701 gradus
528 3623 735 3686 adverbiorum
757 3641 816 3684 una
839 3623 895 3683 hac
918 3624 1013 3683 forma
1036 3625 1172 3686 definitur
1192 3631 1321 3692 tantum,
1344 3623 1408 3712 ius,
1422 3631 1455 3684 ut

186 3725 236 3790 pes
249 3723 362 3787 doctius
384 3732 414 3786 et
433 3733 531 3786 cetera
549 3725 627 3786 talia.
671 3725 708 3786 de
727 3724 915 3804 superlativo.
960 3725 1153 3804 superlativus
1175 3723 1283 3801 gradus
1301 3724 1454 3786 adverbio·

187 3830 234 3885 Mt
247 3843 304 3887 una
326 3826 382 3887 bac
404 3826 660 3888 iorma‘detinitur
681 3835 803 3896 tantum,
828 3846 853 3897 e,
875 3834 908 3888 ut
927 3839 997 3907 puta
1016 3828 1183 3888 doctissime
1206 3833 1235 3886 et
1253 3834 1352 3887 cetera
1374 3827 1453 3887 talia.

187 3932 237 3986 ttne
253 3929 431 4007 comparatio
460 3927 518 3989 iliis
540 3928 687 3989 adverbiis
714 3930 835 4000 accidit,
864 3948 940 4008 quae
962 3923 1171 3990 a'nominibus
1197 3930 1319 3988 veniunt
1344 3928 1456 3991 scilicet

187 4025 354 4100 &sedatium
389 4036 419 4090 et
445 4038 514 4092 tunc
539 4029 613 4090 isaeo
641 4030 778 4092 adverbia
808 4033 1023 4110 comparativos
1049 4029 1094 4091 vel
1122 4028 1317 4109 superlativos
1343 4032 1452 4108 gradus
1467 4039 1493 4079 ³⁵

187 4127 320 4206 recipiunt,
353 4131 472 4211 quando
493 4139 522 4193 et
544 4135 607 4211 ipsa
627 4135 745 4194 nomina
775 4133 854 4194 uude
883 4134 1018 4193 oriuntur
1047 4133 1263 4211 comparativus
1284 4130 1330 4192 vei
1351 4150 1454 4212 snper·

187 4216 265 4291 bibus
283 4232 394 4311 gradum
416 4234 552 4314 recipere
574 4243 714 4313 possunt,
744 4234 856 4296 scilicet
875 4236 1030 4312 quoniam,
1058 4237 1101 4296 sic
1122 4237 1165 4293 uti
1186 4235 1216 4293 in
1236 4237 1455 4312 comparatione

189 4332 313 4393 numum
339 4334 509 4405 docuimus,
542 4354 601 4397 non
628 4338 725 4397 omnia
755 4337 874 4396 nomina
903 4335 1015 4396 scilicet
1043 4333 1215 4413 appellativa
1241 4338 1455 4414 comparativus

188 4429 406 4511 eisuperlativos
426 4438 536 4515 gradus
555 4439 690 4518 recipere
712 4446 854 4518 possunt;
887 4446 916 4499 et
942 4436 1008 4497 ideo
1035 4436 1092 4497 boc
1118 4454 1287 4506 metuemus,
1312 4445 1357 4506 ut,
1381 4457 1455 4516 quos

241 4634 344 4706 ltsngo
362 4641 449 4692 tectim
468 4640 492 4693 n
510 4648 599 4709 tango
615 4644 722 4709 tamgim
737 4643 764 4695 B
827 4642 845 4695 8
863 4640 1030 4693 mmmm
1045 4654 1064 4688 ι·
1079 4639 1247 4691 munimus
1262 4640 1312 4692 RB
1364 4641 1381 4692 6
1400 4657 1455 4691 rur-

188 4704 231 4749 ffl
244 4704 356 4759 deorsum
372 4710 394 4761 ii
413 4724 514 4763 sursum
531 4726 651 4765 euersum
668 4711 695 4763 B
779 4712 809 4765 11
828 4712 909 4765 ndns!
1277 4710 1310 4761 1⁷
1330 4713 1401 4761 ¹¹⁰ssst
1417 4712 1455 4760 ⁸5⁰

188 4772 208 4813 ἃ
221 4782 320 4831 euerso
338 4778 410 4831 uenit
426 4782 465 4832 sio
481 4790 567 4833 cetere
583 4798 600 4832 r
621 4782 716 4835 uenisti
733 4791 819 4835 osta
830 4780 862 4835 Β·
1281 4786 1345 4833 [111ῑο
1361 4780 1388 4831 Β

187 4830 215 4885 di
228 4852 249 4893 et
259 4848 426 4915 superietivos
439 4866 485 4903 osv.
503 4852 536 4913 tt,
552 4852 616 4903 add.
631 4850 657 4902 B
