3314 5506
233 388 295 449 aas
807 387 951 469 [Puossl]

283 516 305 557 p.
322 503 378 544 ιιιι.
388 503 413 543 ιι
427 502 452 542 r.
1331 516 1354 558 p.
1367 504 1430 547 aurs
1446 505 1467 546 r„

384 590 545 651 superas
567 571 661 633 caeli
683 575 831 634 venisse
848 573 917 636 sub
936 592 1055 635 auras.

232 674 381 736 interdum
410 682 506 736 autem
526 675 716 754 praeteritum
740 683 857 754 tempus
879 677 888 735 i
906 674 1035 736 litteram
1061 672 1191 753 duplicat
1213 673 1418 753 paenultinae
1434 676 1503 757 sylla·

231 775 300 845 bae,
329 777 380 836 sed
404 777 434 836 iu
456 775 502 837 bis
524 776 676 838 dumtaxat
698 775 809 845 verbis,
840 794 915 855 quae
945 777 1106 856 praeterito
1131 777 1265 856 perlecto
1285 776 1369 839 modi
1391 795 1502 857 pronun

229 879 319 938 tiativi
341 880 351 936 i
373 877 599 957 duplicaverint,
629 885 661 938 ut
683 896 772 957 supra
795 878 905 939 dictum
927 888 986 949 est,
1010 875 1186 940 nouaclum
1204 881 1292 940 metri
1317 896 1408 941 causa
1433 897 1501 958 quau

204 980 366 1046 arationis,
401 987 434 1039 ut
465 979 550 1039 ‘nos
584 978 728 1040 abiisse
761 981 861 1041 rati’.
906 979 1154 1060 futuroquoquc
1181 987 1318 1060 tempore
1345 979 1500 1059 paenultima

229 1080 315 1160 longa
339 1088 368 1141 et
388 1079 488 1140 ultima
511 1078 609 1141 brevis
631 1087 683 1141 est.
728 1081 779 1141 sed
804 1098 863 1140 nou
886 1079 999 1142 lucilius
1026 1080 1116 1143 huius
1133 1083 1277 1161 temperis
1304 1089 1336 1143 ct
1356 1081 1433 1145 modi
1452 1100 1498 1143 ser·

229 1182 300 1244 bum
318 1183 347 1241 in
366 1180 551 1260 poematibus
572 1182 728 1243 invenitur.

309 1364 345 1406 DE
364 1363 574 1407 DECLINATIONE
591 1362 779 1407 rassrvouvnt
798 1363 1002 1407 osrouurtmvm
1020 1364 1257 1417 communiumque
1275 1364 1439 1410 vultuosum

314 1488 402 1550 blodo
419 1488 650 1566 pronuntiative,
675 1487 703 1547 id
726 1495 771 1548 est
792 1487 963 1558 indicativo,
986 1494 1121 1567 tempure
1143 1490 1293 1569 praesenti
1313 1506 1434 1552 numero
1451 1488 1493 1548 sin

191 1613 215 1655 sc
228 1590 323 1670 gulari
353 1608 480 1670 persona
513 1591 607 1670 prima
636 1589 845 1670 paenultimam
879 1588 1020 1668 syllabam
1046 1591 1076 1651 iu
1104 1588 1252 1667 aliquibus
1272 1588 1371 1652 rerbis
1400 1589 1493 1666 lonpn

226 1694 339 1769 recipit,
364 1699 396 1752 ut
417 1691 511 1751 ducor
533 1690 656 1760 clamor,
681 1691 705 1752 si
726 1700 825 1752 tamen
847 1692 940 1769 prima
961 1690 1044 1752 uerbi
1064 1689 1174 1770 syllaba
1195 1692 1302 1762 luerit;
1325 1693 1355 1753 iu
1373 1689 1493 1772 aliquibus

225 1793 356 1863 brevem,
375 1802 407 1854 ut
424 1793 512 1871 ‘quo
536 1793 658 1855 seror?
679 1793 776 1854 uude
795 1793 916 1855 abiil’.
940 1794 964 1852 si
980 1791 1138 1854 multarum
1152 1792 1278 1854 verbum
1292 1792 1409 1872 aliquod
1428 1791 1494 1853 luerit

225 1894 413 1976 syllabarum,
437 1896 608 1972 frequenter
622 1893 832 1972 paenultimam
854 1897 987 1974 corripit,
1008 1902 1157 1975 postrema
1177 1901 1275 1956 autem
1289 1913 1407 1975 semper
1419 1893 1494 1957 breuis

225 2005 320 2059 estet
342 2000 407 2058 erit.
452 1996 581 2057 secunda
609 1998 753 2076 tertiaque
780 2015 907 2076 persona
930 1995 1087 2075 singularis
1116 2005 1237 2075 excepta
1265 1998 1352 2059 tertia
1377 1992 1495 2072 diuidua·

187 2122 211 2160 ιι
226 2101 304 2159 tione
328 2096 473 2178 corlrcpta
492 2096 702 2177 paenultimam
725 2097 842 2177 longam
865 2106 894 2160 ct
908 2105 1089 2178 postremam
1107 2097 1226 2160 breuem
1247 2099 1403 2178 recipiunt
1429 2096 1498 2158 tertia

224 2203 301 2262 enim
323 2203 462 2280 correpta
485 2199 601 2262 duabus
624 2199 763 2261 brevibus
785 2201 943 2279 postremis
965 2200 1152 2268 terminatur,
1177 2207 1209 2260 ut
1231 2199 1398 2262 ‘ducitur
1419 2197 1500 2260 inle·

225 2301 275 2363 lix
298 2320 385 2362 aero
408 2307 458 2361 c.’.
489 2320 614 2363 numero
638 2301 746 2381 plurali
769 2319 895 2380 persona
919 2303 1015 2381 prima
1037 2301 1066 2361 in
1088 2300 1241 2380 productis
1263 2297 1506 2379 coniugationibus

224 2403 432 2484 paenultimam
452 2402 569 2481 longam
594 2403 691 2472 babet,
712 2413 745 2464 ut
764 2402 893 2465 secunda
916 2410 945 2463 et
961 2403 1047 2464 tertia
1067 2418 1195 2481 persona
1216 2401 1385 2481 singularis,
1404 2408 1436 2463 ut
1454 2400 1507 2463 ela·

224 2523 340 2566 mamur
368 2522 524 2565 monemur
552 2506 702 2573 audimur;
730 2505 759 2564 in
787 2507 873 2565 tertia
898 2513 996 2567 autem
1024 2511 1161 2582 correpta
1189 2503 1311 2568 brevem
1338 2505 1454 2584 recipit,
1478 2508 1517 2564 ut

186 2629 212 2669 rc
225 2607 351 2685 legimur
385 2615 414 2667 et
445 2608 624 2667 ‘terimur
658 2624 723 2684 per
752 2625 868 2685 opaca
898 2606 941 2666 l.'.
986 2623 1113 2685 persona
1143 2607 1274 2668 secunda
1306 2604 1521 2686 paenultimam

222 2707 342 2769 brevem
366 2716 395 2768 et
416 2706 548 2768 ultimam
571 2707 688 2785 longam
710 2708 844 2776 admittit,
867 2717 899 2768 ul·
919 2709 1056 2769 amamini
1081 2715 1107 2769 et
1124 2709 1293 2770 mouemiui.
1326 2709 1423 2769 omnis
1437 2709 1527 2769 cuiun

224 2808 333 2890 syllaba
357 2811 385 2869 in
403 2809 508 2878 verbis,
534 2817 565 2871 ut
587 2811 616 2870 iu
633 2809 697 2875 aliis
714 2809 849 2890 partibus
871 2810 1022 2879 orationis,
1042 2809 1165 2870 ilittera
1187 2809 1282 2872 vocali
1303 2809 1385 2873 lluitu
1399 2821 1537 2890 semper

222 2913 405 2991 producitur.
451 2913 536 2972 tertia
559 2929 685 2989 persona
707 2920 887 2990 postremam
910 2911 1030 2973 brevem
1054 2909 1153 2972 habet.
1198 2919 1334 2991 tempore
1358 2914 1544 2992 praeterito

222 3014 395 3092 imperfecto
418 3012 554 3073 omnibus
577 3014 607 3072 iu
629 3013 883 3090 coniugationibus
903 3015 1099 3093 personisque
1125 3021 1245 3092 praeter
1263 3013 1426 3076 secundm
1448 3031 1548 3094 pei·-

184 3133 326 3177 asscnam
351 3114 471 3192 pluralis
498 3113 707 3194 paenultimam
736 3134 854 3194 semper
874 3114 991 3194 longam
1021 3123 1051 3176 et
1075 3114 1206 3176 ultimam
1229 3115 1350 3177 brevem
1376 3118 1546 3178 invenies,

221 3226 254 3278 ut
273 3217 404 3279 ducebar
427 3216 584 3278 ducebaris
607 3217 786 3286 elucebatur;
820 3219 889 3278 item
910 3216 1018 3295 plurali
1038 3217 1229 3278 ducebamur.
1274 3217 1426 3280 secundae
1447 3232 1549 3280 vero

221 3338 365 3398 personae
387 3318 509 3398 pluralis
536 3317 644 3398 syllaba
672 3320 808 3380 intentio
834 3319 870 3379 ab
894 3318 994 3380 ultima
1020 3317 1087 3380 loco
1114 3319 1302 3398 producitur,
1332 3328 1367 3382 ut
1387 3319 1549 3382 duceba-

222 3423 301 3483 mini.
348 3423 431 3482 tertia
453 3439 580 3499 persona
604 3419 725 3499 pluralis
752 3419 882 3481 ultimam
905 3420 1026 3482 brevem
1054 3420 1152 3482 babet.
1197 3428 1332 3498 tempore
1354 3423 1553 3500 praeterito

220 3523 353 3600 perlecto
376 3531 403 3583 ot
419 3519 432 3605 11
447 3522 737 3602 plusquamperfecto
759 3540 882 3582 numero
905 3522 1047 3600 singulari
1076 3525 1172 3601 prima
1193 3531 1223 3584 et
1243 3523 1331 3584 tertia
1349 3523 1558 3602 coniugatio

184 3625 365 3702 supraducta
393 3623 600 3704 paenultimam
624 3624 741 3700 longam
776 3634 805 3685 ct
828 3632 1008 3703 postremam
1041 3624 1161 3686 brevem
1188 3623 1291 3695 babet,
1327 3632 1359 3687 ut
1391 3625 1564 3687 donatus

221 3726 352 3794 auditus;
375 3726 504 3786 secunda
523 3735 620 3787 autem
642 3726 809 3802 coniugatio
826 3726 869 3786 vel
891 3728 975 3787 tertia
992 3733 1126 3803 correpta
1146 3725 1357 3806 paenultimam
1372 3726 1562 3808 syllabam

221 3826 376 3906 aliquando
399 3826 518 3887 brevem
551 3829 668 3905 recipit,
696 3835 728 3888 ut
749 3828 931 3897 admonitus,
963 3827 1119 3906 aliquando
1143 3826 1288 3906 positione
1317 3825 1452 3907 longam,
1500 3827 1560 3883 ul

221 3927 358 3988 scribtus.
392 3926 500 4005 plurali
519 3937 617 3987 autem
638 3946 762 3989 numero
785 3928 884 3990 ultima
907 3929 1073 4006 longeest,
1098 3937 1130 3992 ut
1152 3930 1309 4000 admoniti:
1332 3930 1558 4010 paenultima

221 4029 318 4090 brevis
344 4036 397 4089 est.
444 4037 577 4106 tempere
604 4028 704 4089 lutmo
729 4031 823 4109 prima
853 4040 882 4093 ct
908 4033 1035 4093 secunda
1065 4032 1231 4110 coniugatio
1264 4049 1393 4111 persona
1419 4032 1556 4112 primt

182 4149 346 4192 assumere
371 4129 512 4208 singulari
534 4129 742 4208 paenultimam
766 4131 883 4211 longam
905 4133 1009 4204 babet,
1038 4141 1070 4194 ut
1089 4132 1212 4196 amabor
1239 4141 1269 4196 et
1290 4134 1435 4207 docebor,
1482 4143 1555 4187 ΒΦ·

221 4232 316 4292 cunda
337 4240 366 4291 et
388 4235 472 4293 tertia
498 4251 624 4311 persona
645 4232 774 4304 brevem,
799 4243 830 4295 ut
853 4235 992 4296 lloratius
1013 4236 1042 4295 iu
1062 4243 1126 4297 arte
1147 4237 1262 4314 poetica

373 4353 440 4394 uec
461 4352 607 4412 seraper
629 4334 742 4396 leriet
763 4337 1023 4415 quodcumque
1049 4337 1257 4398 minabitur
1280 4357 1399 4401 arcus.

220 4435 298 4498 scire
318 4445 414 4496 autem
438 4445 569 4515 oportet,
603 4438 680 4516 quod
710 4437 823 4499 litterae
850 4440 979 4510 vocales,
1010 4459 1086 4518 quac
1114 4448 1174 4501 tres
1197 4441 1420 4521 coniugaticues
1453 4445 1551 4515 pro·

220 4538 321 4600 ductas
343 4538 510 4605 ostendunt,
534 4539 704 4617 frequenter
726 4540 850 4619 produci
872 4541 1008 4604 debeant.
1053 4560 1178 4604 numero
1198 4541 1305 4623 plurali
1327 4546 1420 4623 prima
1462 4546 1550 4614 Pel·

292 4692 441 4783 lsriperas]
467 4720 546 4781 Verp.
565 4719 630 4767 Aea
650 4720 695 4770 Vll
713 4718 765 4770 768
853 4723 964 4772 4causa
982 4722 1028 4773 sed
1048 4732 1072 4772 et
1090 4723 1226 4780 rationes
1313 4720 1406 4790 brios]
1448 4711 1548 4767 ch·

219 4786 285 4836 Aen.
307 4789 326 4836 ΙΙ
344 4788 378 4836 ’ὶό
432 4797 497 4836 rates
513 4804 582 4838 corr.
601 4791 645 4838 rati
667 4790 691 4838 B
765 4789 1174 4857 12q110JVery.Aen.xoru
1245 4792 1278 4845 16
1294 4792 1405 4860 ducitur]
1448 4781 1547 4837 Vffl'

220 4857 284 4908 Aen.
307 4858 341 4906 xt
359 4858 393 4906 85>
464 4860 497 4907 ‘20
514 4858 629 4923 lerinum]
653 4861 731 4923 l'erp.
750 4858 816 4909 Aera.
835 4860 854 4907 ll
873 4861 923 4912 725
994 4863 1028 4914 36
1045 4866 1070 4912 ιιι
1088 4861 1265 4931 artepoeticsl
1284 4881 1307 4914 a.
1326 4864 1381 4915 350
