3346 5506
442 392 648 456 EXPLANAT.
671 394 709 457 ΙΝ
732 393 910 456 DONATVM
933 395 1002 457 titt.
1027 395 1038 456 Ι
1323 399 1386 463 523

156 496 171 539 c
184 498 210 541 oo
222 498 271 541 eoo
285 499 337 544 rav.

108 579 282 659 cooperitur
303 552 333 640 et
353 578 443 641 habet
464 579 555 659 pedes
576 581 723 661 spondeos
744 599 810 652 ser,
833 584 883 664 qui
905 601 959 663 per
980 583 1060 643 arsiu
1083 589 1112 643 ot
1133 582 1229 644 thesio
1253 590 1385 643 currunt.

106 681 178 741 arsis
205 687 235 741 et
261 680 352 743 thesis
382 690 426 743 ost
452 682 557 744 levatio
586 693 616 743 et
643 684 758 764 positio.
803 702 898 765 neque
928 686 1006 745 enim
1033 683 1118 745 aliter
1146 683 1236 764 pedes
1258 684 1386 762 dirigere

106 787 278 862 potueruut,
301 784 359 844 nisi
380 782 494 845 alterna
516 786 578 844 vioe
600 783 735 846 leventur
756 793 786 845 et
807 795 962 865 ponantur.
991 787 1023 845 lit
1044 786 1133 864 igitur
1156 785 1264 847 herous
1286 804 1386 847 versus

104 882 230 963 spondio
251 883 365 964 dactylo
387 894 418 947 et
437 886 578 947 trochaeo
601 885 727 956 alterna,
751 895 784 948 ut
806 887 946 956 diximus,
970 889 1140 948 mutatione.
1162 887 1214 949 sed
1231 888 1387 950 trochaeus

103 1003 156 1065 pes
176 987 208 1047 in
230 986 288 1047 line
310 988 429 1067 ponitur
451 1006 582 1068 semper:
620 1006 688 1049 nam
711 988 816 1050 melius
844 988 962 1070 conplet
984 1008 1099 1050 versum
1123 989 1274 1050 heroicum
1297 1007 1411 1070 spon-o

104 1086 167 1149 dius
190 1106 252 1168 pes.
296 1091 398 1167 quinto
421 1107 489 1150 vero
512 1088 577 1160 loco
599 1089 729 1170 dactylus
752 1092 882 1170 ponitur,
906 1093 957 1172 qui
979 1099 1092 1152 constat
1114 1089 1201 1169 longa
1224 1100 1252 1153 et
1275 1092 1388 1154 duabus

103 1188 250 1252 brevibus.
274 1208 291 1251 a
313 1190 396 1268 digiti
417 1193 561 1270 positione
584 1191 678 1253 dictus
700 1200 745 1254 est
759 1192 904 1273 dactylus,
929 1194 980 1272 qui
1000 1194 1167 1254 iuncturam
1190 1211 1277 1255 unam
1300 1193 1388 1255 babet

90 1288 222 1370 longam
250 1299 280 1353 et
306 1290 410 1353 breves
438 1292 510 1354 duas
540 1293 633 1374 [unde
661 1302 691 1355 et
717 1293 813 1375 palma
841 1293 973 1375 dicitur]
1019 1295 1043 1356 si
1072 1302 1169 1355 antem
1197 1296 1227 1354 ln
1250 1296 1307 1355 line
1330 1295 1387 1355 duo

102 1393 219 1474 spondii
242 1394 365 1464 luerint,
388 1394 584 1475 spondiadeos
606 1397 726 1466 dicitur,
749 1404 782 1458 ut
803 1403 847 1458 est
868 1396 917 1457 hio
938 1414 1053 1464 versus,

255 1497 429 1557 constitit
450 1505 565 1576 atque
588 1497 708 1559 oculis
729 1499 890 1578 Phrygia
913 1499 1060 1576 agmina
1083 1499 1365 1576 circumspexit.
1402 1512 1426 1555 to

104 1597 229 1660 illenim
245 1599 276 1658 iu
299 1615 384 1659 versu
407 1616 544 1669 caesura,
567 1619 642 1680 quae
658 1600 765 1662 dieitur
779 1600 1027 1682 penthemimeres
1044 1597 1087 1658 vel
1109 1599 1388 1679 hephthemimeres,

104 1717 178 1780 quae
204 1700 238 1761 lit
264 1701 294 1760 in
322 1701 423 1780 quinta
450 1698 560 1780 syllaba
589 1701 633 1762 vel
661 1704 793 1782 septima.
839 1721 906 1763 nam
929 1702 1014 1763 heroi
1036 1718 1138 1761 versus
1160 1704 1289 1782 quinque
1312 1709 1387 1772 sunt.

104 1807 136 1862 ut
155 1800 329 1878 perhibent,
353 1819 507 1876 caesurae,
530 1804 795 1883 penthemimeres,
818 1802 1103 1883 hephthemimeres‚
1128 1805 1305 1865 catatriton
1328 1811 1388 1864 tro-

104 1901 226 1973 chaeon,
242 1910 306 1964 cota
321 1911 449 1966 tetarton
471 1904 645 1977 trochaeon,
669 1904 811 1968 bucolice.
841 1905 893 1966 sed
916 1905 991 1966 duae
1011 1906 1127 1985 priores
1149 1903 1388 1985 frequentantur:

104 2021 171 2066 nam
183 2003 251 2066 illae
264 2012 326 2066 tres
341 2014 390 2067 aut
403 2005 551 2068 interdum
563 2013 614 2069 aot
625 2005 751 2070 diltlcile.
774 2025 876 2069 versus
890 2008 941 2089 qui
955 2024 1015 2067 uon
1031 2005 1120 2068 habet
1134 2005 1388 2086 penthemimeren
1403 2021 1427 2064 ts

105 2123 255 2169 mennam
283 2115 334 2169 aut
361 2107 636 2189 hephthemimereu
664 2127 722 2170 noo
744 2117 810 2170 stat.
855 2125 977 2171 caesura
1004 2107 1081 2169 dicta
1109 2116 1155 2170 est
1175 2125 1250 2190 quae
1272 2125 1389 2169 versum

106 2208 200 2271 caedit
220 2227 275 2290 per
297 2211 494 2277 scansionem.
524 2211 582 2273 hoe
609 2219 653 2273 est
680 2229 734 2291 per
762 2211 942 2274 divisionem.
987 2212 1020 2271 lit
1041 2212 1119 2272 enim
1142 2211 1199 2272 sic:
1223 2210 1310 2290 ponis
1332 2209 1390 2270 duo

105 2309 232 2391 dactylos
254 2313 309 2381 sic,
340 2320 373 2374 ut
401 2311 510 2393 syllaba
540 2330 615 2393 quae
637 2311 814 2394 relinquitur
834 2321 902 2394 post
924 2313 981 2375 duo
1003 2312 1094 2394 pedes
1116 2313 1254 2374 terminet
1276 2320 1389 2392 partem

104 2414 266 2476 orationis.
296 2414 366 2474 item
395 2420 461 2491 post
489 2421 549 2474 tres
576 2414 666 2494 pedes
692 2413 802 2495 syllaba
830 2433 987 2478 remanens
1009 2414 1079 2475 iacit
1100 2413 1389 2495 bephihemimeren

103 2522 137 2576 ut
155 2517 187 2577 in
210 2515 313 2577 eadem
335 2532 404 2596 pars
426 2516 569 2577 orationis
595 2517 723 2578 liniator.
768 2516 887 2580 adverte
913 2518 1077 2579 scansionis
1104 2515 1191 2579 huius
1213 2514 1390 2595 exemplum,
1404 2533 1429 2573 ao

104 2633 184 2679 arma
216 2617 370 2698 virumque
399 2635 447 2687 ca;
479 2625 613 2679 remanet
639 2617 748 2699 syllaba
777 2637 831 2692 no,
860 2636 936 2702 quae
965 2616 1084 2699 conplet
1111 2626 1225 2699 partem
1249 2618 1392 2678 orationis

103 2732 185 2780 cauo.
230 2717 300 2779 inde
326 2719 475 2798 iungimus
502 2719 577 2782 hanc
605 2719 746 2802 syllabam
774 2723 922 2802 sequenti,
945 2731 978 2783 ut
999 2722 1048 2782 liat
1070 2721 1218 2800 spondeus
1240 2736 1274 2780 ex
1298 2717 1392 2798 longis

103 2816 231 2891 duabus,
254 2837 293 2882 no
315 2820 391 2891 'l‘ro;
416 2830 550 2884 remanet
570 2823 631 2890 iae,
655 2841 730 2904 quae
752 2822 871 2905 couplet
892 2829 1004 2904 partem
1028 2822 1179 2884 orationis.
1209 2821 1306 2899 iungis
1320 2821 1390 2881 item

102 2916 148 2984 iae
170 2921 238 3004 qui,
260 2921 294 2982 lit
315 2920 389 2984 alios
411 2922 568 3004 spondeus.
612 2925 714 3004 quinto
737 2923 803 2986 loco
825 2927 944 3006 ponitur
966 2922 1106 3004 dactylus,
1129 2923 1243 3003 primus
1265 2921 1317 2989 ab.
1340 2921 1390 2982 ele·

101 3023 171 3106 inde
194 3023 359 3095 trochaeus,
382 3027 455 3094 oris,
479 3026 610 3106 qsramris
637 3024 757 3087 ultimae
779 3024 906 3104 syllabae
929 3026 1049 3086 minime
1072 3024 1287 3085 discernantur.
1322 3040 1389 3084 nam
1403 3042 1428 3081 rs

102 3126 160 3187 iam
183 3124 220 3187 de
238 3124 374 3187 finalibus
395 3124 514 3207 syllabis
536 3126 716 3205 disputatum
741 3135 798 3196 est,
822 3145 897 3208 qnae
919 3128 978 3187 sint
1000 3125 1112 3205 longae,
1136 3143 1212 3206 quae
1234 3126 1292 3187 sint
1314 3123 1390 3185 scili·

102 3235 150 3290 cet
168 3225 284 3288 breves.

187 3328 308 3390 Scansio
338 3348 439 3391 versos
467 3329 588 3391 heroici.
632 3328 744 3410 syllaba
766 3348 841 3411 quae
868 3347 958 3410 super
979 3348 1011 3390 se
1032 3328 1122 3390 hahet
1144 3327 1260 3407 longam
1284 3326 1390 3390 lineam

101 3431 164 3512 ipsa
187 3438 232 3492 est
253 3430 339 3511 longa
363 3431 435 3512 [hoc
457 3439 502 3493 est
523 3430 677 3513 hypheu];
701 3449 777 3509 quae
798 3438 896 3493 autem
919 3429 1077 3513 obliquam,
1100 3430 1197 3491 brevis
1220 3437 1271 3502 eet,
1294 3430 1390 3491 armil-

103 3531 132 3593 ri
162 3532 326 3614 rumquecd
359 3533 457 3595 oo'l'ri
492 3535 593 3613 iaequi
624 3531 781 3614 primiisiih
815 3538 886 3594 oris.
930 3532 1121 3612 spondiadius
1152 3530 1303 3592 scarrditur
1336 3531 1385 3604 sle,
1404 3549 1429 3589 oo

103 3635 233 3698 constitit
271 3637 414 3715 atquehcti
454 3635 604 3713 lisl'hrygi
642 3635 760 3714 agmini
799 3641 915 3697 circum
952 3638 1056 3716 spexit.
1101 3633 1243 3695 iambicus
1282 3633 1390 3697 herous

102 3738 254 3800 scanditur
279 3723 392 3817 simphi
414 3736 512 3798 oubir
535 3737 654 3798 caetisin
676 3736 749 3798 dcte
771 3738 847 3799 odra
870 3737 993 3818 cyntho:
1017 3745 1081 3798 teor
1102 3733 1276 3816 synallpbeo
1292 3735 1389 3797 habet

102 3839 297 3902 Terentianus

252 3941 491 4003 hexametros
511 3941 628 4004 tradit
650 3943 799 4021 genitos
821 3940 891 4003 duo
913 3943 1031 4022 prima
1054 3947 1238 4010 vetustas,

171 4181 190 4230 2
206 4182 312 4231 miset
329 4181 391 4230 tesis
403 4188 442 4229 est
459 4178 580 4232 leuationi
594 4181 616 4231 si
636 4179 687 4231 alte
701 4181 795 4232 lauatio
814 4191 839 4233 ct
855 4182 948 4248 positio
967 4181 1129 4246 nequeenim
1148 4180 1212 4231 inter
1230 4180 1309 4247 pedes
1323 4180 1389 4232 diro-

101 4249 1045 4393 ttiytt‘tztlttit'mitit.t{.'¹.il';¹‘.l...l.ittt²l‘¹
1064 4250 1389 4387 ‘¹¹¹tl'¹i.l.....lt:tt

103 4391 265 4457 eptemlmere
285 4391 308 4451 L
380 4390 412 4442 13
432 4405 521 4440 cetura
540 4392 722 4457 pentemimere
739 4392 902 4458 optemimere
921 4399 1021 4442 troceon
1046 4400 1152 4442 tetartou
1171 4398 1274 4441 trocean
1293 4390 1390 4457 poeolt-

102 4460 189 4511 ceoL
261 4461 293 4511 15
310 4462 489 4526 pentemimere
508 4475 597 4511 caure
615 4468 660 4512 aut
676 4463 883 4528 eptemimereb
956 4463 987 4514 17
1005 4459 1098 4527 caedit]
1119 4459 1257 4513 receditL
1315 4459 1390 4526 ponis

102 4531 308 4589 ntdatcorsum
328 4531 409 4594 (corr.
430 4545 473 4579 -os
491 4533 510 4590 lt
528 4531 619 4581 doch
706 4533 912 4586 rontemnere
931 4533 956 4583 L
1032 4533 1066 4585 21
1087 4547 1161 4598 quom
1180 4529 1321 4597 coupletb

100 4600 350 4668 28lougalineah
420 4598 587 4666 aenypoeo]
607 4600 651 4650 illo
673 4604 695 4652 l.
765 4601 796 4652 dl
816 4602 876 4670 lrigi
895 4603 1039 4653 aominaL
1093 4601 1126 4653 32
1148 4596 1286 4665 Amphion]
1308 4600 1388 4665 Vera.

102 4669 155 4721 bue.
173 4672 200 4735 2,
218 4671 254 4722 24
335 4670 416 4724 aethe.
435 4685 480 4721 ora
498 4687 567 4737 oync.
586 4681 621 4724 to.
640 4670 722 4723 theor.
742 4672 852 4736 synalile
868 4671 942 4721 habet
964 4674 993 4723 1..
1015 4672 1141 4723 mordicum
1157 4671 1258 4720 hereum
1274 4672 1310 4719 tto
1327 4670 1389 4735 effe·

102 4741 282 4793 darem
297 4743 484 4807 prmum,
501 4749 561 4791 uto
582 4741 716 4807 rynaltpbo
731 4743 844 4806 periret,
869 4744 920 4792 hro
935 4757 986 4806 pro
1007 4742 1087 4793 lambo
1106 4745 1286 4807 conputantur
1355 4737 1389 4792 88

102 4812 270 4862 terrentianus
292 4820 422 4862 examore
444 4813 472 4863 id
496 4818 536 4862 est
553 4810 657 4861 heroico
683 4820 708 4862 ot
726 4813 833 4863 iambico
853 4823 996 4864 examcuos
1014 4813 1118 4863 tradidit
1139 4809 1178 4861 L:
1200 4807 1345 4862 Terentino.
1363 4826 1387 4864 r.

105 4880 171 4933 1580
239 4881 274 4933 34
291 4891 406 4934 uetustos
422 4883 447 4933 t
