3314 5506
640 399 849 460 PRAEFATIO
1326 415 1387 461 xix

92 584 318 648 institutorum
340 582 455 663 libros,
482 605 563 667 quos
585 607 671 651 nunc
692 586 865 666 habemus,
893 585 1013 668 legisse
1035 594 1068 647 et
1089 585 1196 648 Probo
1225 587 1389 666 tribuisse,

93 685 276 749 sedetiam
298 683 422 749 nullum
450 685 604 750 statuisse
627 687 801 754 discrimen
821 691 916 758 ‚inter
943 686 1028 750 hunc
1056 696 1089 749 et
1116 697 1260 751 veterem
1288 688 1390 768 illum,

92 810 191 874 quem
215 789 359 873 antiquis
381 786 569 852 auctoribus
591 790 720 869 citavit,
744 790 826 854 adeo
841 802 878 854 ut
893 811 990 875 saepe
1006 788 1147 852 dubitari
1171 791 1287 874 possit,
1311 790 1390 875 quid

92 890 158 954 illis
181 889 278 954 libris
302 889 467 970 debuerit,
490 890 569 977 quid
592 913 635 956 ex
656 892 838 978 antiquiore
858 891 948 956 fonte
969 892 1134 977 petiverit:
1166 891 1209 955 ef.
1232 891 1334 955 Hertz
1357 893 1391 954 in

91 992 254 1057 Priscian.
279 991 345 1056 vol.
368 992 385 1056 Ι
406 1015 438 1077 p.
463 1003 535 1061 171.

182 1094 319 1159 Servius
347 1115 475 1180 quoque
502 1097 536 1159 in
564 1097 803 1161 commentariis
832 1095 1028 1180 Vergilianis
1057 1117 1122 1160 non
1150 1097 1253 1159 solum
1282 1117 1323 1160 ex
1351 1097 1390 1159 iis

91 1220 182 1282 quac
198 1195 326 1261 Probus
340 1198 375 1261 in
390 1195 570 1282 Vergilium
593 1198 806 1263 adnotaverat
827 1197 929 1262 multa
951 1199 1078 1278 citavit,
1103 1198 1159 1263 sed
1175 1199 1273 1262 etiarn
1287 1220 1393 1282 gram·

92 1301 227 1364 maticis
249 1301 319 1363 eius
342 1298 433 1362 libris
456 1321 535 1364 usus
558 1311 622 1381 est,
645 1323 709 1388 quo
731 1300 837 1365 refero
859 1301 960 1388 haec,
979 1301 1011 1364 in
1027 1302 1110 1364 Aen.
1126 1300 1142 1363 I
1160 1308 1219 1368 194
1242 1300 1391 1386 partitur]

92 1409 262 1467 Sallustius
283 1407 328 1464 ait
349 1408 537 1481 ‘prouincias
557 1409 638 1466 inter
658 1424 690 1466 se
709 1410 931 1482 partirerant':
959 1423 1029 1466 nam
1052 1414 1081 1466 et
1099 1410 1203 1482 portio
1225 1414 1253 1465 ct
1269 1409 1394 1481 partior

93 1512 245 1580 dicimus,
269 1514 363 1568 etesi
384 1509 505 1568 uerbmn
528 1510 566 1568 de
587 1509 633 1568 itis
655 1525 748 1583 quae,
772 1526 840 1569 cum
862 1517 1022 1584 utromque
1042 1511 1196 1583 recipiant
1217 1510 1394 1569 declinatio-

91 1629 181 1683 nem,
208 1628 271 1686 pro
292 1616 398 1669 nostra
425 1617 526 1670 tamen
548 1613 702 1670 uoluntate
724 1615 843 1672 activae
869 1619 938 1671 sant
963 1614 1207 1685 sipnificotionis,
1239 1608 1271 1670 ul
1300 1613 1395 1686 punio

89 1717 223 1790 punior,
243 1711 368 1784 fabrico
385 1711 538 1786 sabricor,
562 1715 633 1772 lauo
653 1715 751 1788 lavor,
775 1730 956 1789 quamquam
977 1715 1139 1773 tentaterit
1153 1714 1267 1773 Protin
1285 1712 1396 1785 facere

93 1817 312 1891 differentiam
334 1817 414 1873 inter
436 1817 567 1875 activam
584 1818 798 1891 passivamquc
818 1818 1085 1891 sionidcationem,
1116 1822 1150 1874 ut
1170 1817 1307 1875 dicamus
1329 1822 1394 1875 ton-

93 1920 157 1978 deo
186 1919 331 1990 alienon,
361 1919 490 1977 tondeor
519 1919 557 1977 ab
584 1920 682 1980 altero
711 1913 769 1998 (cf.
798 1913 954 1978 Priscian.
983 1912 1088 1977 vol.I
1117 1936 1149 1998 p.
1174 1921 1250 1994 393,
1280 1919 1328 1992 9):
1361 1914 1395 1977 in

94 2021 185 2081 Aen.
202 2014 269 2079 VH
285 2023 343 2084 421
370 2020 485 2080 Probus
506 2021 545 2079 de
566 2027 732 2096 temporum
754 2022 923 2080 conexione
942 2021 1071 2079 libellam
1093 2022 1266 2093 conposuit,
1290 2022 1320 2078 in
1337 2036 1396 2093 quo

94 2125 206 2194 docet,
239 2123 314 2195 quid
332 2124 385 2181 cui
411 2122 517 2181 debeat
545 2123 786 2196 accommodari,
816 2140 856 2181 ea
883 2139 941 2198 quo
969 2123 1169 2196 intellepimus
1195 2122 1277 2180 brtnc
1306 2137 1395 2194 quam

93 2225 178 2299 (ecit
206 2223 336 2284 arduam
363 2240 426 2283 esse
452 2225 665 2284 conerionem:
693 2240 763 2284 nam
788 2227 909 2299 potiere
931 2223 1035 2296 futuri
1060 2225 1201 2298 temporis
1222 2230 1281 2296 est,
1307 2221 1396 2294 susos

95 2343 175 2386 vcro
204 2326 401 2400 participium
429 2334 473 2385 est
504 2328 706 2401 praeteritum
744 2320 806 2406 (cf.
835 2321 944 2386 Diom.
974 2328 1050 2402 388,
1082 2322 1157 2407 to):
1192 2329 1224 2384 et
1256 2319 1397 2385 fortasse

95 2426 202 2488 etiam
223 2424 257 2487 in
279 2423 362 2486 Aen.
386 2421 420 2486 X
443 2431 483 2492 33
505 2423 639 2510 iuveris]
663 2430 851 2488 concessivae
872 2436 915 2488 est
935 2430 1040 2488 modus
1061 2430 1115 2488 iste
1135 2428 1297 2487 secundam
1320 2427 1395 2486 Pro-

95 2532 189 2590 bum:
210 2546 340 2603 namque
360 2532 393 2589 in
415 2531 533 2589 artibus
554 2547 615 2590 non
637 2532 805 2590 inuenitur:
834 2533 869 2602 fit
892 2537 1005 2603 autmn,
1036 2531 1172 2605 quotiens
1198 2530 1301 2588 taedio
1326 2545 1394 2589 con·

96 2633 245 2692 tentionis
271 2634 361 2705 quasi
386 2633 522 2691 uidemur
543 2634 710 2692 concedere
736 2633 818 2706 qaod
838 2639 936 2691 tamen
960 2635 1095 2691 nolumus
1114 2634 1186 2703 sieri
1206 2627 1263 2711 (of.
1286 2627 1396 2690 Diom.

98 2738 182 2808 396,
212 2728 279 2813 30).
323 2730 407 2792 inter
435 2728 515 2793 haec
541 2731 642 2814 igitur
669 2750 709 2792 ea
735 2752 818 2814 quae
847 2752 889 2794 ex
916 2729 1083 2794 catholicis
1108 2739 1161 2809 17,
1185 2738 1203 2797 2
1225 2729 1340 2793 citavit
1361 2729 1396 2792 in

98 2834 187 2896 Aen.
204 2829 239 2895 II
262 2840 310 2910 15,
332 2837 432 2894 instar
454 2852 560 2895 nomen
582 2841 626 2894 est
648 2836 861 2895 indeclinabile
881 2838 952 2896 licet
974 2836 1093 2895 Probus
1113 2836 1239 2894 tristaris
1265 2835 1397 2893 declina·

98 2939 195 3010 serit,
219 2942 252 2996 ut
273 2939 421 3011 nectaris,
445 2934 493 2997 ita
514 2933 635 3018 scripta
657 2941 747 3011 sunt,
772 2942 809 2997 ut
831 2935 935 2999 eidem
957 2932 1098 3013 auctori,
1121 2933 1174 2997 cui
1196 2931 1321 3018 reliqua
1344 2931 1397 2995 de·

100 3036 237 3114 benum
260 3035 360 3099 tribui
381 3034 566 3099 videantur.
595 3035 702 3099 minus
724 3044 850 3100 certum
872 3046 935 3116 est,
959 3046 1068 3099 utrum
1090 3057 1132 3099 ex
1155 3035 1268 3099 codem
1290 3034 1398 3100 cotho-

100 3136 189 3201 licon
211 3136 283 3200 loco
305 3158 347 3200 an
369 3159 412 3202 ex
433 3135 623 3222 Vergiliano
651 3139 882 3202 commentario
910 3140 1014 3222 potita
1041 3138 1106 3201 sint
1132 3136 1229 3217 haee,
1258 3138 1292 3201 in
1315 3137 1398 3199 Aen.

99 3239 150 3303 Vl
167 3245 232 3308 866
254 3244 359 3316 instar,
382 3244 560 3316 similitudo,
584 3252 613 3302 ct
627 3252 670 3304 est
683 3261 805 3318 nomeu,
830 3246 912 3319 quod
925 3261 983 3304 non
1000 3246 1109 3318 recipit
1125 3245 1400 3318 praepositionem:

100 3346 268 3404 adinstar
288 3347 365 3404 enim
388 3361 448 3405 non
470 3346 611 3419 dicimus,
636 3346 719 3420 quod
740 3347 857 3406 Probus
879 3347 1018 3407 declarat
1041 3341 1097 3425 (al.
1121 3342 1278 3423 declinat).

191 3442 246 3506 Ex
268 3442 400 3529 reliquis
423 3444 643 3528 grammaticis
665 3466 760 3509 nemo
775 3445 906 3530 saepius
923 3443 1021 3508 Probi
1037 3442 1129 3507 libris
1144 3465 1223 3506 usus
1238 3451 1288 3507 cst
1302 3463 1400 3528 quam

101 3545 296 3629 Pompeius,
319 3546 375 3630 qui
395 3546 547 3611 instituta
569 3555 602 3610 et
623 3546 783 3612 catholica
804 3548 970 3610 nominum
993 3545 1185 3608 memoravit
1206 3567 1238 3630 p.
1263 3553 1324 3614 156
1346 3544 1398 3608 ed.
1500 3592 1504 3599 .

100 3646 202 3712 Lind.
224 3653 347 3727 scripsit
369 3658 468 3711 autem
491 3653 633 3712 adhunc
654 3656 752 3714 locum
774 3655 891 3713 Probm
912 3669 1002 3713 unum
1022 3652 1150 3720 librum;
1173 3654 1227 3710 iste
1248 3653 1401 3710 institutor

103 3757 166 3812 mm
189 3761 285 3812 artem
306 3755 445 3830 scripsit:
466 3769 525 3813 non
547 3757 670 3830 scripsit
690 3754 851 3830 perfectis,
876 3757 929 3815 sed
950 3754 993 3813 ad
1014 3770 1063 3813 eos
1085 3756 1138 3827 qui
1157 3754 1260 3813 uolunt
1280 3770 1312 3811 sc
1328 3769 1401 3827 pcr-
1426 3776 1428 3782 ,

99 3855 205 3928 sectos
225 3871 303 3928 esse,
327 3850 488 3917 catholica
509 3852 675 3916 nominum
691 3875 722 3937 p.
740 3859 800 3921 196
823 3857 915 3917 babes
936 3872 1026 3915 unum
1049 3856 1159 3915 librum
1175 3856 1269 3915 Probi
1288 3857 1326 3913 dc
1345 3856 1402 3913 t'sto

102 3959 246 4032 perretivo
265 3959 427 4033 scriptum,
452 3964 566 4017 tantem
588 3961 677 4018 modo
698 3960 756 4019 troc
777 3961 873 4019 solum
896 3964 1010 4017 tractat
1033 3960 1064 4017 in
1087 3959 1138 4016 illo
1160 3959 1248 4017 libro.
1294 3952 1403 4016 catho-

104 4055 193 4120 licon
214 4055 316 4139 igitur
337 4053 438 4136 libro,
461 4064 499 4120 ut
520 4077 559 4119 ea
580 4079 665 4120 nunc
688 4055 829 4142 primum
851 4077 985 4142 ponam,
1014 4055 1195 4141 dequibus
1217 4065 1306 4119 certo
1328 4075 1419 4118 conv

106 4167 188 4238 stat,
209 4179 290 4220 usus
305 4167 355 4222 est
366 4179 399 4242 p.
415 4164 456 4227 92
479 4164 614 4236 quanvis
634 4164 721 4237 apud
734 4163 865 4222 Probtm
887 4164 1053 4221 invenimus
1074 4163 1124 4221 tric
1145 4163 1226 4220 later
1246 4162 1402 4240 61μῖθὸ

106 4267 149 4322 ita
171 4265 253 4322 enim
270 4261 370 4337 fucit,
398 4267 495 4323 later:
521 4266 564 4322 ita
585 4265 664 4323 enim
686 4265 813 4338 lecimus
834 4267 866 4323 in
889 4265 991 4323 Probo
1012 4270 1041 4322 et
1062 4265 1093 4322 in
1116 4264 1265 4336 antiquis:
1294 4266 1348 4336 17,
1372 4267 1402 4324 t.

106 4383 148 4425 ex
171 4360 331 4426 institutis
353 4363 473 4427 artium
495 4370 603 4425 autom
625 4361 706 4426 haec
727 4365 831 4446 petita
853 4370 942 4442 sunt,
966 4384 998 4446 p.
1022 4369 1062 4431 93
1091 4371 1119 4423 et
1141 4364 1258 4423 Probus
1279 4363 1401 4434 adiecit,

106 4468 162 4526 sed
182 4466 329 4527 accidunt
349 4467 440 4524 etiam
462 4475 622 4527 accentus:
652 4468 795 4526 labemus
816 4470 848 4527 in
871 4468 969 4526 Probo
997 4474 1152 4527 accentum
1179 4467 1269 4525 etiam
1292 4465 1407 4524 nomini

107 4570 265 4628 accidere:
287 4568 379 4640 lepite
400 4574 496 4628 artem
514 4570 609 4629 Probi
628 4576 657 4629 et
679 4571 852 4629 invenietis:
874 4574 930 4645 51,
953 4551 1014 4632 22.
1049 4587 1082 4648 p.
1108 4570 1166 4632 128
1188 4568 1406 4640 conparatione
1463 4617 1466 4623 .

106 4672 227 4744 prodas
246 4671 370 4743 pencris
390 4679 434 4729 est
453 4686 571 4746 semper
593 4673 771 4738 commanis,
795 4671 928 4743 doctior,
958 4676 1086 4744 excepto
1108 4685 1186 4740 uno,
1212 4676 1244 4727 ut
1266 4670 1309 4727 ait
1332 4669 1405 4726 Pro·

108 4774 172 4847 bus,
195 4774 315 4833 settim:
337 4774 392 4848 61,
416 4776 446 4836 3.
480 4791 513 4854 p.
538 4776 597 4838 135
620 4779 785 4832 tractatum
807 4779 851 4831 est
871 4772 930 4831 boc
952 4789 971 4829 a
994 4772 1093 4831 Probo
1115 4773 1220 4842 aliter,
1246 4787 1265 4826 a
1287 4770 1407 4828 Donato

108 4878 201 4935 aliter
223 4878 257 4933 ct
278 4888 309 4949 p·
335 4877 393 4938 137
420 4881 450 4933 et
476 4875 533 4934 ltoc
556 4875 672 4934 Probus
692 4876 827 4948 sequitur
848 4881 878 4932 ct
900 4876 944 4932 ait
970 4875 1028 4946 sic,
1060 4875 1159 4932 omnia
1189 4873 1333 4930 adverbia
1362 4874 1408 4930 uel
