3314 5506
216 393 256 452 ⁵4
807 385 920 449 ruunt

267 504 496 653 amam.
541 575 636 649 ligura
665 574 818 634 nominum
840 592 876 634 ex
899 573 1021 649 integris
1050 571 1253 651 componitur,
1285 497 1418 653 gazoli?
1430 496 1508 634 inas

217 679 261 741 vel
284 697 320 738 eo
343 675 445 755 plnres
465 681 564 755 partes
592 674 734 737 orationis
760 675 792 733 in
813 692 874 735 nno
904 674 1023 735 nominc
1050 690 1116 734 csse
1145 672 1352 751 reperiuntur,
1381 679 1511 751 utputa·

132 846 137 854 ¹
217 778 327 840 inlclix.
371 779 400 839 in
423 778 501 838 enim
528 776 707 855 praepositio
726 775 879 855 utriusque
899 793 985 837 casus
1007 780 1051 836 est
1077 781 1108 835 et
1131 772 1199 835 iclix
1221 790 1332 834 nomen
1356 790 1437 835 nnnc
1454 775 1510 835 sci·

217 879 285 943 licet
305 877 521 959 appellativum.
566 895 602 939 co
624 875 724 955 plures
748 884 849 957 partes
872 877 1013 937 orationis
1040 877 1070 936 in
1093 894 1153 937 uno
1173 875 1302 941 nominc
1328 893 1397 938 osso
1424 892 1510 955 repc-

190 983 352 1051 arinntnr,
381 988 413 1042 ut
438 987 509 1058 puta
530 977 687 1056 praesidia.
732 995 803 1055 prae
824 979 902 1039 cnim
926 979 1104 1056 praepositio
1124 975 1243 1037 ablativi
1269 993 1355 1038 casus
1376 994 1442 1039 essa
1463 995 1510 1041 rc·

217 1085 347 1162 peritur,
375 1083 400 1143 si
423 1081 593 1142 coniunctio
607 1079 797 1152 ostenditur,
828 1079 857 1139 di
885 1079 1081 1158 praepositio,
1109 1095 1186 1157 quae
1212 1076 1347 1157 loquellis
1373 1078 1510 1149 decarne,

217 1185 378 1263 accipitur,
406 1200 422 1242 a
445 1188 543 1243 autem
565 1180 746 1259 praepositio
775 1178 889 1240 ablativi
912 1198 997 1241 casus
1022 1197 1087 1241 esse
1111 1179 1284 1240 dinoscimr.
1328 1179 1372 1243 cic
1401 1187 1432 1242 ct
1457 1178 1512 1243 alia

216 1287 352 1354 nomina,
378 1301 456 1362 qnae
475 1302 492 1346 a
514 1281 629 1344 ducalius
650 1279 694 1341 vel
718 1299 753 1342 co
774 1280 911 1360 pluribus
933 1280 1067 1360 partibus
1095 1281 1239 1343 orationis
1260 1283 1420 1345 constituta
1448 1298 1512 1343 cccc

217 1387 416 1464 reperiuntur,
439 1383 476 1446 ad
497 1385 621 1461 liguram
645 1383 838 1462 compositam
861 1400 898 1444 ex
920 1383 1042 1461 integris
1061 1382 1224 1444 sccnndnm
1246 1399 1405 1444 numerum
1426 1399 1512 1446 suum

180 1512 206 1555 n
219 1489 370 1568 pertinere
392 1487 631 1565 pronuntiantur.

303 1587 345 1649 Ex
375 1588 491 1666 integro
523 1593 554 1648 ct
583 1595 736 1664 corrupto.
779 1587 874 1663 ligura
907 1578 1061 1647 nominoio
1092 1604 1128 1647 cx
1160 1587 1278 1663 integro
1311 1591 1341 1646 et
1369 1592 1512 1667 corrupte

218 1690 424 1767 componitur,
453 1688 571 1769 qnando
599 1689 630 1748 in
659 1689 754 1766 prima
776 1694 861 1765 parte
889 1687 1018 1747 nominis
1042 1704 1112 1766 pars
1139 1686 1282 1747 orationis
1306 1688 1457 1765 reperitur
1485 1692 1514 1749 ct

218 1808 347 1870 nequem
369 1797 510 1869 corrupta
533 1791 689 1858 invenitur,
712 1796 745 1850 nt
765 1796 836 1868 puta
857 1787 982 1849 subtilis.
1022 1787 1077 1849 sub
1099 1789 1177 1849 enim
1201 1789 1382 1867 praepositio
1405 1789 1513 1853 utrina·

219 1910 277 1972 que
298 1909 384 1952 casus
403 1899 447 1952 est
471 1899 501 1952 ct
518 1890 577 1952 tilis
599 1900 782 1968 corruptum.
816 1891 859 1951 sic
880 1888 986 1950 etalio
1006 1890 1136 1959 nomina,
1159 1907 1236 1970 quae
1259 1890 1290 1950 in
1311 1890 1409 1967 prima
1430 1896 1512 1969 parts

182 2019 206 2060 n
219 2011 271 2054 sua
294 2000 408 2072 partem
429 1994 573 2054 orationis
590 1988 703 2054 babent
724 1993 913 2054 constitutam
935 1998 963 2051 et
983 1997 1156 2071 sequentem
1179 1997 1362 2069 corruptam,
1384 2008 1422 2051 ex
1440 1992 1511 2054 inte

155 2157 157 2161 ,
219 2112 273 2174 gru
297 2102 327 2155 et
348 2101 491 2174 corrupto
515 2093 550 2154 atl
573 2094 767 2172 compositam
788 2093 915 2169 ssguram
938 2109 1059 2153 necesso
1081 2098 1126 2153 est
1147 2098 1181 2152 ut
1202 2093 1379 2169 pertineant

303 2197 345 2256 Ex
374 2204 515 2273 corrupto
550 2202 579 2255 et
610 2195 735 2272 integro.
779 2194 873 2272 ligura
905 2195 1059 2254 nominum
1091 2211 1128 2254 cx
1162 2200 1304 2272 corrupto
1335 2199 1367 2255 ct
1398 2194 1509 2272 integro

219 2298 424 2375 componitur,
453 2294 572 2375 quando
602 2296 632 2355 in
655 2297 749 2373 prima
770 2302 853 2373 parte
882 2295 1011 2354 nominis
1040 2302 1214 2372 corruptum
1244 2296 1393 2373 reperitur
1420 2302 1451 2356 et
1469 2312 1508 2355 sc

219 2414 313 2477 quens
335 2414 404 2475 pars
426 2398 570 2472 orationis
594 2396 756 2464 invenitur,
781 2402 906 2474 utputa
928 2403 1109 2474 portentum.
1154 2413 1211 2475 por
1230 2396 1309 2457 onim
1338 2404 1508 2475 corruptum

180 2522 207 2566 ω
220 2517 286 2560 esse
306 2500 465 2577 reperitur,
488 2504 601 2559 tentum
624 2515 693 2558 vero
715 2498 904 2578 participium
928 2515 993 2558 esse
1015 2496 1168 2576 probatur.
1199 2499 1242 2559 sic
1265 2503 1296 2559 et
1309 2495 1365 2558 alls
1385 2499 1506 2567 nomina

107 2652 114 2662 ,
219 2617 296 2678 quac
326 2600 357 2659 in
379 2601 473 2676 prima
502 2608 586 2678 parte
613 2617 664 2661 sna
692 2606 865 2677 corruptum
894 2597 1005 2659 habent
1036 2600 1229 2660 constitutum
1261 2604 1290 2659 et
1317 2600 1349 2659 in
1379 2606 1506 2679 sequent

154 2681 160 2710 ‘
219 2707 334 2781 partem
356 2701 500 2761 orationis
522 2702 698 2779 oppositam,
722 2718 757 2760 ex
779 2707 919 2779 corrupto
942 2707 972 2759 et
985 2700 1101 2778 integro
1124 2699 1160 2761 ad
1181 2701 1376 2779 compositum
1390 2701 1505 2780 liguram

220 2819 341 2864 necesse
363 2808 463 2863 estut
484 2804 660 2880 pertineant.

304 2903 346 2963 Ει
377 2905 494 2980 integro
522 2910 550 2964 et
575 2911 719 2981 corrupto
748 2909 778 2964 et
804 2904 932 2981 integro.
976 2903 1071 2980 figura
1099 2903 1253 2963 nominum
1281 2920 1318 2964 cx
1342 2905 1461 2983 integro
1488 2923 1503 2966 e

180 3012 364 3082 incorrupto
387 3010 416 3065 et
435 3005 553 3082 integro
576 3005 780 3083 componitur,
809 3003 927 3086 qnando
950 3006 982 3064 in
1003 3005 1098 3082 prima
1121 3011 1151 3065 et
1170 3005 1329 3065 novissima
1351 3011 1436 3083 parto
1463 3022 1503 3068 no

220 3106 308 3166 minis
331 3121 401 3183 pars
428 3107 571 3166 orationis
592 3106 755 3183 reperitur,
785 3114 814 3167 at
832 3124 902 3167 vcro
925 3106 954 3164 iu
975 3104 1070 3166 media
1093 3114 1269 3184 corruptum
1291 3107 1457 3177 incenium,
1485 3123 1502 3168 ιι

220 3213 291 3287 puta
319 3214 491 3285 perpetuus.
536 3224 589 3285 pcr
611 3208 690 3267 enim
714 3208 895 3286 praepositio
919 3208 1078 3267 accusativi
1099 3225 1184 3268 casus
1206 3215 1266 3279 est,
1294 3226 1332 3287 pc
1356 3225 1501 3270 rerooor

220 3315 341 3387 ruptum
369 3309 533 3377 invenitur,
563 3316 632 3370 tuus
654 3317 752 3369 autem
778 3326 945 3400 pronomen
972 3327 1037 3368 csse
1062 3310 1220 3386 reperitur.
1263 3310 1307 3370 sic
1328 3316 1358 3371 ct
1379 3307 1436 3370 alia
1463 3327 1500 3371 uo

221 3411 316 3480 mina,
341 3411 372 3470 in
394 3428 522 3490 quornm
546 3411 641 3490 prima
663 3417 692 3472 ct
714 3412 871 3472 norissima
895 3419 979 3489 parte
1005 3428 1074 3490 pars
1096 3411 1240 3471 orationis
1259 3412 1409 3489 reperitur
1437 3417 1469 3474 ct
1487 3413 1499 3472 i

180 3534 207 3576 co
222 3511 318 3572 media
341 3520 514 3592 corruptum
536 3513 699 3582 invenitur,
728 3532 764 3573 ex
787 3514 904 3590 integro
932 3520 963 3572 et
980 3517 1122 3590 corrupto
1146 3519 1176 3572 et
1194 3513 1313 3589 integro
1334 3510 1371 3574 ad
1391 3512 1498 3590 ligura!

208 3598 416 3690 'compositam
438 3616 588 3690 pertinere
607 3620 819 3675 monstrantur.
842 3610 856 3697 ll

307 3713 350 3773 Ex
373 3722 514 3792 corrupto
536 3724 567 3776 ct
587 3717 704 3792 integro
728 3723 757 3775 et
778 3723 919 3794 corrupto
974 3715 1067 3793 figura
1090 3715 1244 3775 nominum
1266 3732 1302 3774 cx
1325 3722 1496 3794 corruptor

221 3815 338 3892 integro
361 3822 391 3875 ot
413 3823 555 3894 corrupto
578 3816 781 3894 componitur,
809 3817 926 3894 quando
954 3819 985 3876 in
1007 3818 1103 3895 prima
1129 3823 1159 3876 et
1180 3816 1337 3877 norissima
1361 3825 1447 3896 parte
1466 3835 1495 3892 nr

222 3916 310 3977 minis
324 3921 499 3994 corruptum
520 3917 677 3982 invenitur,
702 3924 732 3976 at
748 3935 817 3977 vcro
836 3919 866 3977 in
884 3916 980 3977 media
1003 3934 1072 3994 pars
1091 3919 1235 3978 orationis
1250 3935 1314 3978 csso
1333 3920 1339 3994 1
1357 3919 1494 3998 reperitn

186 4040 211 4081 as
226 4023 260 4078 nt
280 4023 350 4096 puta
371 4015 509 4079 Fannius.
554 4016 603 4076 ian
624 4019 703 4078 enim
725 4025 898 4096 corruptum
920 4020 1083 4087 inreritum
1114 4021 1145 4079 ni
1165 4037 1235 4080 vero
1259 4021 1432 4082 coniunctio
1454 4039 1493 4085 eu

221 4118 379 4197 probatur,
411 4137 447 4180 ns
475 4126 573 4178 autern
601 4125 775 4197 corruptum
803 4138 868 4180 esse
897 4103 1072 4181 dinoscitur.
1118 4121 1161 4180 sic
1183 4128 1213 4181 ct
1235 4119 1292 4181 alia
1321 4122 1461 4194 nomina,
1488 4123 1493 4183 i

220 4237 349 4298 quorum
374 4221 468 4298 prima
492 4228 521 4282 ct
542 4220 698 4283 novissma
728 4227 811 4308 parte
840 4229 1014 4300 corruptum
1042 4224 1192 4301 reperitur
1221 4229 1251 4283 et
1276 4223 1306 4283 in
1328 4222 1427 4284 modia
1449 4242 1492 4304 par

220 4322 363 4383 orationis
384 4323 541 4391 invenitur,
565 4342 600 4384 cx
622 4329 765 4401 corrupto
786 4329 815 4384 ct
834 4325 950 4402 integro
972 4331 1003 4384 ct
1024 4332 1167 4402 corrupto
1190 4324 1226 4384 ad
1247 4323 1373 4402 liguram
1397 4342 1491 4404 comp

221 4425 307 4484 sitam
327 4425 477 4500 pertinere
500 4431 712 4485 monstrantur.

183 4545 208 4587 ao
309 4524 351 4584 Ειι
377 4527 493 4602 integro
515 4531 544 4585 et
565 4534 707 4606 corrupto
732 4534 762 4585 et
788 4527 905 4603 integro
932 4534 960 4586 et
982 4534 1133 4604 corrupto.
1179 4527 1273 4606 ligura
1301 4528 1456 4589 nominum
1484 4551 1490 4588 ι

216 4626 338 4704 integro
360 4634 391 4689 ct
411 4635 553 4706 corrupto
576 4622 613 4688 et'
628 4629 744 4706 integro
766 4634 795 4688 ct
822 4635 963 4707 corrupto
993 4630 1199 4706 componitur,
1230 4628 1348 4709 quando
1371 4631 1403 4690 in
1424 4631 1490 4710 prin

287 4847 327 4897 tt
343 4849 488 4913 appositam
502 4863 517 4898 u
533 4863 568 4898 erc
585 4848 671 4900 codice
690 4848 810 4900 Parisino
828 4847 896 4899 7510
966 4848 999 4900 at
1019 4849 1043 4898 iu
1064 4849 1147 4898 medio
1166 4850 1204 4900 lic
