3314 5506
218 382 276 443 106
803 379 914 442 l'llOlll
1364 420 1378 451 v

265 511 286 549 μ.
304 496 349 539 rra.
360 498 386 539 as
401 496 424 538 n.
626 518 629 523 -
1299 508 1321 548 p.
1337 495 1409 539 avae
1423 495 1449 538 v.

214 567 324 646 gularis
344 589 361 627 u
381 567 477 628 littera
499 569 704 635 terminantur,
726 568 799 628 hacc
817 567 918 628 eadem
942 587 959 627 ο
982 567 1107 629 litteram
1131 571 1159 628 in
1175 569 1183 626 i
1199 566 1243 629 vel
1264 568 1290 627 is
1304 566 1417 629 litteras
1430 587 1494 629 cuu-

215 678 331 731 vertuut
354 679 382 733 et
403 688 492 749 supra
514 670 608 730 dictus
634 688 735 738 casus,
764 670 881 749 quande
911 688 965 748 per
988 687 1078 731 uuum
1101 671 1110 730 i
1138 677 1166 730 ct
1187 669 1306 751 quaudo
1334 688 1390 750 per
1414 670 1494 732 duci

214 771 391 840 scribantur,
415 770 580 834 ostendunt.
1200 768 1203 774 ’

299 873 372 935 ltem
394 875 425 933 iu
448 873 502 933 bae
522 891 613 951 supra
633 875 741 952 scripta
765 873 858 935 lurma
881 875 1049 953 quaeritur,
1080 892 1137 954 qua
1158 874 1195 934 de
1216 892 1303 936 causa
1331 873 1381 934 bic
1403 872 1498 935 ebrius

189 985 245 1041 set
266 993 325 1036 unu
350 975 398 1035 bic
421 973 492 1036 eber
521 975 645 1036 dicatur.
690 975 744 1037 bac
776 976 812 1036 de
843 993 945 1044 causa,
978 976 1117 1054 vpuuuiarn
1145 993 1351 1056 quaecumque
1385 963 1498 1036 nemim

214 1078 341 1141 ablativo
364 1095 433 1138 casu
455 1068 571 1137 numeri
592 1077 747 1155 singularis
773 1078 802 1137 iu
824 1075 927 1138 litteris
949 1076 1144 1148 deliniuntur,
1168 1077 1241 1138 baec
1264 1092 1427 1158 numquam
1449 1094 1499 1138 uu·

216 1181 354 1242 minativu
374 1195 444 1239 casu
466 1179 581 1240 numeri
605 1178 762 1257 singularis
784 1197 816 1240 er
831 1177 937 1238 litteris
955 1177 1182 1240 concluduntur.
1214 1198 1294 1239 nunc
1312 1197 1380 1240 cum
1403 1185 1433 1240 et
1447 1178 1502 1239 buc

216 1299 323 1343 numen
346 1279 383 1342 ab
405 1279 463 1341 hoc
484 1279 568 1342 ebrio
596 1281 693 1342 lacere
716 1279 917 1358 intellegatur,
953 1282 1053 1362 utique
1074 1282 1132 1342 iam
1155 1282 1204 1342 bic
1226 1280 1342 1350 ebrius,
1373 1298 1432 1341 uun
1456 1280 1502 1341 bic

218 1385 289 1447 eber
309 1383 406 1444 iacere
428 1383 644 1461 pronuntiatur.

181 1509 205 1551 ro
303 1485 387 1548 Nunc
421 1486 451 1544 iu
480 1484 535 1544 bac
562 1486 783 1563 suprascripta
816 1484 910 1546 iurrna
944 1486 1062 1564 generis
1089 1484 1258 1555 masculini,
1291 1503 1351 1565 qua
1380 1485 1504 1546 diximus

218 1588 342 1650 ablativo
363 1605 433 1647 casu
461 1587 578 1648 numeri
604 1585 762 1664 singularis
788 1588 906 1648 nomina
927 1608 945 1648 ο
965 1588 1062 1649 littera
1089 1589 1244 1649 terminari
1270 1595 1299 1648 ct
1326 1588 1503 1647 nominative

218 1709 288 1752 casu
310 1690 426 1751 numeri
447 1687 604 1766 singularis
625 1707 660 1749 us
680 1686 790 1768 syllaba
813 1697 880 1767 pust
901 1691 910 1749 i
931 1689 1060 1750 litteram
1084 1690 1216 1758 deliniri,
1232 1685 1245 1772 ΙΙ
1260 1688 1319 1750 buc
1339 1706 1504 1758 monemus,

218 1793 297 1873 quud
322 1812 356 1854 ex
381 1811 414 1853 ea
442 1809 530 1872 quam
557 1788 674 1869 plurimi
703 1791 783 1860 soni,
810 1791 867 1852 boc
889 1799 933 1853 est
958 1810 1046 1872 quarn
1075 1791 1203 1871 plurima
1229 1792 1366 1861 nomina,
1397 1792 1506 1870 possint

218 1894 359 1957 exbiberi.
375 1888 380 1894 ’
394 1895 430 1955 de
448 1895 542 1955 lurvna
564 1895 682 1971 generis
701 1891 862 1963 masculini,
886 1911 943 1973 qua
965 1892 1089 1954 ablativo
1116 1913 1186 1956 casu
1208 1895 1326 1955 numeri
1346 1891 1505 1970 singularis

181 2018 205 2058 ra
219 1998 337 2059 numina
360 2018 378 2057 c
398 1996 494 2059 littera
518 1997 713 2057 terminantur
735 2006 762 2054 et
785 1997 961 2056 nominative
984 2015 1052 2056 casu
1077 1998 1194 2057 numeri
1214 1994 1374 2074 singularis
1394 2011 1431 2056 us
1450 1993 1505 2074 syl·

217 2099 284 2163 laba
306 2108 372 2180 pust
394 2102 403 2160 i
425 2100 551 2159 litteram
574 2098 763 2166 deliniuntur,
787 2104 927 2175 quantum
949 2100 1024 2157 ratic
1048 2097 1196 2175 poscebat,
1219 2099 1419 2159 tractavimus.

257 2277 259 2282 ,
304 2202 430 2264 mous.
476 2218 680 2280 quaecumque
702 2200 822 2260 uomina
842 2201 959 2277 generis
980 2201 1132 2261 masculini
1154 2199 1279 2262 ablativo
1303 2218 1373 2261 casu
1394 2201 1507 2261 numeri

219 2305 376 2384 singularis
399 2322 416 2362 ο
439 2301 534 2363 littera
558 2303 753 2362 terminantur
784 2308 813 2363 ct
832 2303 1010 2362 nominative
1034 2320 1103 2364 casu
1132 2304 1249 2363 numeri
1269 2300 1428 2380 singularis
1455 2319 1506 2362 ons

220 2406 325 2467 litteris
347 2405 535 2473 definiuntur,
556 2410 590 2473 ut
612 2411 680 2481 puta
704 2403 740 2465 ab
756 2402 813 2465 boc
835 2404 906 2466 lnuo
925 2404 973 2465 bic
991 2405 1090 2474 lucus,
1110 2405 1183 2464 lvaec
1203 2404 1239 2465 ad
1261 2404 1319 2465 buc
1340 2401 1507 2483 exemplum

182 2527 208 2567 ac
221 2507 420 2570 declinantur:
442 2506 557 2567 numeri
579 2505 735 2583 singularis
756 2506 806 2567 bic
823 2506 912 2568 lucus
931 2506 1019 2567 buius
1034 2506 1098 2567 luni
1121 2506 1189 2566 lnvic
1209 2506 1282 2566 luou
1305 2505 1385 2566 bunc
1406 2505 1507 2566 lucum

220 2629 237 2671 ο
258 2609 329 2670 lnoe
352 2609 388 2671 ab
412 2609 468 2670 boc
489 2608 570 2676 lucu,
592 2610 707 2668 numeri
728 2607 849 2687 pluralis
871 2607 901 2668 bi
921 2607 985 2668 luci
1003 2607 1112 2669 lmrum
1133 2609 1273 2670 lnourum
1292 2608 1339 2668 his
1355 2608 1436 2669 lucis
1455 2605 1508 2667 bus

220 2713 308 2773 lucus
341 2709 445 2771 ulnui
479 2709 515 2772 ab
540 2711 585 2770 lvis
606 2710 694 2771 lucis.
738 2713 828 2772 sicet
850 2709 905 2772 alia
939 2712 1056 2790 generis
1077 2708 1232 2772 masculini
1264 2710 1402 2778 nomina,
1434 2728 1508 2789 quae

220 2814 346 2877 ablativo
375 2832 444 2874 casu
468 2813 584 2873 numeri
606 2811 762 2890 singularis
786 2833 804 2873 ο
831 2812 928 2874 littera
954 2814 1150 2874 terminantur
1176 2818 1206 2872 et
1233 2812 1413 2873 nominativo
1439 2828 1507 2871 casu

220 2917 336 2978 numeri
362 2912 521 2994 singularis
540 2932 594 2975 uus
621 2913 726 2976 litteris
753 2915 946 2983 deliniuntur,
980 2913 1016 2975 ad
1049 2912 1214 2992 exemplum
1235 2912 1299 2973 lnoi
1325 2930 1380 2991 per
1406 2930 1510 2974 omnes

183 3037 208 3078 aa
223 3037 307 3081 casus
335 3016 528 3081 declinantur.
573 3017 706 3077 nuncin
735 3016 790 3078 bac
816 3034 905 3095 supra
934 3018 1044 3094 scripta
1070 3016 1163 3076 lorma
1192 3017 1358 3096 quaeritur,
1387 3033 1446 3096 qua
1473 3013 1511 3074 de

222 3140 309 3183 causa
338 3121 452 3182 dativus
480 3125 509 3178 ct
536 3117 679 3179 ablativus
702 3136 787 3179 casus
813 3120 929 3179 numeri
957 3117 1112 3197 singularis
1141 3136 1280 3192 necnon
1305 3119 1461 3194 genetivus
1482 3124 1512 3178 et

222 3225 403 3286 accusativus
425 3224 510 3281 casus
532 3222 648 3282 numeri
669 3208 793 3299 pluralis
813 3223 844 3281 in
867 3219 966 3282 ultima
990 3220 1032 3281 vel
1057 3218 1215 3299 proultlma
1234 3217 1345 3298 syllaba
1364 3236 1420 3297 per
1439 3219 1512 3280 duas

221 3346 239 3388 u
262 3325 372 3387 litteras
392 3323 568 3385 scribantur.
606 3323 662 3385 bac
683 3323 723 3385 de
742 3342 837 3392 causa,
861 3325 998 3404 queniam
1020 3336 1225 3403 quaecumque
1248 3322 1367 3381 uomina
1386 3319 1512 3399 ablativo

222 3447 291 3489 casu
321 3428 437 3488 numeri
465 3425 623 3504 singularis
646 3445 663 3485 ο
685 3424 781 3487 littera
810 3428 1004 3486 terminantur
1031 3434 1061 3485 et
1088 3425 1266 3487 nominativo
1294 3442 1365 3484 casu
1397 3423 1514 3485 numeri

183 3548 209 3588 m
222 3530 378 3609 singularis
401 3548 455 3589 uus
477 3528 581 3591 litteris
604 3515 797 3599 definiuntur,
821 3529 894 3590 baec
916 3533 1038 3604 exceptu
1065 3528 1208 3603 genetivo„
1221 3544 1292 3587 casu
1305 3527 1434 3617 ⁸numeri
1456 3527 1512 3586 sci-

221 3630 291 3692 licet
318 3629 441 3710 pluralis
467 3648 521 3708 per
546 3639 662 3691 reterns
689 3647 775 3691 casus
802 3633 865 3708 pari
896 3637 1020 3690 numeru
1049 3628 1227 3709 syllabarum
1261 3627 1451 3696 scribuntur;
1485 3635 1515 3688 et

173 3740 177 3749 ’
221 3732 288 3793 ideu
318 3732 393 3793 baec
419 3734 537 3792 uomina
567 3733 596 3790 iu
624 3749 716 3810 supra
742 3731 827 3791 dictis
854 3730 971 3792 casibus
998 3748 1051 3809 per
1077 3731 1151 3791 duas
1170 3713 1211 3812 lu
1239 3729 1353 3791 litteras
1381 3746 1513 3808 pronun·

223 3835 343 3895 tiautur.
654 3841 657 3850 '

307 3935 381 3996 ltem
403 3935 433 3994 in
457 3933 512 3994 lrac
531 3935 625 3996 turma
648 3934 874 4012 suprascripta,
900 3954 956 4014 qua
979 3935 1134 3995 ‹lucnimus
1149 3932 1282 3995 ‘ablativo
1303 3951 1376 3994 casu
1397 3935 1512 3994 numeri

184 4053 209 4093 ss
222 4035 379 4115 singularis
400 4037 520 4098 numina
541 4054 594 4114 per
616 4036 688 4096 duas
711 4054 728 4096 ο
752 4035 863 4096 litteras
885 4034 1034 4105 declinari,
1058 4038 1210 4116 quaeritur
1230 4035 1266 4097 ab
1282 4055 1319 4097 cu
1339 4037 1421 4117 quud
1444 4037 1512 4098 dixit

226 4137 368 4217 Vergilius
1260 4132 1266 4173 ¹

375 4242 493 4319 prime
514 4239 696 4317 surgebat
716 4239 792 4300 Eoo
1498 4304 1502 4311 ,

224 4361 262 4405 au
281 4344 325 4404 sic
347 4345 390 4404 uti
415 4343 503 4405 lucus
523 4361 577 4421 per
596 4360 699 4403 ornnes
721 4360 805 4404 casus
831 4341 937 4403 debeat
958 4340 1108 4404 declinari.
1154 4362 1246 4424 quare
1268 4343 1327 4402 bne
1348 4360 1509 4406 menemus

224 4446 303 4527 quud
336 4463 542 4525 quaecumque
573 4445 692 4506 numina
726 4445 851 4506 ablativo
880 4463 950 4506 casu
983 4446 1098 4507 numeri
1127 4445 1283 4524 singularis
1318 4463 1374 4524 per
1402 4444 1510 4507 duas«

294 4649 367 4701 luel
386 4650 509 4701 isBurl
527 4650 586 4700 iili
655 4649 1075 4701 eduoivtuosiltuuosn
1145 4650 1272 4699 Suomen
1290 4649 1322 4699 ab
1338 4648 1387 4699 hoc
1405 4651 1510 4702 ebricl

224 4735 315 4771 numen
334 4735 385 4769 non
403 4724 435 4772 rb
453 4720 502 4770 buc
520 4721 581 4770 ebro
595 4720 621 4771 B
649 4735 740 4785 nomeu
759 4736 809 4772 non
834 4720 866 4770 ab
885 4720 1008 4770 herebro
1032 4719 1078 4769 sed
1096 4719 1128 4769 ab
1147 4719 1196 4770 huc
1219 4720 1288 4770 ebrio
1305 4722 1412 4771 coniecit
1435 4723 1507 4773 edito

228 4790 429 4844 Viudcdoueurr'r
498 4793 530 4841 27
550 4792 574 4839 in
593 4791 707 4842 ultimam
725 4792 766 4841 uel
784 4788 921 4856 proulvima
940 4790 1074 4855 syllabaB
1093 4791 1118 4839 iu
1139 4792 1227 4842 ultima
1246 4789 1285 4841 uel
1305 4806 1388 4857 prope
1404 4790 1509 4843 nltimnr

224 4861 349 4928 syllabam
369 4861 392 4911 R
462 4861 496 4912 36
514 4859 658 4929 Vergilius]
679 4861 745 4913 Aen.
764 4862 798 4911 lll
817 4859 869 4911 508
