3314 5506
320 1173 477 1250 Additio
504 1174 700 1251 Theodori
726 1175 951 1250 Mommseni
979 1175 1029 1251 ad
1055 1205 1091 1278 p.
1120 1182 1334 1254 277—281.

263 1573 400 1630 Parisinae
421 1573 601 1631 bibliothecae
622 1582 653 1630 ut
672 1573 757 1631 iibros
777 1576 955 1633 examinarem
977 1592 1038 1631 cum
1061 1575 1126 1632 nriiri
1147 1578 1225 1650 copia
1246 1576 1324 1632 fieret
1344 1584 1408 1651 post
1422 1577 1470 1633 im·

179 1675 303 1733 pressum
325 1661 561 1721 commentarium,
582 1666 691 1733 practer
711 1661 817 1718 inutilia
837 1660 903 1723 aiia,
925 1668 955 1717 ut
975 1661 1034 1716 Lat.
1048 1664 1115 1715 11117
1135 1660 1220 1717 chart.
1237 1679 1307 1718 saec.
1324 1660 1367 1716 XV
1383 1677 1470 1718 exem·

179 1743 254 1819 pium
268 1743 348 1801 Probi
364 1747 475 1819 genuini
491 1738 533 1818 (i)
550 1744 722 1801 deterrimum
738 1753 766 1801 et
780 1746 839 1801 Lat.
856 1749 923 1799 1750
938 1745 955 1801 1.
970 1747 1090 1800 oo-oo
1105 1747 1258 1821 exemplum
1274 1754 1399 1803 notarum
1415 1763 1469 1804 non

179 1829 328 1902 iiagnonis,
344 1838 374 1886 ut
389 1832 426 1885 uit
441 1830 597 1903 catalogus,
613 1829 661 1885 sed
675 1830 861 1886 vaticanorum
876 1827 939 1905 (Vi),
954 1832 981 1886 in
996 1831 1091 1887 eodem
1106 1831 1176 1888 libro
1192 1848 1217 1887 n.
1236 1835 1348 1888 115011
1363 1831 1471 1889 schedis

180 1915 259 1970 variis
279 1923 396 1972 consuto
418 1914 438 1970 i.
455 1918 511 1971 14³.
529 1918 577 1967 144
598 1916 706 1988 repperi
722 1916 782 1971 eius
796 1923 922 1972 notarum
937 1915 1076 1979 laterculi,
1093 1933 1173 1990 quem
1188 1917 1249 1974 ioco
1264 1915 1384 1973 secundo
1400 1916 1471 1973 edidi

182 2000 231 2056 sub
251 2001 430 2074 inscriptione
456 2007 582 2056 notarum
596 2000 831 2074 Lugdunensium,
848 2001 999 2075 exemplum
1020 2001 1134 2057 aiterum
1159 2003 1292 2076 scriptum
1318 2001 1427 2059 saeculo
1448 2001 1470 2056 ii

179 2084 355 2159 Lugdunensi
370 2094 401 2141 ut
422 2101 503 2159 saepe
526 2084 659 2147 deterius.
681 2087 720 2142 ita
739 2103 795 2142 non
809 2087 902 2160 paucis
918 2086 986 2142 locis
1002 2087 1027 2143 ei
1042 2086 1257 2161 praeterendum.
1287 2087 1391 2143 Passim
1407 2102 1470 2143 vero

180 2171 260 2225 ctiam
276 2171 303 2225 in
319 2171 497 2244 apertissimis
510 2169 613 2226 mendis
627 2178 743 2245 uterquc
758 2170 827 2228 iiber
841 2171 987 2233 consentit.
1004 2179 1034 2228 ut
1049 2173 1095 2228 iiii
1110 2174 1137 2227 in
1152 2173 1250 2228 nantia
1263 2188 1314 2247 pro
1325 2173 1470 2233 1111111111,

180 2255 246 2309 Plu
266 2257 293 2310 in
315 2257 445 2311 tutelares
470 2273 521 2330 pro
548 2255 731 2318 tutelaris‚·S
750 2259 767 2311 8
787 2258 813 2312 in
835 2256 1061 2331 interpretatione
1082 2258 1191 2313 omissa.
1221 2255 1382 2315 inscribitur
1400 2255 1470 2313 iiber

178 2340 317 2397 Parisinus
332 2342 472 2412 incipiunt
485 2339 540 2398 noi
552 2341 688 2396 iuridicis.
712 2340 817 2397 Variam
832 2341 976 2398 lectionem
993 2342 1096 2399 subieci
1119 2359 1185 2399 usus
1200 2343 1320 2398 numeris
1342 2349 1469 2398 notarum

179 2423 306 2480 editionis
321 2433 440 2489 nostrae,
456 2426 541 2500 proba
555 2426 728 2499 distinguens
743 2427 884 2483 asterisco.
913 2427 942 2482 in
964 2429 1119 2483 universum
1140 2436 1230 2484 autern
1247 2444 1316 2502 quae
1337 2426 1370 2484 de
1388 2426 1470 2483 huius

178 2509 300 2566 iatercuii
317 2511 477 2569 condicione
492 2519 521 2569 ct
535 2519 623 2568 aetate
638 2512 785 2585 proposui.
801 2511 876 2568 hisce
890 2512 1124 2569 emendationibus
1140 2529 1195 2570 non
1211 2520 1351 2569 mutantur

277 2855 354 2908 inter
376 2850 399 2910 A
423 2856 446 2909 1.
470 2858 486 2907 ’1
508 2854 590 2910 add:
614 2831 661 2904 *Ᾰ
789 2856 840 2908 aut

439 2968 461 3028 Α
484 2976 500 3026 3
612 2950 707 3024 *nest
787 2973 885 3026 autern

439 3086 461 3146 ii
487 3093 498 3142 1
635 3069 695 3163 offe
786 3083 864 3145 bene
886 3081 954 3144 iidei

483 3212 500 3262 8
613 3188 680 3261 *ἵε
786 3202 934 3264 bonorum
957 3211 1052 3264 emtor

443 3323 466 3383 D
488 3330 505 3381 3
638 3305 693 3378 δῑῖ
788 3320 939 3382 dumtaxat

482 3449 499 3499 9
632 3429 713 3498 odio
787 3438 941 3501 domomns
964 3439 1023 3520 (sic)
1046 3458 1155 3503 munus
1176 3459 1266 3521 opera

465 3567 497 3618 10
609 3543 752 3640 *deyffs
786 3557 943 3621 defunctus

388 3662 496 3723 Elii
630 3681 685 3723 om.

481 3791 497 3839 7
632 3788 686 3839 em
784 3781 862 3841 enirn

467 3908 499 3959 ra
632 3884 706 3958 εδδ·
785 3897 892 3960 edictio

466 4026 496 4077 15
609 4003 761 4079 *exe‘om
784 4018 919 4098 exceptio
942 4016 1001 4078 doli
1024 4015 1093 4080 maii

437 4137 499 4198 Fe
611 4125 699 4217 *ibe
784 4135 911 4198 familiae
932 4136 1145 4199 herciscundae

483 4265 499 4315 1
630 4242 667 4335 ᾗ
783 4255 873 4318 inerit

481 4387 499 4439 t
629 4360 668 4454 fi
787 4373 900 4436 sniiicia

480 4502 496 4550 5
629 4477 668 4572 ᾗ
787 4492 1021 4556 fideiconmissus

488 4603 505 4654 6

480 4721 497 4771 8

481 4840 497 4891 3

637 4617 690 4655 (im.
793 4628 798 4643 ⁸

629 4697 666 4792 fe
785 4711 892 4776 iidncia

630 4841 657 4903 t)
786 4834 869 4912 gaius

433 4834 456 4894 G
