3314 5506
222 287 263 394 oo
678 327 682 334 ·
811 328 923 391 enom

223 447 348 597 syllbliai}
363 446 511 594 ἴοὲίρίυηῑ
532 525 561 576 et
577 514 786 593 superlativum
801 510 810 594 i
827 513 950 592 graelum
969 514 1087 590 generis
1102 513 1198 575 neutri
1212 441 1380 588 osteum
1393 443 1431 575 iit
1442 521 1510 593 puta

222 617 271 678 hio
293 619 413 679 ethaeo
436 636 505 678 acer
528 617 583 678 boo
606 617 782 693 acerrimum
807 616 905 676 lacere
928 613 1043 675 debeat.

307 720 391 782 Nunc
412 720 441 779 in
456 718 512 778 hac
529 718 633 786 forma,
656 735 715 797 qua
730 716 857 777 diximus
879 716 996 794 generis
1011 708 1178 777 communis
1199 717 1319 779 uomina
1340 717 1370 777 in
1390 717 1511 794 posiliro

223 820 315 898 gradu
337 821 516 881 nominativo
537 837 607 880 casu
625 819 741 880 numeri
759 816 915 897 singularis
933 834 966 877 er
987 815 1095 877 litteris
1115 816 1239 885 deliniri,
1262 818 1430 897 quaeritur,
1455 836 1512 899 (pu

197 921 261 986 ade
281 917 369 983 causa
389 921 438 994 bio
460 919 503 981 vel
526 920 600 981 haee
618 938 687 981 acer
712 925 741 980 et
763 937 822 979 non
844 920 921 980 acris
942 917 1066 981 dicatur.
1110 918 1166 980 bae
1185 918 1222 980 (le
1244 937 1352 999 eatrsa,¹
1373 920 1511 1000 quoniam

197 1054 201 1061 ·
223 1026 434 1102 cuiuscumque
450 1023 568 1100 generis
590 1023 710 1082 nomina
729 1019 922 1100 superlativos
936 1018 1046 1096 gradus
1063 1039 1099 1081 ex
1115 1019 1261 1081 sefacere
1278 1028 1411 1098 possunt,
1431 1019 1511 1091 bueo.

221 1128 250 1186 si
265 1127 295 1185 in
316 1123 420 1186 eodem
438 1121 616 1202 superlativo
638 1121 733 1200 gradu
752 1123 781 1182 iu
803 1119 935 1202 quolibet
956 1140 1025 1211 casu
1049 1129 1116 1182 ante
1132 1120 1263 1183 ultimam
1284 1122 1433 1195 sireante
1448 1119 1511 1183 tulti-

223 1244 285 1287 mas
307 1224 478 1304 syllabasri
499 1222 641 1304 syllabam
661 1224 770 1285 babent
792 1223 978 1284 constitutam
1000 1230 1030 1283 et
1046 1229 1171 1301 possunt
1188 1239 1272 1283 exse
1293 1222 1413 1301 generis
1432 1241 1512 1285 eom·

223 1328 319 1387 munis
339 1327 459 1405 positivo
480 1323 485 1408 Ι
503 1325 597 1401 gradu
617 1325 716 1386 facere
734 1326 863 1392 nomina,
887 1324 1010 1386 eandem
1025 1326 1051 1383 ri
1071 1322 1210 1403 syllabam
1233 1342 1300 1384 cum
1320 1323 1512 1403 sequentibus

185 1453 209 1494 n
222 1427 329 1489 litteris
343 1428 481 1487 omittunt
503 1433 532 1487 et
548 1427 755 1488 nominativum
778 1444 878 1486 casum
900 1426 1015 1485 numeri
1036 1423 1193 1505 singularis
1214 1427 1333 1502 generis
1348 1428 1512 1487 eommunis

221 1529 335 1609 positivi
352 1528 469 1604 gradus,
492 1526 600 1607 quibus
615 1525 720 1588 litteris
738 1526 903 1597 definiatur,
925 1526 1092 1587 ostendunt.
1123 1544 1201 1587 nuno
1223 1544 1291 1586 oum
1314 1526 1393 1588 ‹lioat
1411 1526 1512 1605 Vergi-

221 1629 278 1692 lius
298 1631 522 1691 ‘acerrimus
545 1630 662 1698 liax'‚
689 1629 788 1708 utique
808 1629 864 1688 iam
886 1627 933 1688 bio
956 1625 999 1687 vel
1023 1627 1097 1688 baec
1120 1645 1206 1699 acer,
1232 1646 1291 1688 uon
1314 1630 1392 1690 aeris
1415 1628 1512 1693 lacere

222 1731 441 1793 demonstrarit.
488 1733 557 1792 item
585 1732 613 1790 iu
637 1729 692 1790 bac
718 1747 808 1809 supra
835 1729 905 1790 dieti
932 1731 1049 1806 generis
1077 1729 1173 1791 lorma
1200 1731 1368 1810 quaeritur,
1395 1750 1455 1811 qua
1478 1732 1513 1793 de

222 1851 309 1895 causa
331 1851 400 1894 aoer
421 1833 586 1893 eommunis
608 1832 725 1909 generis
745 1848 809 1891 esse
827 1830 950 1892 dicatur.
994 1830 1051 1890 luae
1073 1829 1109 1890 de
1131 1848 1236 1900 eausa,
1262 1833 1401 1910 quoniam
1424 1851 1512 1912 quae·

183 1952 350 2013 meumque
371 1932 510 1995 voeabula
542 1932 701 1994 masculina
728 1934 756 2011 in
782 1934 917 2008 genetivo
940 1950 1009 1992 casu
1036 1933 1150 1991 numeri
1175 1930 1333 2010 singularis
1355 1934 1381 1995 is
1409 1933 1512 1996 litteris

222 2037 401 2112 deliniuntur
419 2043 448 2096 et
466 2054 500 2096 ex
516 2054 570 2097 sua
590 2037 687 2112 specie
709 2031 849 2094 vocabula
871 2033 1010 2093 feminina
1031 2032 1128 2093 lacere
1147 2042 1278 2112 possunt
1303 2034 1377 2096 baec
1395 2037 1512 2113 generis

221 2157 286 2199 esse
308 2139 472 2198 eommunis
494 2138 730 2215 pronuntiantur.
762 2153 841 2194 nunc
857 2153 923 2195 cum
943 2134 1019 2194 dicat
1035 2133 1178 2212 Vergilius
1196 2136 1313 2195 ‘aeris
1329 2135 1510 2207 Orontis’,

221 2241 321 2318 ulique
356 2241 414 2299 iam
445 2256 544 2299 aerem
576 2237 693 2314 generis
726 2237 889 2296 eommunis
918 2252 982 2295 esse
1010 2235 1227 2300 ‹leumustrarit
1270 2235 1395 2299 itemein
1424 2256 1512 2321 supra

222 2340 298 2401 dicta
320 2339 415 2399 forma
436 2339 596 2417 quaeritur,
619 2338 644 2395 si
661 2337 733 2397 baec
749 2336 851 2398 eadem
873 2337 1056 2415 supradicta
1076 2338 1240 2399 communis
1260 2339 1379 2416 generis
1394 2340 1512 2401 nomina

117 2424 120 2431 ¹
183 2464 209 2507 oo
222 2461 256 2501 ex
280 2458 332 2501 sua
355 2441 453 2519 specie
475 2441 503 2499 in
524 2456 633 2516 genera
655 2446 757 2499 neutra
782 2445 946 2508 transeant,
976 2438 1005 2496 in
1027 2438 1131 2499 eodem
1152 2457 1262 2515 genere
1282 2447 1389 2501 neutro
1408 2442 1438 2505 in
1459 2459 1511 2521 po·

176 2549 181 2558 '
221 2544 306 2603 sitien
328 2540 422 2618 gradu
442 2541 618 2600 nominativo
642 2558 711 2601 casu
737 2540 853 2600 numeri
875 2538 1030 2617 singularis
1058 2557 1116 2616 qua
1136 2538 1233 2602 littera
1259 2539 1389 2605 debeant
1412 2544 1511 2604 termi-

222 2645 295 2704 nari.
342 2645 443 2722 utique
466 2661 496 2710 e,
526 2640 636 2702 scilieet
664 2643 802 2722 quoniam
831 2660 1033 2720 quaecumque
1060 2643 1179 2702 nomina
1208 2644 1326 2721 generis
1348 2645 1511 2706 eommunis

222 2746 251 2806 in
275 2744 396 2822 positivo
418 2742 512 2820 groslu
535 2744 711 2803 nominativo
733 2761 802 2803 casu
826 2745 940 2804 numeri
961 2742 1118 2821 singularis
1140 2762 1173 2803 er
1195 2741 1301 2804 litteris
1321 2744 1510 2816 debiriuutur.

221 2847 245 2907 si
267 2865 300 2906 ex
321 2863 373 2906 sua
396 2846 494 2922 specie
515 2844 543 2903 in
564 2861 671 2921 genera
694 2855 796 2905 neutra
819 2852 981 2914 transeunt,
1005 2845 1077 2905 haee
1100 2845 1202 2905 eallern
1223 2861 1333 2922 gerrem
1357 2853 1462 2908 neutra
1483 2848 1511 2909 in

183 2968 209 3009 as
222 2947 345 3025 positivo
368 2945 461 3024 gradu
480 2947 660 3005 nominativo
682 2964 751 3006 essu
775 2947 890 3007 numeri
909 2945 1065 3024 singularis
1087 2966 1103 3007 e
1126 2944 1220 3007 littera
1245 2949 1452 3011 terminantur.
1484 2959 1511 3010 at

221 3068 291 3109 vero
312 3047 434 3126 pluralia
458 3048 483 3106 ia
504 3046 609 3108 littoris
634 3048 827 3117 deliniuntur,
857 3055 890 3108 ut
911 3057 980 3126 puta
1004 3047 1050 3107 bio
1075 3057 1104 3107 et
1124 3046 1198 3108 baec
1218 3065 1287 3108 acer
1315 3047 1372 3110 hoo
1394 3069 1464 3113 aere
1484 3058 1512 3112 ot

222 3150 295 3212 baec
317 3150 397 3210 acria
418 3150 517 3210 lacere
543 3148 658 3210 debeat
703 3151 771 3210 item
793 3151 822 3210 in
846 3150 900 3209 bae
922 3149 1102 3227 supradicti
1125 3152 1242 3227 generis
1271 3148 1366 3219 forma
1395 3153 1511 3229 quaeri·

221 3260 278 3320 tur,
302 3271 361 3332 qua
383 3251 420 3311 de
443 3269 530 3311 eausa
549 3269 617 3313 acer
639 3253 774 3328 genetivo
795 3269 863 3313 casu
887 3251 1002 3311 numeri
1023 3249 1179 3328 singularis
1201 3269 1216 3310 a
1239 3252 1420 3314 nominativo
1442 3271 1512 3315 oasu

220 3353 378 3434 singularis
407 3353 523 3412 numeri
551 3370 605 3431 per
631 3352 771 3433 syllabam
800 3370 858 3413 non
888 3360 1002 3413 creseat
1028 3360 1057 3414 et
1084 3371 1197 3432 pauper
1227 3355 1255 3413 in
1277 3355 1414 3430 genetivo
1443 3373 1511 3417 nasu

181 3457 337 3521 innumeri
359 3452 372 3539 ΙΙ
395 3453 551 3533 singularis
584 3473 600 3515 a
633 3456 810 3515 nominativo
846 3473 915 3517 casu
949 3456 1063 3515 numeri
1097 3453 1254 3532 singularis
1285 3472 1339 3532 per
1369 3454 1511 3535 syllabam

219 3566 343 3621 creseat,
386 3556 444 3616 hao
466 3556 502 3616 (le
525 3573 626 3623 eausa,
655 3559 792 3634 quoniam
813 3558 1024 3635 cuiuscumque
1046 3558 1165 3635 generis
1187 3557 1304 3617 nomina
1331 3557 1511 3643 nominativo

220 3679 289 3721 casu
312 3660 428 3719 numeri
451 3656 606 3734 singularis
628 3675 661 3716 er
682 3657 786 3719 litteris
811 3657 1003 3727 deliniuntur,
1025 3657 1113 3726 haec,
1140 3664 1262 3735 excepto
1287 3660 1417 3719 vocativo
1441 3677 1510 3721 casu

220 3761 337 3821 numeri
358 3758 524 3834 singularis,
548 3760 640 3836 siper
661 3766 776 3819 eeteros
796 3777 882 3822 casus
903 3761 933 3818 in
949 3759 1049 3819 ultima
1073 3757 1114 3821 rel
1129 3766 1196 3820 ante
1216 3758 1346 3820 ultimam
1368 3759 1509 3841 syllabam

219 3880 274 3940 per
295 3861 457 3939 geminatas
479 3866 675 3920 consonantes
696 3858 873 3943 scribuntur,
897 3877 1057 3939 numquam
1079 3880 1094 3920 a
1112 3862 1290 3922 nominativo
1306 3879 1376 3923 casu
1394 3865 1509 3926 numeri

182 3961 378 4040 assingularis
407 3961 435 4020 in
466 3968 582 4021 eeteros
609 3977 709 4033 casus,
739 3967 863 4038 excepto
891 3963 1025 4037 gorretbo
1051 3979 1121 4023 casu
1148 3963 1264 4024 numeri
1292 3962 1428 4040 pluralis.
1458 3983 1508 4044 per

219 4062 358 4143 syllabam
378 4069 525 4130 creseunt,
546 4069 576 4121 ut
599 4068 668 4138 puta
691 4079 759 4121 acer
781 4063 857 4120 aeris
877 4069 903 4123 et
928 4070 1024 4123 cetera
1048 4063 1125 4134 talia,
1157 4071 1187 4123 at
1205 4082 1275 4124 vero
1297 4066 1508 4146 cuiuscumque

220 4166 337 4244 genueris
367 4165 486 4224 nomina
515 4162 692 4222 nominativo
720 4181 789 4223 casu
820 4165 936 4225 inumeri
966 4163 1122 4241 singularis
1143 4183 1176 4224 er
1202 4163 1305 4226 litteris
1332 4166 1507 4231 deliniuntur

220 4275 250 4327 et
269 4285 324 4346 per
346 4273 461 4327 eeteros
487 4282 572 4326 casus
601 4267 630 4324 in
654 4263 754 4325 ultima
784 4265 826 4325 vel
850 4274 917 4327 ante
940 4266 1069 4327 ultimam
1098 4264 1237 4344 syllabam
1267 4285 1320 4344 per
1344 4268 1507 4349 singulares

220 4376 415 4429 eorrsonantes
435 4366 614 4437 scribuntur,
634 4367 709 4428 baec
731 4386 746 4429 a
770 4369 949 4428 nominativo
966 4387 1034 4431 nasu
1058 4372 1173 4429 numeri
1196 4369 1362 4448 singularis.
1387 4381 1506 4450 excepte

182 4490 207 4529 ro
221 4473 350 4531 vocativo
377 4488 446 4530 casu
475 4471 590 4530 rrrrmeri
612 4460 781 4547 singularis,
810 4472 838 4529 in
865 4482 978 4530 ceteros
1006 4488 1091 4530 casus
1119 4488 1172 4549 per
1194 4469 1333 4549 syllabam
1362 4482 1502 4535 creseunt

290 4631 559 4703 7'siom.ll‚add,o
611 4637 896 4689 Shabentrbabetll
953 4639 980 4689 ll
1000 4638 1141 4706 Vergilius]
1155 4640 1220 4692 Aen.
1237 4639 1318 4692 11414
1372 4642 1402 4693 ll
1421 4644 1503 4709 Vergi

219 4707 282 4776 lius]
300 4710 365 4759 Aen.
387 4710 465 4761 1220
517 4711 551 4759 25
571 4711 736 4760 terminomur
755 4725 770 4757 r
787 4710 975 4761 terminaturll
1031 4710 1065 4762 26
1084 4710 1190 4775 pluralis
1207 4709 1245 4760 Ilo
1296 4711 1329 4760 27
1346 4711 1456 4763 debeant
1474 4712 1503 4764 ln

288 4778 322 4834 83
345 4781 369 4829 in
387 4781 506 4833 ulrimsr
531 4781 557 4829 in
576 4779 732 4830 ultimamli
802 4778 836 4830 38
858 4779 882 4827 iu
902 4779 988 4830 ultima
1007 4796 1022 4828 r
1044 4781 1070 4828 iu
1090 4780 1246 4832 ultimumll
1315 4781 1351 4832 40
1368 4795 1416 4847 per
1433 4783 1503 4847 sylla
