3314 5506
449 391 648 454 lNSTlTVTA
669 392 811 454 tuttvll
830 391 999 454 271-290
1328 391 1369 453 93

124 507 272 562 smus
1162 519 1186 560 p.
1195 506 1277 548 sesso
1291 505 1318 547 v.

70 581 192 657 generis
210 579 377 640 communis
396 580 515 639 nomina
542 580 718 640 nominativo
741 597 811 640 casu
832 581 949 640 numeri
969 578 1124 657 singularis
1145 579 1170 637 is
1191 578 1295 639 litteris
1317 577 1368 639 de·

68 682 164 751 liniri,
189 681 248 742 hoc
268 698 425 741 monemus
451 681 530 758 quod
553 700 640 760 quam
661 682 780 760 plurimi
801 682 879 749 soni,
903 680 969 740 -boc
991 688 1035 740 est
1056 678 1294 765 quamplurima
1316 696 1369 739 no·

68 785 162 849 mina.
182 783 299 860 possint
318 781 460 842 exbiberi.
1167 771 1173 779 “
1281 762 1284 770 ’

156 882 232 944 ltem
254 901 461 963 quaecumque
481 885 600 945 nomina
626 885 743 962 generis
765 883 876 945 scilicet
897 886 1063 945 communis
1092 882 1270 943 nominativo
1297 900 1367 943 casu

69 987 191 1048 numeri
214 983 372 1062 singularis
391 985 447 1046 bac
468 986 562 1045 iorma
585 985 779 1053 deliniuntur,
800 986 838 1046 'id
861 993 904 1046 est
926 985 1040 1045 doctior
1063 992 1091 1049 et
1115 991 1213 1045 cetera
1234 984 1317 1054 talia,
1339 992 1368 1045 et
1393 1010 1406 1048 s

70 1107 110 1148 ex
126 1107 183 1150 sua
202 1088 304 1167 specie
324 1087 355 1146 iu
379 1104 488 1166 genera
513 1095 619 1148 neutra
641 1073 824 1153 transeunts
837 1087 911 1148 baec
937 1089 966 1147 in
990 1087 1093 1147 eodem
1122 1104 1232 1165 genere
1261 1093 1368 1147 neutro
1457 1141 1463 1153 ,

70 1190 252 1250 nominativo
281 1206 352 1249 casu
376 1190 492 1250 numeri
519 1188 675 1267 singularis
700 1191 746 1248 ius
773 1188 878 1249 litteris
901 1189 1095 1257 deliniuntur,
1122 1197 1153 1248 ut
1175 1195 1245 1267 puta
1269 1186 1317 1248 bic
1340 1194 1369 1247 et
1433 1205 1441 1220 ·
1498 1206 1502 1213 ⁴

69 1291 148 1352 baec
170 1291 287 1351 doctior
306 1290 364 1350 boc
389 1290 517 1360 doctius,
541 1299 571 1351 et
591 1290 753 1352 secundum
774 1307 869 1367 genus
889 1298 1031 1351 neutrum
1050 1288 1244 1351 declinantur.
1289 1305 1368 1349 nunc

69 1411 111 1454 ex
128 1392 187 1454 buc
208 1392 320 1460 torma,
355 1410 413 1471 qua
442 1374 573 1453 diximus
598 1395 717 1469 generis
749 1394 914 1453 communis
946 1394 1066 1453 nomina
1095 1393 1274 1452 nominativo
1298 1408 1368 1450 casu
1421 1467 1428 1482 ἱ

68 1496 190 1555 numeri
208 1492 367 1570 singularis
395 1495 442 1554 ior
473 1494 579 1557 litteris
607 1494 737 1562 deliniri,
769 1492 827 1554 hoc
855 1512 1010 1555 monemus
1041 1494 1120 1573 quod
1150 1510 1239 1573 quam
1266 1491 1408 1570 pluresne

68 1594 226 1666 souiboc
245 1603 291 1657 est
312 1614 401 1675 quum
423 1595 550 1674 plurima
573 1598 701 1664 comma,
724 1598 839 1674 possint
860 1596 1004 1657 exbiberi.

157 1699 196 1759 At
224 1715 295 1758 vero
327 1716 530 1778 quaecumque
558 1699 677 1758 nomina
704 1700 822 1776 generis
846 1697 957 1759 scilicet
987 1693 1159 1778 comlmunis
1187 1698 1366 1758 nominativo

69 1818 143 1862 casu
162 1801 280 1861 numeri
299 1799 457 1878 singularis
478 1798 525 1859 his
546 1800 700 1862 duodecim
722 1801 825 1860 formis
844 1801 1031 1870 deliniuntur,
1053 1800 1083 1861 id
1107 1807 1151 1861 est
1172 1799 1281 1860 tibicen
1302 1816 1366 1860 me·

70 1921 138 1963 mor
161 1903 288 1980 optimas
309 1909 388 1962 vates
406 1901 545 1962 sacerdos
570 1902 675 1962 artilex
698 1902 755 1962 dux
779 1901 872 1962 Arabs
894 1901 1011 1964 caelebs
1033 1905 1170 1980 princeps
1190 1904 1276 1980 inops
1296 1918 1366 1961 con·

69 2006 142 2064 iunx
167 2011 197 2064 ct
217 2011 319 2064 cetera
345 2001 428 2071 talia,
454 2010 484 2064 et
505 2022 540 2064 ex
562 2021 615 2064 sua
643 2005 741 2081 specie
769 2005 799 2064 in
829 2022 938 2080 genera
961 2012 1067 2065 neutra
1092 2011 1262 2072 transeunt,
1292 2003 1365 2065 haec
1381 2023 1406 2064 xc

70 2124 132 2167 nou
149 2105 325 2193 ‚moundnm
342 2101 445 2188 goinus
464 2113 608 2179 neutrum
629 2113 698 2166 sunt
714 2104 896 2175 declinanda,
919 2107 972 2168 sed
992 2124 1047 2184 pro
1066 2105 1214 2166 locutione
1236 2122 1367 2183 pronun·

71 2208 181 2276 tianda,
198 2213 232 2268 ut
246 2213 319 2287 puta
333 2206 380 2267 bic
397 2216 426 2268 et
441 2207 515 2268 baec
528 2206 649 2275 tibicen,
664 2207 738 2268 ‘boc
754 2209 932 2287 mancipium
947 2208 1083 2279 tibicen',
1101 2210 1203 2286 utique
1218 2225 1277 2266 uon
1294 2206 1369 2268 ‘hoc

70 2310 183 2371 tibicen
204 2309 384 2387 mancipium
393 2310 414 2379 ',
436 2311 492 2370 sed
512 2311 584 2370 ‘boc
601 2313 783 2385 mancipium
801 2312 907 2370 tibicen
929 2315 990 2371 est’
1013 2311 1105 2388 accipi
1128 2308 1241 2372 debeat
1274 2311 1318 2369 sic
1340 2315 1369 2370 et

70 2410 126 2472 alia
149 2428 241 2490 supra
263 2401 357 2471 dictae
376 2411 497 2481 formae,
514 2413 549 2471 'si
570 2430 604 2472 ex
620 2429 671 2472 sus
694 2413 792 2490 specie
812 2413 843 2472 in
866 2430 976 2490 genera
999 2420 1102 2473 neutra
1126 2419 1284 2481 transeant,
1308 2420 1368 2472 tam

69 2530 201 2575 numero
226 2511 369 2590 singulari
396 2530 484 2591 quam
512 2512 633 2592 plurali,
664 2520 696 2574 ut
718 2514 859 2585 diximus,
889 2512 1113 2592 prolocutione
1141 2521 1210 2574 sunt
1235 2510 1367 2592 prouu'n·
1381 2531 1407 2573 ao
1469 2525 1472 2530 ·

69 2612 183 2683 tisnda,
207 2630 269 2673 uon
287 2614 450 2675 secundum
470 2632 564 2693 genus
582 2622 720 2676 neutrum
740 2615 922 2677 declinanda.
952 2633 1031 2678 nunc
1052 2636 1088 2677 ex
1104 2616 1160 2677 bac
1181 2617 1286 2685 ionma,
1311 2635 1369 2695 qua

69 2719 203 2779 diximus
230 2715 348 2795 generis
378 2719 542 2777 communis
569 2718 688 2777 nomina
717 2718 893 2778 nominativo
914 2736 984 2778 casu
1010 2719 1127 2779 numeni
1152 2717 1310 2796 singularis
1331 2735 1368 2778 en
1402 2783 1419 2815 ο

68 2819 180 2881 litteris
202 2817 328 2886 deliniri,
349 2816 406 2878 boc
424 2836 579 2879 monemus
601 2818 681 2897 quod
696 2817 763 2897 plus
781 2837 869 2898 quam
895 2821 1031 2882 undecim
1052 2820 1127 2890 soni,
1148 2820 1205 2880 boc
1221 2826 1266 2882 est
1281 2837 1369 2897 quam
1429 2885 1435 2896 ,

70 2921 216 2982 undecim
238 2920 372 2990 uomina,
395 2937 455 2981 non
477 2921 590 2999 possint
610 2904 753 2982 exbiberi.
798 2923 868 2982 item
892 2940 928 2983 ex
949 2921 1006 2982 huc
1024 2922 1137 2990 lox-ma,
1162 2939 1219 3000 qna
1243 2922 1370 2982 diximus

71 3041 167 3103 supra
186 3023 291 3100 scripti
323 3023 441 3098 generis
463 3022 581 3082 nomina
609 3024 787 3085 nominativo
810 3042 879 3085 casu
907 3026 1024 3085 numeri
1045 3023 1203 3100 singularis
1225 3041 1291 3084 mor
1312 3022 1369 3103 syl·
1382 3039 1409 3080 cs

72 3123 141 3185 laba
164 3123 295 3192 definiri,
318 3121 376 3206 boc
397 3141 553 3185 monemus
574 3124 653 3202 quod
677 3124 743 3204 plus
764 3143 853 3205 quam
876 3133 1016 3204 quattuor
1034 3128 1113 3196 soni,
1135 3125 1193 3186 boc
1215 3132 1260 3185 est
1281 3143 1369 3204 quem

74 3235 219 3305 quattuor
240 3226 368 3293 nomina,
392 3227 588 3305 nonpossint
613 3225 754 3288 exbiberi.
798 3229 868 3289 item
889 3247 924 3289 ex
949 3227 1004 3288 bac
1027 3228 1136 3297 iorma,
1164 3245 1221 3304 qua
1243 3228 1370 3288 diximus

74 3346 168 3407 supra
196 3327 268 3387 dicti
294 3328 412 3404 generis
439 3330 557 3389 nomina
581 3330 760 3389 nominativo
783 3347 852 3390 casu
880 3331 996 3390 numeri
1024 3327 1180 3407 singularis
1205 3346 1237 3388 as
1264 3325 1370 3389 litteris

76 3429 208 3500 deliniri,
232 3428 290 3490 boc
310 3446 466 3491 monemus
489 3429 568 3508 quod
591 3429 657 3508 plus
674 3449 762 3510 quam
779 3449 883 3492 nouem
906 3430 1062 3500 soni,·boc
1085 3438 1130 3491 est
1154 3448 1242 3509 quam
1264 3447 1370 3489 novem

76 3533 214 3598 nomina,
243 3532 442 3609 nonpossint
468 3530 613 3594 exbiberi.
657 3534 727 3594 item
751 3552 786 3594 ex
813 3533 868 3593 bac
900 3532 1010 3604 lormu,
1040 3550 1097 3611 qua
1125 3531 1251 3593 diximus
1280 3545 1410 3608 supraso

77 3632 148 3694 dicti
167 3633 289 3711 generis
310 3633 429 3694 nomina
450 3635 627 3695 nominativo
651 3652 720 3695 casu
743 3637 860 3697 numeri
882 3633 1038 3714 singularis
1060 3653 1092 3696 es
1116 3632 1222 3695 litteris
1245 3633 1370 3702 deliniri,

77 3735 314 3819 boclmonemus
339 3734 418 3814 quod
441 3733 618 3815 plusquam
643 3736 746 3798 decem
773 3755 878 3798 novem
900 3741 980 3806 soni,
1006 3736 1063 3797 boc
1086 3743 1130 3797 est
1158 3753 1246 3814 quam
1268 3735 1371 3795 decem

76 3854 186 3899 nouem
212 3837 347 3906 nomino,
376 3840 571 3915 nonpossint
598 3837 739 3900 exbiberi.
784 3841 854 3900 item
883 3859 918 3902 ex
941 3840 997 3900 bac
1025 3840 1132 3908 lorma,
1162 3855 1219 3915 qua
1247 3838 1373 3899 diximus

77 3957 169 4018 supra
195 3939 267 4001 dicti
293 3939 413 4016 generis
435 3942 554 4000 uomina
582 3943 761 4008 nominativo
786 3959 856 4002 casu
887 3943 1004 4002 numeni
1032 3940 1189 4019 singularis
1209 3959 1242 4000 os
1269 3940 1373 4000 litteris

77 4040 206 4111 deliu'ui,
228 4039 286 4101 hoc
308 4058 462 4102 monemus
480 4041 560 4120 quod
582 4043 649 4121 plus
670 4062 757 4122 quum
780 4054 893 4122 septem
911 4045 986 4114 soni,
1010 4043 1067 4104 boc
1082 4050 1127 4103 est
1147 4061 1237 4121 qnam
1258 4049 1372 4120 septem
1385 4051 1411 4093 ὅ

77 4143 214 4212 nominc,
243 4159 304 4212 non
331 4144 445 4221 possint
470 4144 612 4205 exbiberi.
657 4148 727 4206 item
756 4164 792 4206 ex
816 4145 873 4205 bac
901 4146 1013 4214 forma,
1043 4163 1101 4225 qua
1130 4145 1255 4205 diximus
1282 4161 1373 4221 supra

79 4245 151 4306 dicti
167 4246 288 4324 genem
305 4246 424 4306 nomina
451 4247 628 4308 nominativo
654 4265 723 4309 casu
745 4248 862 4308 numeri
883 4246 1040 4324 singularis
1063 4265 1098 4308 cx
1120 4246 1225 4308 litteris
1247 4246 1372 4316 definiri,

78 4346 139 4408 boc
156 4363 314 4409 monemus
334 4346 414 4426 quod
435 4347 502 4427 plus
523 4367 613 4428 quam
634 4350 732 4427 viginti
754 4349 813 4410 duo
834 4350 915 4419 soni,
944 4347 1002 4408 hoc
1023 4354 1067 4408 est
1088 4365 1177 4427 quam
1195 4348 1373 4426 vigintiduo

79 4451 216 4518 numne,
243 4466 304 4510 nou
328 4450 443 4527 possint
467 4449 609 4511 exbiberi.
654 4452 725 4511 item
754 4471 790 4513 ex
816 4451 873 4512 hac
898 4452 1009 4519 torma,
1042 4467 1099 4528 qua
1128 4451 1257 4511 diximus
1283 4467 1373 4528 supra

78 4550 150 4612 dicti
168 4551 289 4630 generis
308 4552 427 4612 nomina
447 4553 623 4613 nominativo
646 4571 716 4615 cusu
742 4554 859 4615 numeri
880 4551 1037 4629 singularis
1059 4570 1099 4612 ux
1120 4551 1226 4614 litteris
1248 4552 1412 4622 deliniritt

151 4720 186 4773 10
204 4735 281 4786 quum
300 4721 386 4787 plures
404 4723 461 4773 soni
480 4722 529 4773 llB
545 4725 622 4786 qbam
640 4718 743 4790 plurimi
761 4724 817 4773 soni
836 4739 852 4771 r
936 4723 967 4773 18
984 4724 1031 4772 sed
1045 4722 1094 4774 hoc
1109 4724 1263 4790 mancipium
1280 4725 1374 4773 tibicen

77 4806 126 4843 on.
145 4793 189 4843 tt·
295 4790 329 4842 lu
347 4800 372 4841 et
386 4792 453 4842 cline
469 4792 510 4843 m
613 4791 648 4844 23
664 4795 782 4844 undecim
800 4795 857 4844 soni
876 4793 923 4843 lxoc
940 4803 979 4844 est
996 4808 1072 4857 quum
1090 4793 1209 4844 undecim
1227 4794 1331 4845 uomina
1351 4793 1374 4843 lt

77 4879 95 4913 x
114 4863 175 4914 soni
194 4860 244 4911 boc
263 4869 302 4911 est
319 4877 397 4925 quam
415 4862 500 4913 decim
517 4864 622 4914 nomine
636 4863 662 4912 B
