3314 5506
563 57 761 169 lusutrvut
780 105 921 169 lustin
944 108 1107 172 138-153
1438 115 1475 175 'il
1588 118 1591 123 ’

235 225 395 280 emme
1269 227 1429 281 emme

181 299 221 360 de
241 317 333 360 causo
359 297 614 376 supradictarum
642 295 806 356 formarum
834 297 958 356 nomina
976 297 1094 373 generis
1118 276 1213 361 omnis
1239 317 1305 361 esse
1332 300 1479 362 dicautur.

179 403 240 462 bac
260 401 301 462 dc
320 418 426 469 mma,
454 399 592 479 qnoniam
620 415 824 477 quaecumque
853 397 993 459 vocabula
1019 396 1180 460 masculina
1206 403 1383 462 nominativo
1409 419 1479 463 casu

178 502 304 565 numeri
331 500 490 578 singularis
512 500 603 562 isdem
631 516 722 577 supra
747 498 832 559 dietis
853 500 957 560 formis
981 499 1160 561 deliniuntur
1186 509 1215 562 ct
1237 521 1272 562 ex
1297 520 1357 564 sua·
1381 505 1480 582 specie

178 603 331 667 voeabula
350 603 488 664 leminina
511 601 556 663 vel
575 609 680 663 neutra
703 600 801 662 lacere
822 607 953 680 possunt,
977 600 1051 662 baec
1072 604 1189 680 generis
1201 606 1303 687 omnis
1324 621 1387 666 esse
1410 622 1478 684 pro-

179 709 371 768 nuntiantur.
416 704 453 765 ds
474 703 578 765 formis
598 703 823 781 suprascriptis
843 709 909 763 octo
931 705 1050 779 generis
1071 703 1183 766 scilicet
1203 707 1307 776 omnis,
1332 725 1420 786 quern
1441 707 1478 768 ad
1504 733 1517 773 s

180 809 308 870 modum
336 826 374 869 ex
396 806 442 867 bis
464 808 582 867 nomina
609 806 823 884 comparativus
848 803 894 864 rel
915 804 1109 883 superlativus
1135 806 1245 884 gradus
1267 808 1365 870 lacere
1392 826 1479 888 repe·

180 913 317 978 riantur,
341 925 478 969 necnon
500 915 587 969 etex
608 906 731 985 singulis
752 907 855 967 lormis
883 908 959 968 iutra
984 914 1056 988 quot
1082 926 1171 968 sonos
1199 908 1330 970 exbiberi
1357 912 1478 989 possint,

183 1019 332 1094 qnantum
354 1011 429 1072 ratio
451 1008 601 1090 poscebat,
625 1011 822 1071 tractavimus.
905 1056 907 1060 .

271 1114 317 1176 llo
335 1131 380 1174 us.
426 1129 629 1191 quaecumque
651 1112 769 1173 nomina
798 1111 915 1188 generis
942 1112 1039 1171 omnis
1065 1113 1094 1172 in
1117 1113 1241 1191 positivo
1263 1113 1357 1191 gradu
1385 1115 1480 1175 nomi-

187 1219 285 1279 nativo
306 1232 378 1276 essu
398 1215 514 1276 numeri
533 1212 691 1292 singularis
706 1230 741 1274 ns
754 1212 859 1274 litteris
880 1213 1069 1284 deliniuntur,
1092 1215 1116 1272 si
1135 1215 1349 1292 comparativos
1368 1213 1480 1292 gradus
1493 1240 1519 1282 ω

188 1339 223 1381 er
243 1338 278 1381 se
298 1318 398 1379 lacere
417 1326 556 1394 possunt,
584 1315 658 1377 baon
684 1317 714 1376 iu
740 1315 835 1376 dativo
850 1301 932 1377 ¹casn
958 1317 1075 1376 numeri
1100 1316 1255 1392 singularis
1283 1333 1318 1375 nr
1340 1315 1479 1396 syllabam

188 1422 337 1501 occipiunt
368 1425 398 1481 et
424 1419 655 1496 comparativum
680 1418 802 1497 gradum
828 1418 946 1497 generis
973 1419 1137 1478 communis
1163 1417 1338 1487 ostendunt;
1368 1417 1481 1480 seilicet

190 1524 338 1604 quonism,
360 1523 404 1583 sic
427 1522 467 1581 uti
488 1537 579 1598 supra
600 1519 735 1590 diximus,
759 1521 936 1599 quicumque
958 1520 1147 1597 comparativi
1169 1519 1279 1598 gradus
1301 1520 1480 1581 nominativo

190 1644 257 1687 casn
279 1625 396 1685 numeri
418 1621 575 1698 singularis
595 1622 641 1681 ior
662 1619 765 1682 litteris
784 1621 963 1682 deliniuntur
990 1627 1020 1682 ct
1039 1638 1098 1681 non
1122 1639 1158 1681 ex
1178 1621 1226 1682 illa
1249 1623 1397 1700 positione
1418 1622 1479 1684 lor·

190 1746 261 1796 mae,
283 1744 343 1807 qus
365 1744 401 1786 er
422 1741 531 1802 genere
552 1722 714 1784 masculino
739 1725 916 1784 nominativo
936 1741 1006 1784 casu
1028 1725 1143 1785 numeri
1164 1723 1321 1800 singularis
1343 1742 1379 1785 ex
1400 1723 1478 1785 litte·
1492 1750 1517 1790 vs

190 1830 230 1889 ris
256 1828 376 1889 nomina
409 1824 602 1894 deliniuntur,
640 1827 739 1887 venire
766 1824 991 1903 intelleguntur,
1020 1825 1050 1885 bi
1077 1825 1194 1903 generis
1222 1827 1386 1886 communis
1412 1844 1479 1888 csse
1514 1808 1519 1820 ’

190 1931 395 2010 reperiuntur,
428 1937 462 1989 ut
485 1934 556 2008 puta
580 1927 629 1987 bic
659 1934 688 1988 et
714 1927 788 1989 baec
812 1935 842 1988 ct
862 1926 920 1987 boo
948 1935 1029 1989 vetus
1057 1926 1127 1987 bule
1149 1930 1240 1988 reteri
1272 1926 1322 1988 bic
1345 1936 1375 1989 et
1403 1927 1478 1989 baec

189 2033 315 2095 veterior
347 2031 446 2092 lacere
478 2030 594 2092 debent.
637 2047 718 2090 nunc
747 2029 821 2090 baec
847 2028 949 2090 eadem
982 2046 1072 2107 snpra
1102 2028 1171 2090 dicti
1203 2029 1320 2108 generis
1349 2031 1477 2101 nomina,

189 2153 262 2214 qnae
281 2133 411 2194 diximus
438 2135 468 2193 in
490 2151 580 2211 supra
602 2131 680 2192 dioto
701 2131 795 2209 gradu
825 2132 1001 2193 nominativo
1029 2149 1098 2192 casu
1127 2134 1245 2192 numeri
1266 2131 1422 2209 singularis
1443 2151 1479 2193 us

188 2235 292 2298 litteris
315 2235 445 2303 deliniri,
473 2235 504 2294 in
525 2233 620 2294 dativo
642 2253 712 2296 casn
736 2233 853 2294 numeri
873 2231 1034 2311 ¹singularis
1056 2251 1092 2294 ns
1111 2233 1253 2314 syllabam
1278 2235 1427 2312 accipiunt
1448 2244 1516 2299 stau

189 2356 246 2401 uon
271 2344 387 2399 tantum
414 2337 604 2416 comparativi
629 2334 738 2414 gradus
765 2336 884 2412 generis
914 2337 1012 2396 neutri
1039 2336 1092 2397 sed
1120 2343 1150 2399 et
1177 2335 1384 2399 adverbiorum
1412 2354 1478 2397 esse

188 2440 394 2520 reperiuntur,
418 2448 452 2499 ut
472 2446 542 2518 puta
563 2437 613 2498 bio
635 2436 759 2498 ethaeo
780 2444 810 2497 et
824 2437 882 2497 boc
899 2443 982 2498 vetus
1001 2437 1072 2499 buic
1089 2439 1192 2508 veteri,
1214 2438 1341 2499 veterius
1360 2439 1479 2516 utrique

187 2542 375 2622 respondent
418 2541 470 2602 sed
501 2540 619 2619 quando
653 2540 779 2600 veterius
804 2541 905 2617 generi
936 2547 1042 2600 neutro
1069 2538 1112 2601 rel
1140 2540 1258 2619 quando
1281 2538 1420 2601 adverbio
1448 2542 1478 2601 in

187 2644 406 2724 comparatione
425 2642 613 2720 respondeat,
636 2643 693 2702 iam
712 2642 783 2702 satis
799 2641 829 2700 in
851 2641 1055 2718 superioribus
1073 2642 1262 2704 ostendimus.
1279 2639 1293 2724 ll
1307 2659 1386 2703 nunc
1404 2641 1479 2704 baec

186 2746 289 2808 adem
310 2747 433 2806 nomine
453 2745 572 2821 generis
592 2745 701 2813 omnis,
731 2761 806 2822 qnae
827 2743 953 2805 diximus
980 2745 1010 2805 in
1034 2747 1158 2823 positivo
1180 2745 1273 2824 gradu
1296 2746 1476 2806 nominativo
1490 2765 1515 2806 as

185 2867 255 2910 ram
282 2846 401 2909 numeri
429 2845 587 2923 singularis
613 2863 648 2906 ns
673 2844 779 2906 litteris
808 2843 937 2914 deliniri,
974 2848 1000 2908 si
1026 2846 1219 2926 superlativos
1245 2848 1355 2926 gradus
1380 2865 1422 2907 ex·
1445 2867 1477 2908 se

185 2951 285 3012 lacere
303 2955 445 3028 possunt,
470 2948 545 3010 baec
567 2966 603 3008 ex
622 2947 719 3009 dativo
740 2965 810 3008 casu
832 2949 949 3009 numeri
974 2949 1130 3026 singularis
1151 2951 1160 3010 i
1182 2948 1317 3011 ultimum
1340 2949 1479 3010 omittunt

184 3061 214 3113 et
233 3055 266 3112 in
286 3050 394 3114 eodem
415 3049 511 3112 dativo
533 3068 602 3112 essu
628 3050 744 3110 numeri
766 3048 923 3126 singularis
945 3052 1038 3110 rimus
1061 3049 1187 3130 syllabas
1209 3052 1359 3130 accipiunt
1379 3058 1410 3112 et
1428 3067 1477 3110 su-

185 3152 360 3233 perlativum
382 3152 504 3231 madum
525 3152 643 3231 generis
665 3150 818 3211 masculini
839 3152 1006 3221 ostendunt,
1029 3159 1149 3230 utputa
1171 3151 1221 3213 bic
1242 3159 1272 3212 et
1285 3151 1359 3213 baec
1373 3160 1402 3213 ct
1419 3151 1478 3213 lvoc

183 3266 269 3318 vetus
294 3255 366 3316 bulo
384 3256 477 3316 veteri
503 3255 552 3315 bic
574 3255 746 3315 veterrimus
778 3254 877 3316 lucere
897 3252 1012 3315 debeat
1056 3255 1125 3314 item
1155 3252 1232 3315 baec
1252 3253 1356 3315 eadem
1384 3270 1474 3332 snpra
1488 3272 1515 3316 so

183 3359 254 3421 nen
276 3344 396 3436 pencris
417 3357 533 3417 nomina
555 3375 591 3418 ex
613 3356 801 3435 supradicto
823 3372 893 3417 casu
911 3356 1124 3435 supradictam
1146 3355 1273 3417 litteram
1293 3358 1434 3418 omittunt
1446 3364 1478 3417 et

175 3463 214 3545 in
235 3459 345 3522 eodem
365 3475 454 3536 snpra
468 3460 547 3520 dieto
568 3475 637 3518 casu
657 3460 732 3518 rima
746 3457 872 3537 syllabas
885 3459 1034 3536 accipiunt
1050 3466 1080 3520 et
1099 3455 1331 3542 {superlativum
1350 3458 1498 3536 gradum·

183 3562 304 3641 gereris
325 3560 456 3621 feminini
478 3560 644 3629 ostendunt,
669 3567 701 3620 ut
718 3567 788 3637 puta
803 3559 851 3620 bic
869 3567 897 3623 et
913 3560 985 3622 baec
1001 3568 1031 3622 et
1045 3560 1102 3621 hoc
1116 3568 1198 3622 vetus
1213 3561 1282 3622 hnic
1298 3562 1389 3622 veteri
1404 3561 1478 3622 haec

183 3665 343 3726 veterrima
366 3663 464 3723 lucere
490 3661 605 3723 debeat.
648 3650 771 3723 atvero
792 3662 865 3723 haec
884 3661 988 3725 eadem
1016 3680 1104 3743 snpra
1128 3662 1197 3723 dicti
1217 3664 1335 3741 generis
1357 3665 1477 3723 uomina
1512 3696 1515 3703 ·

183 3784 221 3827 ex
247 3782 340 3845 snprn
367 3763 448 3824 dicto
475 3781 546 3825 casu
570 3781 661 3842 supra
687 3763 797 3824 dictam
821 3761 948 3825 litteram
976 3767 1114 3827 omittunt
1141 3772 1171 3825 et
1193 3767 1224 3826 in
1253 3764 1358 3827 eodem
1386 3783 1476 3844 snpra
1490 3782 1515 3824 rs

183 3868 265 3929 dimo
281 3884 354 3929 casn
372 3867 481 3927 rimum
501 3864 628 3945 syllabas
647 3867 796 3945 accipiunt
815 3874 844 3927 et
863 3847 1074 3946 superlativum
1095 3866 1219 3945 gradum
1241 3868 1360 3944 generis
1380 3869 1478 3928 neutri

183 3969 361 4036 ostendunt,
395 3976 429 4029 ut
448 3975 517 4046 puta
551 3966 600 4029 bic
621 3975 652 4029 et
670 3967 744 4030 baec
766 3976 796 4029 ct
816 3967 874 4030 boc
894 3976 976 4030 vetus
1002 3970 1072 4031 bnic
1091 3971 1182 4030 veteri
1208 3968 1266 4030 boc
1286 3971 1476 4057 veterrimum

182 4073 285 4133 lacero
306 4068 424 4132 debeat.
467 4088 548 4130 nunc
570 4071 731 4150 quaeritur,
754 4089 813 4151 qua
835 4069 873 4131 de
894 4088 981 4132 causa
1002 4080 1085 4133 vetus
1112 4072 1272 4148 inponere
1294 4078 1400 4133 neutro
1421 4089 1476 4132 un·

183 4173 260 4236 meri
278 4171 402 4252 pluralis
423 4178 522 4233 vetera
549 4179 579 4232 et
599 4189 659 4232 non
680 4173 789 4233 veteria
820 4173 915 4232 faciat.
960 4172 1016 4235 bac
1037 4173 1074 4234 de
1094 4191 1198 4241 causa,
1227 4176 1366 4252 quoniam
1386 4191 1477 4253 quae·

182 4295 312 4355 eumque
334 4273 476 4336 vocabula
499 4284 602 4335 neutra
624 4275 802 4335 nominativo
823 4292 893 4336 casu
916 4277 1031 4337 numeri
1049 4274 1205 4352 singularis
1228 4293 1264 4337 us
1283 4272 1386 4336 litteris
1405 4275 1476 4337 deli-
1490 4290 1516 4330 ro

181 4380 323 4445 niuntnr,
344 4375 420 4438 baec
440 4377 621 4437 nominativo
642 4394 713 4438 casu
734 4378 851 4437 numeri
871 4375 994 4455 pluralis
1015 4396 1031 4438 a
1054 4377 1149 4438 littera
1177 4386 1244 4456 post
1265 4383 1476 4439 consonantem

131 4648 136 4658 ¹
253 4591 269 4640 'l
288 4588 401 4640 exhiberi
420 4606 435 4640 a
453 4587 574 4639 exhibere
592 4589 615 4640 u
689 4588 903 4642 leuconotus
