3314 5506
181 383 239 431 niv
715 371 923 432 PRAEFATIO

182 555 398 641 discrepantia
419 563 469 620 est
490 556 523 620 in
544 557 615 642 ipso
630 555 777 621 Parisino
792 555 912 637 codice,
935 579 977 620 cx
992 578 1054 642 quo
1069 557 1332 620 commentarium
1348 556 1465 637 Servii,

181 658 236 744 qui
258 658 387 743 quidem
409 681 495 724 nunc
516 668 677 745 superest,
706 657 806 738 edidi,
840 659 997 744 siquidem
1024 659 1128 743 prima
1155 661 1223 722 eius
1245 659 1466 723 commentarii

181 782 256 844 pars
272 760 428 843 inscripta
442 771 492 824 est
506 782 581 845 pars
597 761 702 844 Sergii
716 760 740 824 f.
758 769 828 840 156,
851 762 884 824 in
899 761 1030 846 reliquis
1048 760 1151 825 Servii
1170 783 1287 824 nomen
1302 771 1465 824 servatum

183 870 232 925 est
253 860 277 924 f.
302 870 359 930 111
383 872 415 926 ct
438 871 509 933 183.
531 863 725 926 recentiores
748 872 854 926 autcm
869 863 1080 946 grammatici,
1103 864 1218 947 siquid,
1240 861 1327 947 quod
1350 861 1392 926 ad
1407 861 1466 924 hos

181 966 425 1028 commentarios
447 966 537 1029 vario
560 964 655 1028 modo
677 974 818 1029 mutatos
845 963 957 1028 referri
979 965 1098 1049 possit,
1126 964 1160 1027 in
1188 965 1286 1028 libros
1315 985 1357 1027 cx
1385 965 1465 1027 anti-

181 1065 348 1151 quioribus
369 1066 587 1150 grammaticis
609 1067 775 1146 collectos,
804 1064 914 1152 quales
941 1065 1034 1129 multi
1061 1067 1093 1128 in
1115 1066 1281 1130 codicibus
1303 1065 1465 1150 leguntur,

182 1177 381 1252 receperunt,
404 1167 510 1252 Sergii
524 1169 577 1233 vel
592 1167 715 1253 Seregii
737 1190 852 1232 nornen
874 1168 1093 1252 praescribere
1115 1167 1229 1232 solent.

270 1268 431 1333 Libellum
454 1270 494 1334 de
516 1270 668 1334 finalibus
691 1291 818 1356 quoque
833 1292 854 1332 a
867 1269 990 1333 Donati
1003 1271 1184 1356 praeceptis
1200 1269 1380 1354 profectum
1395 1291 1464 1334 esse

183 1373 253 1457 ipse
276 1372 413 1456 scriptor
435 1372 631 1456 significavit
653 1394 684 1456 p.
708 1378 779 1451 449,
802 1379 832 1439 6.
861 1392 936 1435 nam
962 1392 1045 1456 quae
1071 1372 1105 1434 in
1127 1371 1248 1435 Donati
1270 1380 1339 1435 arte
1361 1371 1464 1435 brevi·

183 1482 232 1537 ter
251 1473 406 1555 indicata,
432 1495 508 1537 mox
528 1475 562 1537 in
583 1472 820 1537 commentariis
844 1472 885 1536 ad
907 1494 978 1536 eam
999 1474 1127 1558 scriptis
1149 1472 1280 1538 uberius
1303 1473 1464 1559 explicata

184 1584 285 1655 crant,
307 1575 360 1639 hic
381 1575 415 1640 in
441 1575 656 1662 conpendium
683 1574 816 1639 redacta
843 1583 927 1638 sunt.
956 1596 1072 1638 nomen
1099 1576 1238 1638 auctoris
1268 1584 1376 1639 autem
1402 1597 1463 1640 non

185 1675 289 1741 solum
310 1678 342 1740 in
365 1676 532 1741 codicibus
554 1685 738 1742 constanter
760 1677 916 1763 scriptum
943 1686 993 1740 est
1020 1675 1152 1740 Servius
1174 1677 1376 1756 Honoratus,
1405 1678 1463 1741 nisi

185 1779 271 1864 quod
292 1780 324 1843 in
348 1801 411 1843 uno
433 1780 637 1844 Emmeramo
660 1781 757 1845 etiam
777 1778 874 1844 Marii
895 1800 1011 1842 nomen
1033 1778 1178 1842 additum
1200 1787 1264 1868 est,
1292 1777 1349 1843 sed
1371 1779 1463 1842 etiam

184 1881 391 1946 confirmatur
414 1904 433 1945 a
454 1884 682 1965 grammaticis,
705 1884 760 1968 qui
782 1882 815 1945 in
836 1882 877 1944 iis
892 1902 975 1966 quae
997 1902 1040 1944 ex
1053 1881 1114 1945 boc
1129 1880 1211 1945 libro
1226 1881 1463 1967 descripserunt

184 1984 235 2047 vel
258 1984 364 2048 Servii
386 1985 437 2048 vel
460 1985 618 2049 Honorati
639 1985 767 2047 nomine
788 1992 932 2046 utuntur.
967 1982 1072 2066 Sergii
1094 1985 1179 2047 enim
1201 2004 1317 2047 nomen
1337 2005 1402 2046 non
1424 1983 1462 2046 le·

183 2087 271 2170 gitur
292 2085 354 2149 nisi
376 2087 409 2150 in
432 2087 660 2150 commentario
687 2085 728 2148 ad
750 2084 907 2148 Basiliam
935 2086 1068 2167 scripto,
1098 2085 1153 2169 qui
1181 2085 1286 2148 Servii
1307 2085 1462 2150 Honorati

183 2186 265 2252 libro
288 2209 329 2251 ex
351 2197 444 2273 parte
465 2188 596 2274 quidem
618 2186 745 2265 similis,
775 2186 830 2249 sed
859 2195 966 2250 tamen
992 2186 1072 2249 satis
1094 2186 1135 2249 ab
1157 2185 1213 2249 illo
1236 2185 1384 2268 diversus
1407 2196 1462 2252 est.

182 2289 257 2354 hinc
280 2290 493 2374 intellegitur,
522 2290 600 2375 quid
627 2288 834 2353 iudicandum
864 2289 905 2352 sit
933 2287 973 2351 de
995 2287 1119 2353 Osanni
1149 2290 1317 2370 sententia,
1350 2290 1407 2374 qui
1434 2289 1462 2352 in

184 2392 320 2476 symbol.
344 2391 441 2456 litter.
470 2391 535 2455 vol.
564 2392 599 2455 ΙΙ
628 2414 659 2475 p.
688 2400 749 2462 378
777 2401 948 2477 utrumque
977 2389 1096 2454 librum
1124 2412 1143 2454 a
1170 2389 1283 2454 Servio
1312 2393 1462 2476 scriptum

184 2517 254 2558 esse
275 2494 451 2558 contendit.
475 2494 592 2557 etenim
614 2493 700 2578 quod
722 2515 762 2556 ne
784 2493 930 2558 codicum
953 2491 1083 2578 quidem
1104 2493 1295 2557 auctoritate
1310 2515 1462 2557 commen·

184 2596 289 2676 (latur,
312 2597 345 2660 id
367 2595 422 2660 illc
444 2597 575 2659 incertis
597 2597 794 2678 argumentis
817 2593 990 2658 defendere
1012 2601 1145 2658 conatus
1168 2602 1226 2657 est.
1247 2595 1344 2659 immo
1363 2594 1462 2680 Sergii

184 2699 282 2763 etiarn
305 2720 431 2778 nomen,
454 2706 491 2760 ut
512 2696 617 2761 levem
639 2698 863 2761 auctoritatem
885 2698 918 2761 in
940 2697 1003 2761 isto
1025 2695 1107 2760 libro
1129 2696 1242 2776 habet,
1272 2698 1320 2760 ita
1341 2719 1404 2760 non
1427 2719 1462 2761 es

184 2801 365 2886 antiquiore
388 2808 530 2886 tempore
552 2809 777 2886 propagatum,
811 2799 868 2862 sed
889 2799 999 2862 infima
1021 2806 1127 2862 aetate
1149 2820 1308 2862 unacum
1330 2797 1462 2883 epistula

185 2925 227 2966 ex
250 2902 355 2966 Servii
376 2902 535 2966 Honorati
557 2901 666 2966 libello
688 2903 790 2988 petita
811 2900 942 2965 videtur
967 2900 1113 2965 additum
1140 2922 1220 2964 csse.
1248 2910 1360 2966 contra
1386 2900 1462 2966 liber

187 3004 228 3068 dc
250 3003 359 3069 littera
380 3004 420 3068 de
443 3003 569 3089 syllaba
591 3004 631 3068 de
653 3004 790 3090 pedibus
813 3003 852 3067 de
880 3001 1067 3067 accentibus
1096 3001 1137 3065 de
1165 3003 1384 3082 distinctione,
1413 3007 1461 3088 qui

184 3109 254 3192 ipse
287 3128 414 3192 quoque
442 3107 564 3170 Donati
597 3106 777 3171 doctrinam
809 3104 954 3191 sequitur
985 3115 1018 3168 et
1049 3126 1122 3167 cum
1151 3104 1256 3168 Servii
1287 3105 1340 3169 vel
1363 3105 1461 3189 Sergii

187 3210 423 3273 commentariis
456 3209 645 3294 plerumque
678 3208 851 3287 consentit,
885 3214 918 3269 ct
944 3206 976 3268 in
1004 3205 1170 3270 codicibus
1198 3215 1230 3269 ct
1252 3205 1285 3270 in
1307 3209 1461 3292 excerptis

185 3313 478 3395 grammaticorum,
501 3313 534 3374 in
557 3333 639 3396 quac
661 3310 763 3375 multa
785 3332 826 3373 ex
848 3330 885 3372 eo
908 3308 990 3372 libro
1013 3317 1144 3393 recepta
1166 3319 1255 3389 sunt,
1284 3318 1461 3372 constanter

186 3413 297 3498 Sergio
320 3413 372 3476 vel
395 3413 527 3497 Seregio
550 3413 712 3477 tribuitur.
740 3434 839 3498 quare
867 3409 955 3474 haud
984 3410 1050 3474 seio
1079 3432 1120 3473 an
1148 3409 1227 3474 haec
1256 3411 1298 3473 sit
1325 3411 1393 3473 eius
1416 3433 1461 3474 no

184 3516 278 3578 minis
303 3517 401 3600 origo,
434 3514 521 3601 quod
543 3537 582 3578 ca
603 3537 686 3600 quac
709 3516 742 3578 in
763 3524 873 3579 vetere
896 3512 1002 3577 Servii
1030 3513 1260 3576 commentario
1288 3512 1328 3576 de
1357 3511 1461 3575 eodeu

185 3627 375 3701 argumento
404 3618 524 3701 scripta
550 3627 643 3681 erant
669 3625 784 3701 postea
811 3621 843 3678 in
870 3615 953 3679 banc
975 3612 1078 3678 libelli
1099 3614 1246 3694 formam,
1275 3635 1357 3699 quae
1385 3636 1461 3678 nunt

186 3729 243 3800 cst,
267 3719 398 3784 redacta
419 3717 539 3803 sunt.*)

254 3924 280 3988 *)
303 3925 454 3988 Postquam
477 3939 574 3974 nomen
593 3923 683 3988 Sergii
706 3922 739 3972 iis
763 3923 887 3987 quaeda
906 3923 1051 3973 elementis
1070 3925 1139 3973 artis
1157 3924 1354 3988 grammaticae
1372 3924 1401 3972 in
1419 3924 1460 3974 boi

186 4010 281 4060 libello
303 4009 445 4074 disputata
467 4013 531 4058 sunt
554 4008 691 4058 celebrari
715 4013 840 4072 coeptum
863 4012 919 4069 est,
942 4006 1051 4057 infimae
1070 4009 1173 4058 aetatis
1191 4010 1363 4073 grammatici
1381 4010 1421 4057 ita
1440 4026 1460 4058 ei

185 4096 294 4145 nomine
313 4095 392 4143 abusi
411 4099 483 4149 sunt,
502 4098 533 4143 ut
551 4095 607 4143 suis
627 4094 842 4152 commentariis,
867 4107 934 4157 quos
954 4092 1043 4157 Sergii
1065 4093 1162 4143 libello
1181 4093 1304 4143 adhibito
1322 4093 1356 4143 de
1375 4093 1460 4143 iisdcn

185 4181 268 4230 rebus
292 4183 507 4244 conposuerant‚
530 4195 629 4228 nomen
651 4178 822 4244 grammatici
846 4178 1077 4244 praescriberent.
1114 4178 1190 4228 euius
1209 4179 1318 4243 generis
1337 4195 1460 4228 commen

186 4266 273 4315 tarius
295 4264 328 4313 do
351 4263 447 4313 littera
470 4263 503 4313 dc
527 4264 641 4328 syllabis
664 4263 697 4313 de
721 4267 840 4313 accentu
862 4262 896 4312 dc
920 4262 1034 4328 pedibus
1058 4263 1158 4327 legitur
1176 4264 1204 4311 in
1223 4263 1316 4313 codice
1335 4265 1460 4313 Vatican

185 4349 372 4401 bibliothecae
391 4349 554 4414 Reginensis
575 4349 638 4399 1587
656 4365 731 4398 saec.
745 4349 778 4407 X,
797 4349 886 4412 incipit
903 4347 989 4412 Serpit
1006 4350 1037 4398 de
1055 4356 1112 4397 orte
1127 4352 1299 4413 prmnmotim.
1325 4348 1379 4396 Ars
1389 4365 1460 4412 prum

184 4437 276 4485 niratica
293 4442 332 4484 est
349 4437 470 4484 institutio
487 4437 620 4493 semeonis,
641 4439 669 4484 et
687 4435 751 4483 huic
768 4433 865 4483 similis
882 4432 916 4481 de
935 4432 1030 4483 littera
1048 4433 1076 4481 in
1096 4433 1189 4483 codiee
1207 4432 1412 4482 vindobonensi
1433 4434 1460 4481 li

186 4521 249 4570 olim
268 4519 410 4580 Bobiensi‚
431 4519 524 4569 eodem
536 4519 614 4570 modo
628 4519 786 4584 inscriptus,
806 4519 852 4581 qui
866 4517 956 4567 editus
970 4522 1013 4567 cst
1032 4519 1105 4567 anal.
1119 4534 1231 4583 gramm.
1243 4518 1361 4566 Vindob.
1375 4535 1401 4582 p.
1415 4520 1460 4568 197

185 4605 305 4669 deniquo
328 4606 355 4653 in
379 4603 474 4655 codice
492 4603 623 4653 Leidensi
644 4604 712 4654 bibl.
731 4603 806 4668 publ.
826 4605 873 4653 135
897 4619 969 4653 saec.
989 4603 1013 4652 X
1032 4603 1184 4667 disputatio
1203 4602 1337 4666 quaedam
1355 4603 1460 4666 ineptia

186 4706 244 4740 rum
266 4690 349 4755 plena
371 4688 403 4738 dc
426 4688 534 4738 Latinis
558 4689 659 4739 litteris
683 4704 743 4739 cum
765 4688 882 4738 Graecis
907 4693 934 4737 et
958 4689 1104 4737 Hebraicis
1129 4687 1288 4752 conparatis
1306 4688 1411 4751 scripta
1431 4702 1460 4736 es

186 4777 239 4839 ita,
263 4777 289 4825 in
312 4779 407 4824 contine
430 4776 472 4824 dei
493 4776 578 4823 surnrni
599 4775 686 4838 incipit
704 4790 748 4824 ars
769 4773 853 4837 Sergii
867 4775 1033 4839 praenuntiet.
1060 4773 1184 4836 Triplices
1202 4773 1316 4837 suspiriis
1333 4772 1459 4821 bitiaerr'a

187 4877 232 4911 seu
249 4863 363 4924 duplices
380 4861 456 4910 latiae
473 4861 587 4924 peplices
604 4875 649 4910 seu
666 4860 813 4926 qucnplices
829 4875 874 4908 seu
887 4860 1001 4924 triplices
1018 4859 1180 4923 cliquicesqae
1198 4857 1320 4907 bitteriae
1339 4870 1400 4919 sqq.
