3346 5506
168 375 228 439 rsa
600 350 604 357 '
757 372 870 435 mom

234 522 240 536 .
296 493 337 532 ‚r
373 519 380 533 .
1268 488 1334 531 .aaa.
1385 490 1414 533 v.

168 505 232 643 quap
245 493 390 624 (labeslaum
406 562 510 623 Cicero
531 563 606 640 perii
624 561 831 639 pronuntiarit.
861 561 917 622 hac
938 561 976 622 tie
991 578 1088 632 causa,
1112 488 1370 640 quoniampverbb'
1383 561 1463 623 mort

167 665 315 728 indicativi
337 665 435 742 specie
458 664 588 742 perieeta
615 682 650 723 ex
675 665 769 742 prima
791 680 917 740 persona
946 663 1062 723 numeri
1082 660 1206 741 pluralis
1225 680 1294 724 mos
1321 660 1463 743 syllabam

168 768 305 827 omittunt
325 772 355 826 et
375 764 499 826 eandem
522 783 680 843 personam
702 767 819 826 numeri
841 763 999 842 singularis
1020 763 1196 832 ostendunt,
1224 771 1258 825 ut
1278 771 1352 844 puta
1374 766 1464 844 perii-

168 886 233 928 mus
259 869 344 946 perii.
390 871 471 929 nune
499 884 575 946 quae
605 869 665 927 sint
692 866 796 935 rerba,
830 885 905 945 quae
932 885 967 927 er
997 873 1123 944 utraque
1149 866 1265 926 ratione
1300 866 1466 929 consistere

142 977 301 1047 spossunt,
326 969 435 1030 hocin
458 970 539 1028 sonis
562 974 754 1046 conpetenter
774 968 975 1029 tractabimus.

252 1071 418 1143 Quaeritur,
442 1089 499 1149 qua
521 1069 558 1131 de
578 1088 666 1132 causa
685 1069 790 1132 nolens
811 1078 840 1131 et
858 1086 915 1129 non
938 1068 1053 1130 nollens
1073 1068 1197 1130 dicatur.
1228 1070 1286 1131 bac
1306 1070 1345 1132 ‹io
1364 1086 1466 1139 caum.

168 1172 308 1249 quoniam
332 1174 430 1233 omnia
452 1170 540 1233 rerba
564 1171 719 1233 indicativo
741 1173 830 1232 morio
857 1173 1000 1250 temporis
1026 1170 1191 1250 praesentis
1217 1190 1254 1232 ex
1276 1173 1373 1251 prima
1397 1190 1468 1253 par·

168 1292 239 1334 sona
264 1275 381 1335 numeri
401 1271 560 1351 singularis
580 1292 597 1332 o
618 1274 752 1335 ultimum
775 1275 804 1334 in
825 1291 878 1334 ens
894 1272 1007 1334 litteras
1026 1279 1202 1335 converiunt
1223 1280 1254 1334 et
1274 1275 1467 1353 participium

168 1376 333 1454 praesentis
356 1375 497 1454 temporis
519 1375 687 1443 ostendunt,
710 1381 743 1434 ui
765 1382 834 1453 puta
858 1373 956 1435 scribo
978 1374 1122 1437 scribens.
1155 1377 1198 1437 sic
1219 1377 1322 1455 utique
1344 1382 1376 1437 et
1396 1374 1470 1437 noio

131 1499 156 1541 ro
170 1475 282 1546 nolens,
305 1493 365 1536 nou
388 1474 502 1537 nollens
524 1476 622 1538 iacere
644 1479 862 1556 pronuntiatur.

255 1578 422 1649 Quaeritur,
447 1596 505 1656 qua
527 1577 564 1639 de
586 1596 673 1639 causa
697 1577 805 1640 calcari
830 1586 859 1640 et
880 1597 940 1640 noo
961 1578 1054 1640 calcei
1074 1579 1198 1640 dicatur.
1235 1578 1291 1639 bac
1310 1578 1349 1641 (ie
1367 1596 1469 1651 causa,

169 1681 307 1759 quoniam
328 1681 426 1740 omnia
446 1678 536 1741 verba
561 1682 676 1758 primae
702 1680 915 1758 corriugationis
944 1682 974 1740 in
995 1682 1094 1758 specie
1121 1679 1251 1758 perlecta
1278 1681 1469 1743 crsecentia

169 1798 297 1861 persona
320 1781 436 1842 uulneri
458 1779 615 1858 singularis
630 1784 666 1843 sti
688 1782 801 1842 litteras
823 1783 961 1843 omittunt
983 1789 1012 1843 ct
1028 1784 1155 1861 primam
1170 1799 1328 1862 personam
1349 1786 1471 1845 numeri

170 1881 327 1961 singularis
349 1899 419 1944 suae
442 1884 553 1961 speciei
576 1883 710 1944 eiiiciunt
731 1890 782 1944 aut
803 1884 964 1945 secundam
985 1901 1144 1962 personam
1168 1884 1286 1945 numeri
1307 1883 1471 1963 singularia

134 2010 157 2049 is
171 1983 251 2044 modi
272 1983 436 2061 imperativi
458 1984 627 2052 ostendunt,
648 1991 680 2043 ut
700 1993 770 2062 puta
793 1984 940 2046 caleavisti
955 1983 1073 2055 calcavi,
1097 1983 1215 2047 calcasti
1230 1984 1326 2056 caica:
1351 1992 1383 2047 et
1399 1986 1470 2049 tuac

169 2086 261 2147 caicai
282 2085 485 2147 barbarismus
509 2105 575 2148 esse
595 2087 812 2164 pronuntiatur.

256 2188 429 2261 Quaeritur,
463 2207 522 2267 qua
550 2189 587 2249 de
614 2206 701 2248 causa
733 2189 866 2249 nutriunt
893 2196 923 2249 et
944 2206 1003 2248 non
1028 2191 1143 2250 nutriat
1173 2189 1297 2250 dicatur.
1342 2189 1401 2251 bae
1431 2191 1470 2253 ale

170 2309 269 2360 causa,
293 2291 430 2370 quoniam
451 2292 550 2352 omnia
574 2289 663 2350 rerba
678 2283 789 2351 'tertiae
806 2291 1021 2367 contingationis
1042 2290 1132 2355 modo
1147 2290 1302 2352 indicativo
1324 2293 1471 2372 temporis

169 2395 335 2470 praesentis
356 2411 391 2454 ex
413 2394 507 2470 prima
529 2410 657 2472 persona
681 2392 797 2452 numeri
818 2391 975 2471 singularis
999 2391 1166 2453 ouitimnm
1181 2388 1195 2475 ΙΙ
1210 2394 1348 2454 omittunt
1370 2400 1401 2456 ot
1415 2401 1471 2455 unt

132 2518 158 2558 ao
172 2493 283 2556 litteras
307 2496 455 2572 accipiunt
477 2502 506 2555 et
527 2495 644 2555 tertiam
668 2511 825 2572 personam
845 2495 962 2554 numeri
981 2491 1103 2571 pluralis
1124 2494 1293 2556 ostendunt
1318 2536 1330 2547 -

257 2592 431 2665 Quaeritur,
454 2614 511 2676 qua
534 2596 571 2657 de
593 2613 681 2656 causa
708 2613 805 2672 coquo
837 2602 866 2655 et
886 2613 945 2656 uon
967 2613 1039 2656 coco
1062 2596 1185 2658 dicatur.
1230 2596 1287 2658 bac
1308 2596 1346 2659 do
1369 2614 1469 2669 musa,

171 2699 311 2775 quoniam
334 2715 541 2777 quaecumque
562 2699 681 2758 nomina
704 2698 823 2774 generis
839 2695 993 2757 masculini
1014 2699 1046 2757 in
1067 2697 1199 2777 quolibet
1213 2715 1294 2768 caso,
1318 2700 1348 2759 in
1364 2697 1470 2761 ultima

170 2797 281 2879 syllaba
304 2818 323 2879 q
346 2798 473 2861 litteram
498 2799 609 2860 habent
635 2800 822 2859 constitutam
847 2807 876 2859 et
904 2816 939 2859 ex
963 2816 1016 2859 sua
1039 2801 1136 2877 specie
1160 2798 1248 2861 verba
1277 2799 1378 2862 iacere
1400 2817 1470 2879 pos·

171 2908 252 2971 sunt,
284 2901 358 2962 haee
387 2921 421 2962 ea
450 2903 632 2962 nominativo
663 2895 742 2980 calsu
773 2902 888 2961 numeri
921 2899 1042 2980 pluralis
1074 2899 1206 2963 ultimam
1238 2900 1367 2963 litteram
1399 2903 1471 2963 ino

134 3011 348 3066 reconvertunt
369 3012 398 3064 et
420 3004 574 3064 indicativo
597 3003 685 3063 niodo
712 3004 853 3080 temporis
881 3003 1046 3081 praesentis
1075 3004 1200 3080 primam
1228 3021 1386 3082 persenam
1414 3022 1470 3066 uu·

171 3107 248 3166 meri
271 3103 429 3182 singularis
454 3105 621 3165 ostendunt.
666 3121 745 3163 nunc
770 3121 838 3164 cum
858 3103 936 3164 dicat
951 3102 1107 3164 Terentius
1128 3107 1259 3184 ‘coqui
1280 3106 1470 3167 iartores’

172 3215 200 3266 et
224 3214 331 3276 cetera,
356 3208 457 3284 artique
476 3207 533 3266 iam
556 3224 661 3285 coquo,
686 3223 745 3265 non
768 3224 839 3266 coco
859 3206 957 3265 iacere
980 3207 1188 3284 pronuntiavit.

257 3310 432 3381 Quaeritur,
456 3308 572 3387 quade
596 3326 682 3369 causa
706 3307 851 3386 Vergilius
881 3308 971 3387 sugite
997 3315 1134 3386 correpte
1160 3309 1369 3387 pronuntiarit.
1414 3309 1472 3371 bae

172 3412 209 3472 de
231 3430 328 3480 causa,
353 3413 491 3490 quoniam
515 3411 614 3471 omnia
637 3409 724 3470 verba
747 3411 851 3471 tertiae
873 3410 1091 3488 coniugatiouis
1113 3417 1269 3488 correptae
1301 3411 1391 3471 modo
1413 3413 1470 3473 im·

133 3536 158 3575 ao
172 3515 304 3592 peratiae
338 3516 481 3593 temporis
512 3513 675 3591 praesentis
711 3512 871 3578 secontiam
905 3530 1062 3591 personam
1095 3515 1214 3573 numeri
1246 3505 1370 3592 pluralis
1403 3530 1471 3574 cor·

172 3617 291 3694 ripiunt.
1084 3602 1085 3606 Ἰ

257 3717 425 3788 Quaeritur,
449 3734 504 3794 qua
527 3716 564 3777 do
584 3734 672 3776 causa
695 3715 840 3793 Vergilius
858 3718 969 3795 potitur
988 3723 1126 3795 correpte
1150 3717 1359 3794 pronuntiarit
1398 3719 1470 3796 qula

172 3834 377 3895 quaecumque
394 3816 482 3877 verita
503 3817 592 3877 morio
613 3818 769 3877 indicativo
791 3819 933 3895 temporis
955 3820 1120 3895 praesentis
1142 3819 1171 3877 in
1187 3818 1317 3879 secunda
1338 3836 1470 3897 persona

173 3922 289 3980 numeri
316 3918 474 3996 singularis
497 3920 641 3997 producto
670 3926 794 3980 accentu
817 3920 1061 3996 pronuntiantur,
1090 3918 1164 3980 haec
1190 3926 1219 3980 et
1240 3921 1270 3981 in
1290 3922 1378 3982 tertia
1400 3938 1470 4000 per·

134 4039 244 4080 assona
267 4020 399 4080 eiusdem
423 4022 538 4081 ricimeri
566 4021 669 4081 eodem
692 4029 815 4080 accentu
842 4023 1080 4098 pronuntiantur.
1124 4021 1176 4082 sed
1202 4023 1270 4100 qula
1297 4021 1373 4083 baec
1393 4023 1470 4083 ratio

173 4139 313 4182 sonorum
338 4131 390 4191 est,
415 4124 471 4183 boe
494 4125 524 4183 iu
547 4124 627 4183 sonis
650 4130 844 4201 conpetenter
866 4120 1067 4183 tractabimus.

258 4223 429 4295 Quaeritur,
461 4243 517 4303 qua
540 4224 577 4285 de
600 4243 687 4285 causa
715 4223 814 4285 ridere
836 4223 980 4300 producto
1003 4234 1125 4288 accentu
1148 4227 1368 4305 pronuntietur.
1412 4225 1470 4287 bac

242 4428 259 4480 3
279 4428 402 4493 periimus
421 4429 486 4493 perii
505 4430 527 4480 it
547 4429 660 4494 perimus
679 4429 733 4492 peri
752 4429 777 4477 B
836 4429 852 4477 i
872 4443 937 4489 quae
956 4444 988 4478 ex
1008 4439 1113 4493 utraque
1132 4431 1229 4480 ratione
1245 4430 1296 4482 RB
1312 4445 1379 4494 qrraa
1397 4440 1471 4481 extra

173 4499 239 4547 itane
258 4500 381 4548 rationem
403 4498 500 4554 Maius,
520 4501 564 4563 qrta'
581 4514 631 4561 qua
649 4508 721 4547 extra
739 4513 789 4560 qun
807 4499 905 4547 ratione
923 4501 948 4547 in
967 4502 1052 4549 codice
1069 4516 1126 4549 ease
1140 4500 1273 4551 adnotavit
1341 4501 1470 4550 btraeta·

173 4570 256 4618 bimus
274 4584 290 4616 r
306 4571 473 4619 tractauiruus
493 4568 541 4618 RB
647 4569 680 4618 itt
698 4568 875 4632 pronuntiatur
893 4583 922 4616 ro
941 4571 1171 4632 pronuntianturll
1278 4570 1310 4621 12
1329 4570 1354 4618 in
1370 4586 1416 4621 oua.
1436 4572 1470 4630 11,

173 4639 234 4687 adil.
254 4639 278 4688 B
360 4640 392 4689 to
411 4639 582 4688 barbarismus
602 4639 872 4689 libarirurinrumB
958 4640 992 4688 22
1011 4655 1072 4690 casn
1092 4641 1113 4687 si
1131 4641 1157 4688 in
1172 4656 1216 4690 ro:
1234 4640 1256 4691 si
1275 4640 1366 4692 omit
1435 4642 1469 4692 26

173 4706 319 4772 Terentius]
338 4708 451 4757 Eanucb.
474 4709 495 4756 ii
515 4711 539 4767 2,
560 4709 594 4757 'to
665 4708 773 4757 sartores
792 4708 832 4756 nr
851 4707 963 4758 lautores
983 4710 1006 4759 ti
1073 4710 1108 4759 28
1126 4708 1269 4775 Vergilius]
1288 4708 1369 4762 tamt.
1388 4708 1468 4769 SM.

174 4779 240 4828 Aea.
259 4777 370 4830 111639.
387 4780 433 4828 Vii
452 4778 503 4828 202
573 4778 742 4843 pronuntiarit
760 4792 789 4825 aa
808 4780 984 4841 prornautiauit
1002 4780 1024 4829 li
1076 4779 1109 4830 32
1129 4778 1272 4846 Vergilius]
1289 4780 1355 4831 Aea.
1373 4780 1409 4831 iii
1424 4778 1468 4832 a'tb.

175 4847 287 4898 1111217
358 4847 392 4899 ³6
410 4847 575 4897 tractabimus·
594 4864 609 4896 r·
626 4848 792 4897 tractauimus
810 4847 859 4896 nir
