<?xml version="1.0" encoding="UTF-8"?>
<!DOCTYPE html PUBLIC "-//W3C//DTD XHTML 1.0 Transitional//EN"
    "http://www.w3.org/TR/xhtml1/DTD/xhtml1-transitional.dtd">
<html xmlns="http://www.w3.org/1999/xhtml" xml:lang="en" lang="en">
 <head>
  <title>
</title>
<meta http-equiv="Content-Type" content="text/html;charset=utf-8" />
  <meta name='ocr-system' content='tesseract 3.04.00' />
  <meta name='ocr-capabilities' content='ocr_page ocr_carea ocr_par ocr_line ocrx_word'/>
</head>
<body>
  <div class='ocr_page' id='page_1' title='image "./grammaticilatin05keilgoog/grammaticilatin05keilgoog_0046.png"; bbox 0 0 3314 5506; ppageno 0'>
   <div class='ocr_carea' id='block_1_1' title="bbox 715 369 1479 440">
    <p class='ocr_par' dir='ltr' id='par_1_1' title="bbox 715 369 1479 440">
     <span class='ocr_line' id='line_1_1' title="bbox 715 369 1479 440; baseline 0.009 -8"><span class='ocrx_word' id='word_1_1' title='bbox 715 369 927 434; x_wconf 78' lang='lat' dir='ltr'><strong>PRAEFATIO</strong></span> <span class='ocrx_word' id='word_1_2' title='bbox 1367 391 1479 440; x_wconf 85' lang='lat' dir='ltr'><strong>xxx1x</strong></span> 
     </span>
    </p>
   </div>
   <div class='ocr_carea' id='block_1_2' title="bbox 191 556 1479 1154">
    <p class='ocr_par' dir='ltr' id='par_1_2' title="bbox 191 556 1479 1154">
     <span class='ocr_line' id='line_1_2' title="bbox 195 556 1479 645; baseline 0.003 -22"><span class='ocrx_word' id='word_1_3' title='bbox 195 557 372 623; x_wconf 86' lang='lat' dir='ltr'><strong>auctoritati</strong></span> <span class='ocrx_word' id='word_1_4' title='bbox 394 580 430 622; x_wconf 86' lang='lat' dir='ltr'><strong>se</strong></span> <span class='ocrx_word' id='word_1_5' title='bbox 452 556 638 637; x_wconf 78' lang='lat' dir='ltr'><strong>addixerat,</strong></span> <span class='ocrx_word' id='word_1_6' title='bbox 661 557 880 643; x_wconf 77' lang='lat' dir='ltr'>incorruptam</span> <span class='ocrx_word' id='word_1_7' title='bbox 895 557 971 623; x_wconf 92' lang='lat' dir='ltr'>libri</span> <span class='ocrx_word' id='word_1_8' title='bbox 988 557 1140 640; x_wconf 87' lang='lat' dir='ltr'><strong>formam,</strong></span> <span class='ocrx_word' id='word_1_9' title='bbox 1164 572 1200 627; x_wconf 90' lang='lat' dir='ltr'><strong>ut</strong></span> <span class='ocrx_word' id='word_1_10' title='bbox 1219 561 1281 626; x_wconf 87' lang='lat' dir='ltr'><strong>sibi</strong></span> <span class='ocrx_word' id='word_1_11' title='bbox 1296 562 1479 645; x_wconf 89' lang='lat' dir='ltr'><strong>videbatur,</strong></span> 
     </span>
     <span class='ocr_line' id='line_1_3' title="bbox 194 659 1479 750; baseline 0.005 -26"><span class='ocrx_word' id='word_1_12' title='bbox 194 667 353 724; x_wconf 84' lang='lat' dir='ltr'><strong>assecutus</strong></span> <span class='ocrx_word' id='word_1_13' title='bbox 376 669 441 740; x_wconf 86' lang='lat' dir='ltr'><strong>est,</strong></span> <span class='ocrx_word' id='word_1_14' title='bbox 464 659 654 745; x_wconf 89' lang='lat' dir='ltr'><strong>praesertim</strong></span> <span class='ocrx_word' id='word_1_15' title='bbox 676 681 750 724; x_wconf 90' lang='lat' dir='ltr'><strong>cum</strong></span> <span class='ocrx_word' id='word_1_16' title='bbox 772 682 837 725; x_wconf 92' lang='lat' dir='ltr'><strong>non</strong></span> <span class='ocrx_word' id='word_1_17' title='bbox 859 661 939 725; x_wconf 87' lang='lat' dir='ltr'><strong>satis</strong></span> <span class='ocrx_word' id='word_1_18' title='bbox 961 670 1113 727; x_wconf 90' lang='lat' dir='ltr'><strong>accurate</strong></span> <span class='ocrx_word' id='word_1_19' title='bbox 1133 662 1255 750; x_wconf 91' lang='lat' dir='ltr'><strong>ubique</strong></span> <span class='ocrx_word' id='word_1_20' title='bbox 1278 665 1479 730; x_wconf 87' lang='lat' dir='ltr'><strong>animadver-</strong></span> 
     </span>
     <span class='ocr_line' id='line_1_4' title="bbox 193 759 1479 852; baseline 0.003 -25"><span class='ocrx_word' id='word_1_21' title='bbox 193 763 290 842; x_wconf 89' lang='lat' dir='ltr'><strong>tisset,</strong></span> <span class='ocrx_word' id='word_1_22' title='bbox 313 761 394 847; x_wconf 91' lang='lat' dir='ltr'><strong>quid</strong></span> <span class='ocrx_word' id='word_1_23' title='bbox 415 762 450 826; x_wconf 92' lang='lat' dir='ltr'><strong>in</strong></span> <span class='ocrx_word' id='word_1_24' title='bbox 471 759 527 825; x_wconf 93' lang='lat' dir='ltr'><strong>illo</strong></span> <span class='ocrx_word' id='word_1_25' title='bbox 549 759 661 826; x_wconf 89' lang='lat' dir='ltr'><strong>codice</strong></span> <span class='ocrx_word' id='word_1_26' title='bbox 684 773 828 826; x_wconf 89' lang='lat' dir='ltr'><strong>avetere</strong></span> <span class='ocrx_word' id='word_1_27' title='bbox 850 761 982 828; x_wconf 90' lang='lat' dir='ltr'><strong>librario</strong></span> <span class='ocrx_word' id='word_1_28' title='bbox 1005 766 1163 850; x_wconf 88' lang='lat' dir='ltr'><strong>scriptum</strong></span> <span class='ocrx_word' id='word_1_29' title='bbox 1186 776 1286 846; x_wconf 90' lang='lat' dir='ltr'><strong>esset,</strong></span> <span class='ocrx_word' id='word_1_30' title='bbox 1311 767 1389 852; x_wconf 91' lang='lat' dir='ltr'><strong>quid</strong></span> <span class='ocrx_word' id='word_1_31' title='bbox 1411 789 1479 831; x_wconf 88' lang='lat' dir='ltr'><strong>cor-</strong></span> 
     </span>
     <span class='ocr_line' id='line_1_5' title="bbox 191 862 1479 951; baseline 0.005 -24"><span class='ocrx_word' id='word_1_32' title='bbox 191 865 301 930; x_wconf 75' lang='lat' dir='ltr'><strong>rectori</strong></span> <span class='ocrx_word' id='word_1_33' title='bbox 324 863 508 929; x_wconf 80' lang='lat' dir='ltr'><strong>deberetur.</strong></span> <span class='ocrx_word' id='word_1_34' title='bbox 541 872 685 928; x_wconf 89' lang='lat' dir='ltr'><strong>ceterum</strong></span> <span class='ocrx_word' id='word_1_35' title='bbox 707 865 864 928; x_wconf 90' lang='lat' dir='ltr'><strong>minorem</strong></span> <span class='ocrx_word' id='word_1_36' title='bbox 886 862 927 928; x_wconf 91' lang='lat' dir='ltr'><strong>de</strong></span> <span class='ocrx_word' id='word_1_37' title='bbox 948 874 1021 929; x_wconf 90' lang='lat' dir='ltr'><strong>octo</strong></span> <span class='ocrx_word' id='word_1_38' title='bbox 1041 866 1191 951; x_wconf 89' lang='lat' dir='ltr'><strong>partibus</strong></span> <span class='ocrx_word' id='word_1_39' title='bbox 1213 865 1387 932; x_wconf 88' lang='lat' dir='ltr'><strong>editionem</strong></span> <span class='ocrx_word' id='word_1_40' title='bbox 1403 869 1479 933; x_wconf 90' lang='lat' dir='ltr'><strong>Lin-</strong></span> 
     </span>
     <span class='ocr_line' id='line_1_6' title="bbox 191 965 1477 1052; baseline 0.003 -21"><span class='ocrx_word' id='word_1_41' title='bbox 191 966 364 1031; x_wconf 89' lang='lat' dir='ltr'><strong>demannns</strong></span> <span class='ocrx_word' id='word_1_42' title='bbox 398 986 463 1029; x_wconf 93' lang='lat' dir='ltr'><strong>non</strong></span> <span class='ocrx_word' id='word_1_43' title='bbox 490 966 610 1051; x_wconf 86' lang='lat' dir='ltr'><strong>magis,</strong></span> <span class='ocrx_word' id='word_1_44' title='bbox 643 987 741 1052; x_wconf 90' lang='lat' dir='ltr'><strong>quam</strong></span> <span class='ocrx_word' id='word_1_45' title='bbox 769 965 885 1052; x_wconf 84' lang='lat' dir='ltr'><strong>reliqui</strong></span> <span class='ocrx_word' id='word_1_46' title='bbox 919 967 974 1052; x_wconf 91' lang='lat' dir='ltr'><strong>qui</strong></span> <span class='ocrx_word' id='word_1_47' title='bbox 1004 967 1127 1033; x_wconf 91' lang='lat' dir='ltr'><strong>Donati</strong></span> <span class='ocrx_word' id='word_1_48' title='bbox 1161 977 1263 1032; x_wconf 89' lang='lat' dir='ltr'><strong>artem</strong></span> <span class='ocrx_word' id='word_1_49' title='bbox 1296 968 1477 1052; x_wconf 88' lang='lat' dir='ltr'><strong>ediderunt,</strong></span> 
     </span>
     <span class='ocr_line' id='line_1_7' title="bbox 191 1068 342 1154; baseline -0.013 -22"><span class='ocrx_word' id='word_1_50' title='bbox 191 1068 342 1154; x_wconf 83' lang='lat' dir='ltr'><strong>neglexit.</strong></span> 
     </span>
    </p>
   </div>
   <div class='ocr_carea' id='block_1_3' title="bbox 268 1167 1593 1258">
    <p class='ocr_par' dir='ltr' id='par_1_3' title="bbox 268 1167 1593 1258">
     <span class='ocr_line' id='line_1_8' title="bbox 268 1167 1593 1258; baseline 0.003 -24"><span class='ocrx_word' id='word_1_51' title='bbox 268 1167 383 1234; x_wconf 83' lang='lat' dir='ltr'><strong>Novae</strong></span> <span class='ocrx_word' id='word_1_52' title='bbox 411 1169 561 1234; x_wconf 78' lang='lat' dir='ltr'><strong>editionis</strong></span> <span class='ocrx_word' id='word_1_53' title='bbox 591 1169 749 1234; x_wconf 90' lang='lat' dir='ltr'><strong>rationem</strong></span> <span class='ocrx_word' id='word_1_54' title='bbox 778 1170 892 1255; x_wconf 91' lang='lat' dir='ltr'><strong>paucis</strong></span> <span class='ocrx_word' id='word_1_55' title='bbox 922 1171 1108 1257; x_wconf 81' lang='lat' dir='ltr'><strong>explicabo.</strong></span> <span class='ocrx_word' id='word_1_56' title='bbox 1152 1172 1262 1258; x_wconf 87' lang='lat' dir='ltr'><strong>itaque</strong></span> <span class='ocrx_word' id='word_1_57' title='bbox 1288 1195 1363 1238; x_wconf 88' lang='lat' dir='ltr'><strong>cum</strong></span> <span class='ocrx_word' id='word_1_58' title='bbox 1383 1175 1417 1237; x_wconf 91' lang='lat' dir='ltr'><strong>in</strong></span> <span class='ocrx_word' id='word_1_59' title='bbox 1439 1196 1476 1238; x_wconf 89' lang='lat' dir='ltr'><strong>eo</strong></span> <span class='ocrx_word' id='word_1_60' title='bbox 1591 1167 1593 1172; x_wconf 35' lang='lat'><strong>¹</strong></span> 
     </span>
    </p>
   </div>
   <div class='ocr_carea' id='block_1_4' title="bbox 179 1270 1479 4930">
    <p class='ocr_par' dir='ltr' id='par_1_4' title="bbox 179 1270 1479 4930">
     <span class='ocr_line' id='line_1_9' title="bbox 188 1270 1477 1359; baseline 0.002 -21"><span class='ocrx_word' id='word_1_61' title='bbox 188 1271 281 1354; x_wconf 90' lang='lat' dir='ltr'><strong>libro,</strong></span> <span class='ocrx_word' id='word_1_62' title='bbox 304 1274 362 1359; x_wconf 91' lang='lat' dir='ltr'><strong>qni</strong></span> <span class='ocrx_word' id='word_1_63' title='bbox 383 1272 481 1357; x_wconf 91' lang='lat' dir='ltr'><strong>longo</strong></span> <span class='ocrx_word' id='word_1_64' title='bbox 503 1271 689 1337; x_wconf 84' lang='lat' dir='ltr'><strong>docentium</strong></span> <span class='ocrx_word' id='word_1_65' title='bbox 710 1281 743 1336; x_wconf 94' lang='lat' dir='ltr'><strong>et</strong></span> <span class='ocrx_word' id='word_1_66' title='bbox 764 1270 956 1336; x_wconf 91' lang='lat' dir='ltr'><strong>discentium</strong></span> <span class='ocrx_word' id='word_1_67' title='bbox 977 1294 1038 1336; x_wconf 90' lang='lat' dir='ltr'><strong>usu</strong></span> <span class='ocrx_word' id='word_1_68' title='bbox 1053 1274 1149 1339; x_wconf 89' lang='lat' dir='ltr'><strong>tritus</strong></span> <span class='ocrx_word' id='word_1_69' title='bbox 1167 1280 1265 1355; x_wconf 88' lang='lat' dir='ltr'><strong>esset,</strong></span> <span class='ocrx_word' id='word_1_70' title='bbox 1288 1275 1321 1339; x_wconf 91' lang='lat' dir='ltr'><strong>id</strong></span> <span class='ocrx_word' id='word_1_71' title='bbox 1337 1277 1477 1341; x_wconf 91' lang='lat' dir='ltr'><strong>maxime</strong></span> 
     </span>
     <span class='ocr_line' id='line_1_10' title="bbox 189 1373 1475 1463; baseline 0.004 -25"><span class='ocrx_word' id='word_1_72' title='bbox 189 1384 352 1458; x_wconf 84' lang='lat' dir='ltr'><strong>ageretur,</strong></span> <span class='ocrx_word' id='word_1_73' title='bbox 380 1383 418 1439; x_wconf 92' lang='lat' dir='ltr'><strong>ut</strong></span> <span class='ocrx_word' id='word_1_74' title='bbox 444 1373 669 1460; x_wconf 89' lang='lat' dir='ltr'><strong>antiquissima</strong></span> <span class='ocrx_word' id='word_1_75' title='bbox 692 1382 725 1439; x_wconf 94' lang='lat' dir='ltr'><strong>et</strong></span> <span class='ocrx_word' id='word_1_76' title='bbox 745 1374 955 1459; x_wconf 79' lang='lat' dir='ltr'><strong>integerrima</strong></span> <span class='ocrx_word' id='word_1_77' title='bbox 982 1374 1104 1457; x_wconf 87' lang='lat' dir='ltr'><strong>forma,</strong></span> <span class='ocrx_word' id='word_1_78' title='bbox 1132 1398 1216 1463; x_wconf 88' lang='lat' dir='ltr'><strong>quae</strong></span> <span class='ocrx_word' id='word_1_79' title='bbox 1238 1376 1369 1463; x_wconf 92' lang='lat' dir='ltr'><strong>quidem</strong></span> <span class='ocrx_word' id='word_1_80' title='bbox 1391 1378 1475 1444; x_wconf 91' lang='lat' dir='ltr'><strong>codi-</strong></span> 
     </span>
     <span class='ocr_line' id='line_1_11' title="bbox 187 1474 1477 1563; baseline 0.003 -22"><span class='ocrx_word' id='word_1_81' title='bbox 187 1499 256 1541; x_wconf 92' lang='lat' dir='ltr'><strong>cum</strong></span> <span class='ocrx_word' id='word_1_82' title='bbox 278 1498 379 1540; x_wconf 90' lang='lat' dir='ltr'><strong>manu</strong></span> <span class='ocrx_word' id='word_1_83' title='bbox 401 1477 596 1562; x_wconf 87' lang='lat' dir='ltr'><strong>scriptorum</strong></span> <span class='ocrx_word' id='word_1_84' title='bbox 616 1474 681 1541; x_wconf 89' lang='lat' dir='ltr'><strong>fide</strong></span> <span class='ocrx_word' id='word_1_85' title='bbox 702 1475 889 1562; x_wconf 89' lang='lat' dir='ltr'><strong>recuperari</strong></span> <span class='ocrx_word' id='word_1_86' title='bbox 911 1484 1034 1563; x_wconf 91' lang='lat' dir='ltr'><strong>posset,</strong></span> <span class='ocrx_word' id='word_1_87' title='bbox 1057 1480 1297 1559; x_wconf 86' lang='lat' dir='ltr'><strong>restitueretur,</strong></span> <span class='ocrx_word' id='word_1_88' title='bbox 1321 1501 1363 1544; x_wconf 85' lang='lat' dir='ltr'><strong>ex</strong></span> <span class='ocrx_word' id='word_1_89' title='bbox 1385 1478 1477 1545; x_wconf 86' lang='lat' dir='ltr'><strong>libris</strong></span> 
     </span>
     <span class='ocr_line' id='line_1_12' title="bbox 186 1576 1474 1666; baseline 0.002 -23"><span class='ocrx_word' id='word_1_90' title='bbox 186 1600 283 1666; x_wconf 86' lang='lat' dir='ltr'><strong>supra</strong></span> <span class='ocrx_word' id='word_1_91' title='bbox 305 1578 476 1664; x_wconf 89' lang='lat' dir='ltr'><strong>descriptis</strong></span> <span class='ocrx_word' id='word_1_92' title='bbox 491 1576 575 1663; x_wconf 89' lang='lat' dir='ltr'><strong>elegi</strong></span> <span class='ocrx_word' id='word_1_93' title='bbox 590 1585 672 1659; x_wconf 87' lang='lat' dir='ltr'><strong>tres,</strong></span> <span class='ocrx_word' id='word_1_94' title='bbox 696 1578 888 1642; x_wconf 81' lang='lat' dir='ltr'><strong>Leidensem</strong></span> <span class='ocrx_word' id='word_1_95' title='bbox 904 1578 1135 1643; x_wconf 89' lang='lat' dir='ltr'><strong>Santenianum</strong></span> <span class='ocrx_word' id='word_1_96' title='bbox 1152 1579 1474 1664; x_wconf 74' lang='lat' dir='ltr'><strong>sangermanensem,</strong></span> 
     </span>
     <span class='ocr_line' id='line_1_13' title="bbox 185 1679 1475 1768; baseline 0.002 -22"><span class='ocrx_word' id='word_1_97' title='bbox 185 1683 269 1746; x_wconf 88' lang='lat' dir='ltr'><strong>etin</strong></span> <span class='ocrx_word' id='word_1_98' title='bbox 291 1681 416 1745; x_wconf 90' lang='lat' dir='ltr'><strong>minore</strong></span> <span class='ocrx_word' id='word_1_99' title='bbox 444 1688 514 1745; x_wconf 86' lang='lat' dir='ltr'><strong>arte</strong></span> <span class='ocrx_word' id='word_1_100' title='bbox 541 1689 694 1767; x_wconf 86' lang='lat' dir='ltr'><strong>quartum</strong></span> <span class='ocrx_word' id='word_1_101' title='bbox 715 1679 966 1746; x_wconf 86' lang='lat' dir='ltr'><strong>Emmeramum.</strong></span> <span class='ocrx_word' id='word_1_102' title='bbox 1009 1703 1052 1745; x_wconf 89' lang='lat' dir='ltr'><strong>ex</strong></span> <span class='ocrx_word' id='word_1_103' title='bbox 1079 1681 1197 1768; x_wconf 87' lang='lat' dir='ltr'><strong>quibus</strong></span> <span class='ocrx_word' id='word_1_104' title='bbox 1225 1682 1391 1752; x_wconf 87' lang='lat' dir='ltr'><strong>codicibus</strong></span> <span class='ocrx_word' id='word_1_105' title='bbox 1413 1686 1475 1748; x_wconf 89' lang='lat' dir='ltr'><strong>etsi</strong></span> 
     </span>
     <span class='ocr_line' id='line_1_14' title="bbox 184 1781 1479 1868; baseline 0.002 -20"><span class='ocrx_word' id='word_1_106' title='bbox 184 1782 291 1848; x_wconf 87' lang='lat' dir='ltr'><strong>nullus</strong></span> <span class='ocrx_word' id='word_1_107' title='bbox 314 1783 358 1847; x_wconf 88' lang='lat' dir='ltr'><strong>ab</strong></span> <span class='ocrx_word' id='word_1_108' title='bbox 380 1781 630 1868; x_wconf 86' lang='lat' dir='ltr'><strong>interpolatione</strong></span> <span class='ocrx_word' id='word_1_109' title='bbox 651 1783 839 1867; x_wconf 85' lang='lat' dir='ltr'><strong>posterioris</strong></span> <span class='ocrx_word' id='word_1_110' title='bbox 861 1783 978 1847; x_wconf 87' lang='lat' dir='ltr'><strong>aetatis</strong></span> <span class='ocrx_word' id='word_1_111' title='bbox 1000 1804 1132 1868; x_wconf 88' lang='lat' dir='ltr'><strong>prorsus</strong></span> <span class='ocrx_word' id='word_1_112' title='bbox 1156 1781 1239 1848; x_wconf 89' lang='lat' dir='ltr'><strong>liber</strong></span> <span class='ocrx_word' id='word_1_113' title='bbox 1261 1793 1324 1866; x_wconf 83' lang='lat' dir='ltr'><strong>est,</strong></span> <span class='ocrx_word' id='word_1_114' title='bbox 1347 1786 1432 1851; x_wconf 86' lang='lat' dir='ltr'><strong>sicut</strong></span> <span class='ocrx_word' id='word_1_115' title='bbox 1446 1795 1479 1850; x_wconf 89' lang='lat' dir='ltr'><strong>et</strong></span> 
     </span>
     <span class='ocr_line' id='line_1_15' title="bbox 183 1882 1478 1972; baseline 0.003 -23"><span class='ocrx_word' id='word_1_116' title='bbox 183 1886 254 1970; x_wconf 84' lang='lat' dir='ltr'><strong>ipsa</strong></span> <span class='ocrx_word' id='word_1_117' title='bbox 283 1885 505 1972; x_wconf 86' lang='lat' dir='ltr'><strong>discrepantia</strong></span> <span class='ocrx_word' id='word_1_118' title='bbox 533 1883 680 1949; x_wconf 88' lang='lat' dir='ltr'><strong>codicum</strong></span> <span class='ocrx_word' id='word_1_119' title='bbox 708 1882 805 1948; x_wconf 89' lang='lat' dir='ltr'><strong>docet</strong></span> <span class='ocrx_word' id='word_1_120' title='bbox 826 1892 858 1948; x_wconf 89' lang='lat' dir='ltr'><strong>ct</strong></span> <span class='ocrx_word' id='word_1_121' title='bbox 879 1885 1064 1949; x_wconf 90' lang='lat' dir='ltr'><strong>testimonia</strong></span> <span class='ocrx_word' id='word_1_122' title='bbox 1093 1885 1233 1971; x_wconf 91' lang='lat' dir='ltr'><strong>probant</strong></span> <span class='ocrx_word' id='word_1_123' title='bbox 1253 1889 1478 1970; x_wconf 83' lang='lat' dir='ltr'><strong>grammatico·</strong></span> 
     </span>
     <span class='ocr_line' id='line_1_16' title="bbox 183 1983 1477 2073; baseline 0.004 -23"><span class='ocrx_word' id='word_1_124' title='bbox 183 2008 270 2067; x_wconf 90' lang='lat' dir='ltr'><strong>rum,</strong></span> <span class='ocrx_word' id='word_1_125' title='bbox 305 1988 363 2073; x_wconf 90' lang='lat' dir='ltr'><strong>qui</strong></span> <span class='ocrx_word' id='word_1_126' title='bbox 389 1986 443 2052; x_wconf 83' lang='lat' dir='ltr'><strong>vel</strong></span> <span class='ocrx_word' id='word_1_127' title='bbox 470 1988 542 2073; x_wconf 92' lang='lat' dir='ltr'><strong>ipso</strong></span> <span class='ocrx_word' id='word_1_128' title='bbox 564 1986 695 2052; x_wconf 88' lang='lat' dir='ltr'><strong>Donato</strong></span> <span class='ocrx_word' id='word_1_129' title='bbox 716 1983 770 2051; x_wconf 88' lang='lat' dir='ltr'><strong>vel</strong></span> <span class='ocrx_word' id='word_1_130' title='bbox 792 1986 906 2051; x_wconf 90' lang='lat' dir='ltr'><strong>iisdem</strong></span> <span class='ocrx_word' id='word_1_131' title='bbox 929 1986 1130 2069; x_wconf 88' lang='lat' dir='ltr'><strong>auctoribus,</strong></span> <span class='ocrx_word' id='word_1_132' title='bbox 1159 2009 1240 2073; x_wconf 91' lang='lat' dir='ltr'><strong>quos</strong></span> <span class='ocrx_word' id='word_1_133' title='bbox 1269 1986 1324 2052; x_wconf 94' lang='lat' dir='ltr'><strong>ille</strong></span> <span class='ocrx_word' id='word_1_134' title='bbox 1347 2000 1477 2055; x_wconf 89' lang='lat' dir='ltr'><strong>secutus</strong></span> 
     </span>
     <span class='ocr_line' id='line_1_17' title="bbox 183 2088 1477 2174; baseline 0.002 -21"><span class='ocrx_word' id='word_1_135' title='bbox 183 2101 266 2169; x_wconf 87' lang='lat' dir='ltr'><strong>erat,</strong></span> <span class='ocrx_word' id='word_1_136' title='bbox 296 2091 348 2153; x_wconf 91' lang='lat' dir='ltr'><strong>usi</strong></span> <span class='ocrx_word' id='word_1_137' title='bbox 376 2098 467 2170; x_wconf 89' lang='lat' dir='ltr'><strong>sunt,</strong></span> <span class='ocrx_word' id='word_1_138' title='bbox 497 2097 605 2154; x_wconf 90' lang='lat' dir='ltr'><strong>tamen</strong></span> <span class='ocrx_word' id='word_1_139' title='bbox 627 2110 647 2151; x_wconf 90' lang='lat' dir='ltr'><strong>a</strong></span> <span class='ocrx_word' id='word_1_140' title='bbox 668 2089 810 2174; x_wconf 90' lang='lat' dir='ltr'><strong>genuina</strong></span> <span class='ocrx_word' id='word_1_141' title='bbox 837 2088 943 2153; x_wconf 87' lang='lat' dir='ltr'><strong>forma</strong></span> <span class='ocrx_word' id='word_1_142' title='bbox 964 2090 1112 2173; x_wconf 83' lang='lat' dir='ltr'><strong>proxime</strong></span> <span class='ocrx_word' id='word_1_143' title='bbox 1134 2089 1250 2154; x_wconf 88' lang='lat' dir='ltr'><strong>abesse</strong></span> <span class='ocrx_word' id='word_1_144' title='bbox 1271 2091 1381 2154; x_wconf 87' lang='lat' dir='ltr'><strong>inveni</strong></span> <span class='ocrx_word' id='word_1_145' title='bbox 1403 2091 1477 2156; x_wconf 84' lang='lat' dir='ltr'><strong>Lei·</strong></span> 
     </span>
     <span class='ocr_line' id='line_1_18' title="bbox 182 2189 1478 2278; baseline 0.002 -22"><span class='ocrx_word' id='word_1_146' title='bbox 182 2191 324 2256; x_wconf 86' lang='lat' dir='ltr'><strong>densem.</strong></span> <span class='ocrx_word' id='word_1_147' title='bbox 376 2212 452 2256; x_wconf 87' lang='lat' dir='ltr'><strong>nam</strong></span> <span class='ocrx_word' id='word_1_148' title='bbox 480 2199 517 2254; x_wconf 92' lang='lat' dir='ltr'><strong>ut</strong></span> <span class='ocrx_word' id='word_1_149' title='bbox 544 2191 728 2255; x_wconf 88' lang='lat' dir='ltr'><strong>accuratius</strong></span> <span class='ocrx_word' id='word_1_150' title='bbox 756 2212 854 2276; x_wconf 85' lang='lat' dir='ltr'><strong>quarn</strong></span> <span class='ocrx_word' id='word_1_151' title='bbox 881 2189 999 2277; x_wconf 89' lang='lat' dir='ltr'><strong>reliqui</strong></span> <span class='ocrx_word' id='word_1_152' title='bbox 1026 2191 1166 2278; x_wconf 87' lang='lat' dir='ltr'><strong>scriptus</strong></span> <span class='ocrx_word' id='word_1_153' title='bbox 1195 2199 1259 2271; x_wconf 91' lang='lat' dir='ltr'><strong>est,</strong></span> <span class='ocrx_word' id='word_1_154' title='bbox 1292 2192 1340 2256; x_wconf 88' lang='lat' dir='ltr'><strong>ita</strong></span> <span class='ocrx_word' id='word_1_155' title='bbox 1372 2215 1478 2278; x_wconf 90' lang='lat' dir='ltr'><strong>pauca</strong></span> 
     </span>
     <span class='ocr_line' id='line_1_19' title="bbox 182 2290 1474 2380; baseline 0.002 -23"><span class='ocrx_word' id='word_1_156' title='bbox 182 2315 285 2380; x_wconf 84' lang='lat' dir='ltr'><strong>eaque</strong></span> <span class='ocrx_word' id='word_1_157' title='bbox 320 2293 400 2357; x_wconf 89' lang='lat' dir='ltr'><strong>satis</strong></span> <span class='ocrx_word' id='word_1_158' title='bbox 432 2292 519 2358; x_wconf 85' lang='lat' dir='ltr'><strong>levia</strong></span> <span class='ocrx_word' id='word_1_159' title='bbox 553 2292 687 2357; x_wconf 89' lang='lat' dir='ltr'><strong>arbitrio</strong></span> <span class='ocrx_word' id='word_1_160' title='bbox 719 2290 1006 2377; x_wconf 89' lang='lat' dir='ltr'><strong>grammaticorum</strong></span> <span class='ocrx_word' id='word_1_161' title='bbox 1042 2293 1195 2357; x_wconf 89' lang='lat' dir='ltr'><strong>videntur</strong></span> <span class='ocrx_word' id='word_1_162' title='bbox 1229 2302 1355 2358; x_wconf 89' lang='lat' dir='ltr'><strong>mutata</strong></span> <span class='ocrx_word' id='word_1_163' title='bbox 1391 2316 1474 2359; x_wconf 88' lang='lat' dir='ltr'><strong>esse.</strong></span> 
     </span>
     <span class='ocr_line' id='line_1_20' title="bbox 181 2392 1478 2482; baseline 0.002 -23"><span class='ocrx_word' id='word_1_164' title='bbox 181 2407 296 2482; x_wconf 86' lang='lat' dir='ltr'><strong>postca</strong></span> <span class='ocrx_word' id='word_1_165' title='bbox 316 2396 496 2466; x_wconf 90' lang='lat' dir='ltr'><strong>recentiore</strong></span> <span class='ocrx_word' id='word_1_166' title='bbox 522 2415 622 2458; x_wconf 90' lang='lat' dir='ltr'><strong>manu</strong></span> <span class='ocrx_word' id='word_1_167' title='bbox 643 2392 803 2480; x_wconf 85' lang='lat' dir='ltr'><strong>quaedam</strong></span> <span class='ocrx_word' id='word_1_168' title='bbox 830 2402 956 2459; x_wconf 90' lang='lat' dir='ltr'><strong>mutata</strong></span> <span class='ocrx_word' id='word_1_169' title='bbox 977 2393 1030 2458; x_wconf 88' lang='lat' dir='ltr'><strong>vel</strong></span> <span class='ocrx_word' id='word_1_170' title='bbox 1053 2393 1166 2460; x_wconf 88' lang='lat' dir='ltr'><strong>addita</strong></span> <span class='ocrx_word' id='word_1_171' title='bbox 1188 2404 1274 2460; x_wconf 90' lang='lat' dir='ltr'><strong>sunt.</strong></span> <span class='ocrx_word' id='word_1_172' title='bbox 1317 2398 1422 2481; x_wconf 87' lang='lat' dir='ltr'><strong>magis</strong></span> <span class='ocrx_word' id='word_1_173' title='bbox 1444 2406 1478 2462; x_wconf 93' lang='lat' dir='ltr'><strong>et</strong></span> 
     </span>
     <span class='ocr_line' id='line_1_21' title="bbox 182 2495 1477 2583; baseline 0.002 -21"><span class='ocrx_word' id='word_1_174' title='bbox 182 2518 291 2562; x_wconf 84' lang='lat' dir='ltr'><strong>errore</strong></span> <span class='ocrx_word' id='word_1_175' title='bbox 313 2495 440 2562; x_wconf 87' lang='lat' dir='ltr'><strong>librarii</strong></span> <span class='ocrx_word' id='word_1_176' title='bbox 462 2505 495 2560; x_wconf 89' lang='lat' dir='ltr'><strong>et</strong></span> <span class='ocrx_word' id='word_1_177' title='bbox 515 2495 764 2582; x_wconf 85' lang='lat' dir='ltr'><strong>interpolatione</strong></span> <span class='ocrx_word' id='word_1_178' title='bbox 791 2496 1078 2579; x_wconf 88' lang='lat' dir='ltr'><strong>grammaticorum</strong></span> <span class='ocrx_word' id='word_1_179' title='bbox 1099 2505 1271 2583; x_wconf 89' lang='lat' dir='ltr'><strong>corruptus</strong></span> <span class='ocrx_word' id='word_1_180' title='bbox 1294 2508 1344 2563; x_wconf 92' lang='lat' dir='ltr'><strong>est</strong></span> <span class='ocrx_word' id='word_1_181' title='bbox 1365 2497 1477 2564; x_wconf 83' lang='lat' dir='ltr'><strong>Saute·</strong></span> 
     </span>
     <span class='ocr_line' id='line_1_22' title="bbox 181 2598 1476 2685; baseline -0.001 -19"><span class='ocrx_word' id='word_1_182' title='bbox 181 2601 298 2666; x_wconf 88' lang='lat' dir='ltr'><strong>nianus</strong></span> <span class='ocrx_word' id='word_1_183' title='bbox 331 2598 447 2664; x_wconf 84' lang='lat' dir='ltr'><strong>codex.</strong></span> <span class='ocrx_word' id='word_1_184' title='bbox 491 2621 512 2662; x_wconf 89' lang='lat' dir='ltr'><strong>a</strong></span> <span class='ocrx_word' id='word_1_185' title='bbox 537 2606 718 2663; x_wconf 88' lang='lat' dir='ltr'><strong>correctore</strong></span> <span class='ocrx_word' id='word_1_186' title='bbox 754 2605 880 2679; x_wconf 90' lang='lat' dir='ltr'><strong>autem,</strong></span> <span class='ocrx_word' id='word_1_187' title='bbox 919 2599 975 2685; x_wconf 91' lang='lat' dir='ltr'><strong>qui</strong></span> <span class='ocrx_word' id='word_1_188' title='bbox 1013 2599 1158 2663; x_wconf 88' lang='lat' dir='ltr'><strong>codicem</strong></span> <span class='ocrx_word' id='word_1_189' title='bbox 1191 2598 1476 2684; x_wconf 84' lang='lat' dir='ltr'><strong>neglegentissime</strong></span> 
     </span>
     <span class='ocr_line' id='line_1_23' title="bbox 181 2698 1476 2788; baseline 0.002 -22"><span class='ocrx_word' id='word_1_190' title='bbox 181 2703 340 2788; x_wconf 89' lang='lat' dir='ltr'><strong>scriptum</strong></span> <span class='ocrx_word' id='word_1_191' title='bbox 361 2700 561 2781; x_wconf 86' lang='lat' dir='ltr'><strong>emendavit,</strong></span> <span class='ocrx_word' id='word_1_192' title='bbox 583 2720 648 2764; x_wconf 92' lang='lat' dir='ltr'><strong>non</strong></span> <span class='ocrx_word' id='word_1_193' title='bbox 670 2698 774 2764; x_wconf 89' lang='lat' dir='ltr'><strong>solum</strong></span> <span class='ocrx_word' id='word_1_194' title='bbox 796 2699 969 2765; x_wconf 88' lang='lat' dir='ltr'><strong>manifesta</strong></span> <span class='ocrx_word' id='word_1_195' title='bbox 990 2700 1116 2765; x_wconf 90' lang='lat' dir='ltr'><strong>librarii</strong></span> <span class='ocrx_word' id='word_1_196' title='bbox 1137 2703 1219 2766; x_wconf 83' lang='lat' dir='ltr'><strong>vitia</strong></span> <span class='ocrx_word' id='word_1_197' title='bbox 1233 2712 1394 2783; x_wconf 88' lang='lat' dir='ltr'><strong>correcta,</strong></span> <span class='ocrx_word' id='word_1_198' title='bbox 1419 2702 1476 2768; x_wconf 86' lang='lat' dir='ltr'><strong>sed</strong></span> 
     </span>
     <span class='ocr_line' id='line_1_24' title="bbox 183 2800 1477 2889; baseline -0.001 -19"><span class='ocrx_word' id='word_1_199' title='bbox 183 2805 281 2870; x_wconf 76' lang='lat' dir='ltr'><strong>etiam</strong></span> <span class='ocrx_word' id='word_1_200' title='bbox 302 2802 466 2889; x_wconf 87' lang='lat' dir='ltr'><strong>permulta</strong></span> <span class='ocrx_word' id='word_1_201' title='bbox 487 2824 531 2868; x_wconf 86' lang='lat' dir='ltr'><strong>ex</strong></span> <span class='ocrx_word' id='word_1_202' title='bbox 551 2800 615 2866; x_wconf 83' lang='lat' dir='ltr'><strong>alio</strong></span> <span class='ocrx_word' id='word_1_203' title='bbox 637 2800 748 2867; x_wconf 88' lang='lat' dir='ltr'><strong>codice</strong></span> <span class='ocrx_word' id='word_1_204' title='bbox 769 2802 911 2866; x_wconf 87' lang='lat' dir='ltr'><strong>maxime</strong></span> <span class='ocrx_word' id='word_1_205' title='bbox 933 2800 1126 2889; x_wconf 86' lang='lat' dir='ltr'><strong>interpolato</strong></span> <span class='ocrx_word' id='word_1_206' title='bbox 1149 2803 1262 2869; x_wconf 89' lang='lat' dir='ltr'><strong>addita</strong></span> <span class='ocrx_word' id='word_1_207' title='bbox 1282 2802 1336 2869; x_wconf 88' lang='lat' dir='ltr'><strong>vel</strong></span> <span class='ocrx_word' id='word_1_208' title='bbox 1351 2813 1477 2869; x_wconf 87' lang='lat' dir='ltr'><strong>mutata</strong></span> 
     </span>
     <span class='ocr_line' id='line_1_25' title="bbox 181 2902 1475 2992; baseline 0 -22"><span class='ocrx_word' id='word_1_209' title='bbox 181 2915 267 2970; x_wconf 85' lang='lat' dir='ltr'><strong>sunt.</strong></span> <span class='ocrx_word' id='word_1_210' title='bbox 324 2925 389 2969; x_wconf 92' lang='lat' dir='ltr'><strong>non</strong></span> <span class='ocrx_word' id='word_1_211' title='bbox 421 2902 520 2968; x_wconf 92' lang='lat' dir='ltr'><strong>nullis</strong></span> <span class='ocrx_word' id='word_1_212' title='bbox 552 2903 632 2968; x_wconf 93' lang='lat' dir='ltr'><strong>locis</strong></span> <span class='ocrx_word' id='word_1_213' title='bbox 661 2913 769 2968; x_wconf 89' lang='lat' dir='ltr'><strong>tamen</strong></span> <span class='ocrx_word' id='word_1_214' title='bbox 796 2903 901 2969; x_wconf 85' lang='lat' dir='ltr'><strong>codex</strong></span> <span class='ocrx_word' id='word_1_215' title='bbox 934 2903 1067 2991; x_wconf 87' lang='lat' dir='ltr'><strong>reliquis</strong></span> <span class='ocrx_word' id='word_1_216' title='bbox 1100 2906 1251 2970; x_wconf 86' lang='lat' dir='ltr'><strong>omnibus</strong></span> <span class='ocrx_word' id='word_1_217' title='bbox 1282 2907 1475 2992; x_wconf 83' lang='lat' dir='ltr'><strong>antiquitate</strong></span> 
     </span>
     <span class='ocr_line' id='line_1_26' title="bbox 180 3004 1476 3095; baseline 0.001 -23"><span class='ocrx_word' id='word_1_218' title='bbox 180 3006 330 3095; x_wconf 88' lang='lat' dir='ltr'><strong>superior</strong></span> <span class='ocrx_word' id='word_1_219' title='bbox 350 3006 526 3090; x_wconf 87' lang='lat' dir='ltr'><strong>genuinam</strong></span> <span class='ocrx_word' id='word_1_220' title='bbox 549 3005 743 3091; x_wconf 89' lang='lat' dir='ltr'><strong>scripturam</strong></span> <span class='ocrx_word' id='word_1_221' title='bbox 764 3006 799 3069; x_wconf 91' lang='lat' dir='ltr'><strong>in</strong></span> <span class='ocrx_word' id='word_1_222' title='bbox 821 3006 1056 3070; x_wconf 87' lang='lat' dir='ltr'><strong>recentioribus</strong></span> <span class='ocrx_word' id='word_1_223' title='bbox 1083 3004 1175 3071; x_wconf 90' lang='lat' dir='ltr'><strong>libris</strong></span> <span class='ocrx_word' id='word_1_224' title='bbox 1202 3017 1389 3095; x_wconf 86' lang='lat' dir='ltr'><strong>corruptam</strong></span> <span class='ocrx_word' id='word_1_225' title='bbox 1411 3030 1476 3073; x_wconf 87' lang='lat' dir='ltr'><strong>ser·</strong></span> 
     </span>
     <span class='ocr_line' id='line_1_27' title="bbox 180 3107 1475 3195; baseline 0.001 -22"><span class='ocrx_word' id='word_1_226' title='bbox 180 3111 284 3174; x_wconf 82' lang='lat' dir='ltr'><strong>ravit.</strong></span> <span class='ocrx_word' id='word_1_227' title='bbox 332 3128 444 3173; x_wconf 89' lang='lat' dir='ltr'><strong>eorum</strong></span> <span class='ocrx_word' id='word_1_228' title='bbox 466 3107 621 3171; x_wconf 90' lang='lat' dir='ltr'><strong>librorum</strong></span> <span class='ocrx_word' id='word_1_229' title='bbox 643 3108 700 3194; x_wconf 91' lang='lat' dir='ltr'><strong>qui</strong></span> <span class='ocrx_word' id='word_1_230' title='bbox 721 3108 862 3172; x_wconf 87' lang='lat' dir='ltr'><strong>maxime</strong></span> <span class='ocrx_word' id='word_1_231' title='bbox 888 3107 1074 3194; x_wconf 91' lang='lat' dir='ltr'><strong>interpolati</strong></span> <span class='ocrx_word' id='word_1_232' title='bbox 1100 3117 1176 3175; x_wconf 89' lang='lat' dir='ltr'><strong>sunt</strong></span> <span class='ocrx_word' id='word_1_233' title='bbox 1197 3110 1382 3195; x_wconf 88' lang='lat' dir='ltr'><strong>exemplum</strong></span> <span class='ocrx_word' id='word_1_234' title='bbox 1404 3132 1475 3174; x_wconf 85' lang='lat' dir='ltr'><strong>esse</strong></span> 
     </span>
     <span class='ocr_line' id='line_1_28' title="bbox 181 3209 1475 3298; baseline 0.001 -23"><span class='ocrx_word' id='word_1_235' title='bbox 181 3211 271 3276; x_wconf 82' lang='lat' dir='ltr'><strong>volni</strong></span> <span class='ocrx_word' id='word_1_236' title='bbox 287 3209 623 3295; x_wconf 83' lang='lat' dir='ltr'><strong>Sangermanensem,</strong></span> <span class='ocrx_word' id='word_1_237' title='bbox 646 3210 702 3296; x_wconf 90' lang='lat' dir='ltr'><strong>qui</strong></span> <span class='ocrx_word' id='word_1_238' title='bbox 725 3231 799 3274; x_wconf 91' lang='lat' dir='ltr'><strong>cum</strong></span> <span class='ocrx_word' id='word_1_239' title='bbox 820 3218 1001 3274; x_wconf 89' lang='lat' dir='ltr'><strong>correctore</strong></span> <span class='ocrx_word' id='word_1_240' title='bbox 1024 3209 1213 3275; x_wconf 87' lang='lat' dir='ltr'><strong>Santeniani</strong></span> <span class='ocrx_word' id='word_1_241' title='bbox 1235 3211 1355 3276; x_wconf 89' lang='lat' dir='ltr'><strong>codicis</strong></span> <span class='ocrx_word' id='word_1_242' title='bbox 1378 3234 1475 3298; x_wconf 84' lang='lat' dir='ltr'><strong>saepe</strong></span> 
     </span>
     <span class='ocr_line' id='line_1_29' title="bbox 181 3310 1473 3398; baseline 0.001 -22"><span class='ocrx_word' id='word_1_243' title='bbox 181 3312 358 3392; x_wconf 87' lang='lat' dir='ltr'><strong>consentit,</strong></span> <span class='ocrx_word' id='word_1_244' title='bbox 392 3332 466 3375; x_wconf 90' lang='lat' dir='ltr'><strong>raro</strong></span> <span class='ocrx_word' id='word_1_245' title='bbox 498 3322 607 3376; x_wconf 88' lang='lat' dir='ltr'><strong>autem</strong></span> <span class='ocrx_word' id='word_1_246' title='bbox 636 3311 811 3396; x_wconf 89' lang='lat' dir='ltr'><strong>genuinam</strong></span> <span class='ocrx_word' id='word_1_247' title='bbox 840 3310 1035 3397; x_wconf 88' lang='lat' dir='ltr'><strong>scripturam</strong></span> <span class='ocrx_word' id='word_1_248' title='bbox 1061 3312 1097 3375; x_wconf 91' lang='lat' dir='ltr'><strong>in</strong></span> <span class='ocrx_word' id='word_1_249' title='bbox 1123 3310 1256 3398; x_wconf 90' lang='lat' dir='ltr'><strong>reliquis</strong></span> <span class='ocrx_word' id='word_1_250' title='bbox 1285 3312 1376 3377; x_wconf 90' lang='lat' dir='ltr'><strong>libris</strong></span> <span class='ocrx_word' id='word_1_251' title='bbox 1404 3335 1473 3378; x_wconf 92' lang='lat' dir='ltr'><strong>cor·</strong></span> 
     </span>
     <span class='ocr_line' id='line_1_30' title="bbox 181 3412 1474 3500; baseline -0.001 -20"><span class='ocrx_word' id='word_1_252' title='bbox 181 3425 311 3500; x_wconf 86' lang='lat' dir='ltr'><strong>ruptam</strong></span> <span class='ocrx_word' id='word_1_253' title='bbox 326 3415 480 3479; x_wconf 84' lang='lat' dir='ltr'><strong>servavit.</strong></span> <span class='ocrx_word' id='word_1_254' title='bbox 504 3414 681 3479; x_wconf 87' lang='lat' dir='ltr'><strong>recentiore</strong></span> <span class='ocrx_word' id='word_1_255' title='bbox 695 3435 795 3477; x_wconf 87' lang='lat' dir='ltr'><strong>manu</strong></span> <span class='ocrx_word' id='word_1_256' title='bbox 808 3435 883 3478; x_wconf 89' lang='lat' dir='ltr'><strong>cum</strong></span> <span class='ocrx_word' id='word_1_257' title='bbox 899 3414 980 3478; x_wconf 90' lang='lat' dir='ltr'><strong>vitia</strong></span> <span class='ocrx_word' id='word_1_258' title='bbox 990 3412 1150 3499; x_wconf 87' lang='lat' dir='ltr'><strong>quaedam</strong></span> <span class='ocrx_word' id='word_1_259' title='bbox 1162 3415 1282 3478; x_wconf 86' lang='lat' dir='ltr'><strong>veteris</strong></span> <span class='ocrx_word' id='word_1_260' title='bbox 1294 3416 1474 3500; x_wconf 87' lang='lat' dir='ltr'><strong>scripturae</strong></span> 
     </span>
     <span class='ocr_line' id='line_1_31' title="bbox 181 3513 1474 3601; baseline -0.002 -19"><span class='ocrx_word' id='word_1_261' title='bbox 181 3526 341 3597; x_wconf 84' lang='lat' dir='ltr'><strong>correcta,</strong></span> <span class='ocrx_word' id='word_1_262' title='bbox 357 3524 425 3580; x_wconf 90' lang='lat' dir='ltr'><strong>tum</strong></span> <span class='ocrx_word' id='word_1_263' title='bbox 440 3537 544 3581; x_wconf 86' lang='lat' dir='ltr'><strong>novae</strong></span> <span class='ocrx_word' id='word_1_264' title='bbox 565 3514 831 3601; x_wconf 86' lang='lat' dir='ltr'><strong>interpolationes</strong></span> <span class='ocrx_word' id='word_1_265' title='bbox 854 3513 985 3579; x_wconf 88' lang='lat' dir='ltr'><strong>additae</strong></span> <span class='ocrx_word' id='word_1_266' title='bbox 1008 3523 1092 3578; x_wconf 90' lang='lat' dir='ltr'><strong>sunt.</strong></span> <span class='ocrx_word' id='word_1_267' title='bbox 1122 3517 1224 3600; x_wconf 91' lang='lat' dir='ltr'><strong>igitur</strong></span> <span class='ocrx_word' id='word_1_268' title='bbox 1244 3536 1309 3580; x_wconf 92' lang='lat' dir='ltr'><strong>non</strong></span> <span class='ocrx_word' id='word_1_269' title='bbox 1325 3515 1474 3581; x_wconf 87' lang='lat' dir='ltr'><strong>dubitavi</strong></span> 
     </span>
     <span class='ocr_line' id='line_1_32' title="bbox 182 3615 1474 3706; baseline 0 -24"><span class='ocrx_word' id='word_1_270' title='bbox 182 3621 302 3706; x_wconf 86' lang='lat' dir='ltr'><strong>primas</strong></span> <span class='ocrx_word' id='word_1_271' title='bbox 331 3628 440 3704; x_wconf 84' lang='lat' dir='ltr'><strong>partes</strong></span> <span class='ocrx_word' id='word_1_272' title='bbox 469 3617 611 3681; x_wconf 87' lang='lat' dir='ltr'><strong>tribuere</strong></span> <span class='ocrx_word' id='word_1_273' title='bbox 637 3615 790 3682; x_wconf 91' lang='lat' dir='ltr'><strong>Leidensi</strong></span> <span class='ocrx_word' id='word_1_274' title='bbox 818 3616 936 3696; x_wconf 90' lang='lat' dir='ltr'><strong>codici,</strong></span> <span class='ocrx_word' id='word_1_275' title='bbox 971 3637 1067 3703; x_wconf 90' lang='lat' dir='ltr'><strong>quern</strong></span> <span class='ocrx_word' id='word_1_276' title='bbox 1094 3625 1127 3681; x_wconf 90' lang='lat' dir='ltr'><strong>et</strong></span> <span class='ocrx_word' id='word_1_277' title='bbox 1153 3617 1186 3681; x_wconf 93' lang='lat' dir='ltr'><strong>in</strong></span> <span class='ocrx_word' id='word_1_278' title='bbox 1213 3619 1366 3682; x_wconf 88' lang='lat' dir='ltr'><strong>universa</strong></span> <span class='ocrx_word' id='word_1_279' title='bbox 1398 3616 1474 3682; x_wconf 89' lang='lat' dir='ltr'><strong>libri</strong></span> 
     </span>
     <span class='ocr_line' id='line_1_33' title="bbox 181 3717 1474 3806; baseline -0.001 -21"><span class='ocrx_word' id='word_1_280' title='bbox 181 3720 286 3785; x_wconf 81' lang='lat' dir='ltr'><strong>forma</strong></span> <span class='ocrx_word' id='word_1_281' title='bbox 307 3720 396 3784; x_wconf 89' lang='lat' dir='ltr'><strong>etin</strong></span> <span class='ocrx_word' id='word_1_282' title='bbox 417 3718 555 3805; x_wconf 87' lang='lat' dir='ltr'><strong>singulis</strong></span> <span class='ocrx_word' id='word_1_283' title='bbox 577 3719 686 3784; x_wconf 89' lang='lat' dir='ltr'><strong>verbis</strong></span> <span class='ocrx_word' id='word_1_284' title='bbox 709 3717 943 3784; x_wconf 80' lang='lat' dir='ltr'><strong>constituendis</strong></span> <span class='ocrx_word' id='word_1_285' title='bbox 965 3719 1126 3806; x_wconf 88' lang='lat' dir='ltr'><strong>inprimis</strong></span> <span class='ocrx_word' id='word_1_286' title='bbox 1142 3730 1271 3799; x_wconf 83' lang='lat' dir='ltr'><strong>secutus</strong></span> <span class='ocrx_word' id='word_1_287' title='bbox 1287 3741 1368 3782; x_wconf 90' lang='lat' dir='ltr'><strong>sum.</strong></span> <span class='ocrx_word' id='word_1_288' title='bbox 1398 3718 1474 3784; x_wconf 89' lang='lat' dir='ltr'><strong>huic</strong></span> 
     </span>
     <span class='ocr_line' id='line_1_34' title="bbox 181 3820 1474 3909; baseline -0.001 -22"><span class='ocrx_word' id='word_1_289' title='bbox 181 3824 213 3887; x_wconf 90' lang='lat' dir='ltr'><strong>iu</strong></span> <span class='ocrx_word' id='word_1_290' title='bbox 234 3823 360 3887; x_wconf 90' lang='lat' dir='ltr'><strong>minore</strong></span> <span class='ocrx_word' id='word_1_291' title='bbox 381 3829 451 3886; x_wconf 89' lang='lat' dir='ltr'><strong>arte</strong></span> <span class='ocrx_word' id='word_1_292' title='bbox 472 3843 573 3885; x_wconf 89' lang='lat' dir='ltr'><strong>unum</strong></span> <span class='ocrx_word' id='word_1_293' title='bbox 595 3821 730 3886; x_wconf 90' lang='lat' dir='ltr'><strong>adiunxi</strong></span> <span class='ocrx_word' id='word_1_294' title='bbox 744 3821 986 3886; x_wconf 87' lang='lat' dir='ltr'><strong>Emmeramum</strong></span> <span class='ocrx_word' id='word_1_295' title='bbox 1007 3820 1166 3902; x_wconf 90' lang='lat' dir='ltr'><strong>codicem,</strong></span> <span class='ocrx_word' id='word_1_296' title='bbox 1189 3843 1232 3886; x_wconf 86' lang='lat' dir='ltr'><strong>ex</strong></span> <span class='ocrx_word' id='word_1_297' title='bbox 1252 3844 1316 3909; x_wconf 92' lang='lat' dir='ltr'><strong>quo</strong></span> <span class='ocrx_word' id='word_1_298' title='bbox 1331 3843 1415 3909; x_wconf 90' lang='lat' dir='ltr'><strong>quae</strong></span> <span class='ocrx_word' id='word_1_299' title='bbox 1432 3822 1474 3886; x_wconf 90' lang='lat' dir='ltr'><strong>ad</strong></span> 
     </span>
     <span class='ocr_line' id='line_1_35' title="bbox 183 3922 1472 4010; baseline 0.001 -22"><span class='ocrx_word' id='word_1_300' title='bbox 183 3922 416 3988; x_wconf 89' lang='lat' dir='ltr'><strong>emendandam</strong></span> <span class='ocrx_word' id='word_1_301' title='bbox 438 3923 631 4008; x_wconf 88' lang='lat' dir='ltr'><strong>scripturam</strong></span> <span class='ocrx_word' id='word_1_302' title='bbox 653 3922 824 3987; x_wconf 88' lang='lat' dir='ltr'><strong>Leidensis</strong></span> <span class='ocrx_word' id='word_1_303' title='bbox 847 3923 983 4003; x_wconf 88' lang='lat' dir='ltr'><strong>codicis,</strong></span> <span class='ocrx_word' id='word_1_304' title='bbox 1012 3925 1040 3988; x_wconf 89' lang='lat' dir='ltr'><strong>si</strong></span> <span class='ocrx_word' id='word_1_305' title='bbox 1062 3924 1191 4010; x_wconf 90' lang='lat' dir='ltr'><strong>quando</strong></span> <span class='ocrx_word' id='word_1_306' title='bbox 1218 3933 1371 4010; x_wconf 87' lang='lat' dir='ltr'><strong>corrupta</strong></span> <span class='ocrx_word' id='word_1_307' title='bbox 1393 3935 1472 4005; x_wconf 89' lang='lat' dir='ltr'><strong>erat,</strong></span> 
     </span>
     <span class='ocr_line' id='line_1_36' title="bbox 184 4024 1473 4113; baseline 0.001 -24"><span class='ocrx_word' id='word_1_308' title='bbox 184 4037 258 4113; x_wconf 88' lang='lat' dir='ltr'><strong>apta</strong></span> <span class='ocrx_word' id='word_1_309' title='bbox 284 4024 339 4091; x_wconf 87' lang='lat' dir='ltr'><strong>vel</strong></span> <span class='ocrx_word' id='word_1_310' title='bbox 369 4024 477 4112; x_wconf 88' lang='lat' dir='ltr'><strong>aliquo</strong></span> <span class='ocrx_word' id='word_1_311' title='bbox 505 4024 601 4089; x_wconf 90' lang='lat' dir='ltr'><strong>modo</strong></span> <span class='ocrx_word' id='word_1_312' title='bbox 629 4025 853 4090; x_wconf 90' lang='lat' dir='ltr'><strong>memorabilia</strong></span> <span class='ocrx_word' id='word_1_313' title='bbox 881 4047 951 4089; x_wconf 90' lang='lat' dir='ltr'><strong>csse</strong></span> <span class='ocrx_word' id='word_1_314' title='bbox 978 4025 1176 4090; x_wconf 83' lang='lat' dir='ltr'><strong>videbantur</strong></span> <span class='ocrx_word' id='word_1_315' title='bbox 1196 4026 1360 4111; x_wconf 86' lang='lat' dir='ltr'><strong>adscripta</strong></span> <span class='ocrx_word' id='word_1_316' title='bbox 1382 4036 1473 4107; x_wconf 85' lang='lat' dir='ltr'><strong>sunt;</strong></span> 
     </span>
     <span class='ocr_line' id='line_1_37' title="bbox 182 4125 1473 4214; baseline -0.001 -23"><span class='ocrx_word' id='word_1_317' title='bbox 182 4150 251 4192; x_wconf 89' lang='lat' dir='ltr'><strong>raro</strong></span> <span class='ocrx_word' id='word_1_318' title='bbox 280 4150 325 4192; x_wconf 87' lang='lat' dir='ltr'><strong>ex</strong></span> <span class='ocrx_word' id='word_1_319' title='bbox 352 4127 516 4212; x_wconf 88' lang='lat' dir='ltr'><strong>excerptis</strong></span> <span class='ocrx_word' id='word_1_320' title='bbox 539 4127 728 4191; x_wconf 88' lang='lat' dir='ltr'><strong>Santeniani</strong></span> <span class='ocrx_word' id='word_1_321' title='bbox 755 4125 879 4191; x_wconf 82' lang='lat' dir='ltr'><strong>codicis</strong></span> <span class='ocrx_word' id='word_1_322' title='bbox 906 4127 1064 4213; x_wconf 89' lang='lat' dir='ltr'><strong>quaedam</strong></span> <span class='ocrx_word' id='word_1_323' title='bbox 1092 4128 1211 4214; x_wconf 89' lang='lat' dir='ltr'><strong>recepi.</strong></span> <span class='ocrx_word' id='word_1_324' title='bbox 1256 4150 1360 4213; x_wconf 85' lang='lat' dir='ltr'><strong>neque</strong></span> <span class='ocrx_word' id='word_1_325' title='bbox 1389 4129 1473 4191; x_wconf 89' lang='lat' dir='ltr'><strong>onim</strong></span> 
     </span>
     <span class='ocr_line' id='line_1_38' title="bbox 183 4227 1474 4315; baseline -0.002 -20"><span class='ocrx_word' id='word_1_326' title='bbox 183 4233 300 4295; x_wconf 90' lang='lat' dir='ltr'><strong>maiore</strong></span> <span class='ocrx_word' id='word_1_327' title='bbox 321 4252 403 4293; x_wconf 88' lang='lat' dir='ltr'><strong>cura</strong></span> <span class='ocrx_word' id='word_1_328' title='bbox 424 4227 542 4312; x_wconf 90' lang='lat' dir='ltr'><strong>dignus</strong></span> <span class='ocrx_word' id='word_1_329' title='bbox 565 4251 637 4292; x_wconf 89' lang='lat' dir='ltr'><strong>esse</strong></span> <span class='ocrx_word' id='word_1_330' title='bbox 659 4229 832 4294; x_wconf 88' lang='lat' dir='ltr'><strong>videbatur</strong></span> <span class='ocrx_word' id='word_1_331' title='bbox 854 4227 998 4308; x_wconf 89' lang='lat' dir='ltr'><strong>libellus,</strong></span> <span class='ocrx_word' id='word_1_332' title='bbox 1021 4252 1085 4314; x_wconf 87' lang='lat' dir='ltr'><strong>quo</strong></span> <span class='ocrx_word' id='word_1_333' title='bbox 1107 4229 1204 4294; x_wconf 84' lang='lat' dir='ltr'><strong>facilc</strong></span> <span class='ocrx_word' id='word_1_334' title='bbox 1224 4251 1334 4294; x_wconf 88' lang='lat' dir='ltr'><strong>carere</strong></span> <span class='ocrx_word' id='word_1_335' title='bbox 1348 4238 1474 4315; x_wconf 87' lang='lat' dir='ltr'><strong>potera-</strong></span> 
     </span>
     <span class='ocr_line' id='line_1_39' title="bbox 182 4331 1473 4416; baseline -0.002 -20"><span class='ocrx_word' id='word_1_336' title='bbox 182 4355 265 4412; x_wconf 92' lang='lat' dir='ltr'><strong>mus,</strong></span> <span class='ocrx_word' id='word_1_337' title='bbox 294 4331 359 4396; x_wconf 89' lang='lat' dir='ltr'><strong>nisi</strong></span> <span class='ocrx_word' id='word_1_338' title='bbox 388 4340 522 4416; x_wconf 87' lang='lat' dir='ltr'><strong>propter</strong></span> <span class='ocrx_word' id='word_1_339' title='bbox 544 4331 653 4395; x_wconf 90' lang='lat' dir='ltr'><strong>studia</strong></span> <span class='ocrx_word' id='word_1_340' title='bbox 674 4332 889 4416; x_wconf 88' lang='lat' dir='ltr'><strong>posteriorum</strong></span> <span class='ocrx_word' id='word_1_341' title='bbox 911 4334 1211 4416; x_wconf 88' lang='lat' dir='ltr'><strong>grammaticorum,</strong></span> <span class='ocrx_word' id='word_1_342' title='bbox 1240 4333 1295 4416; x_wconf 93' lang='lat' dir='ltr'><strong>qui</strong></span> <span class='ocrx_word' id='word_1_343' title='bbox 1326 4351 1399 4393; x_wconf 89' lang='lat' dir='ltr'><strong>oum</strong></span> <span class='ocrx_word' id='word_1_344' title='bbox 1427 4332 1473 4394; x_wconf 88' lang='lat' dir='ltr'><strong>sic</strong></span> 
     </span>
     <span class='ocr_line' id='line_1_40' title="bbox 182 4431 1473 4520; baseline -0.003 -21"><span class='ocrx_word' id='word_1_345' title='bbox 182 4445 215 4499; x_wconf 92' lang='lat' dir='ltr'><strong>ut</strong></span> <span class='ocrx_word' id='word_1_346' title='bbox 235 4433 397 4520; x_wconf 89' lang='lat' dir='ltr'><strong>reliquam</strong></span> <span class='ocrx_word' id='word_1_347' title='bbox 414 4433 536 4496; x_wconf 90' lang='lat' dir='ltr'><strong>Donati</strong></span> <span class='ocrx_word' id='word_1_348' title='bbox 558 4444 661 4497; x_wconf 88' lang='lat' dir='ltr'><strong>artem</strong></span> <span class='ocrx_word' id='word_1_349' title='bbox 683 4434 922 4498; x_wconf 89' lang='lat' dir='ltr'><strong>commentariis</strong></span> <span class='ocrx_word' id='word_1_350' title='bbox 945 4443 1179 4519; x_wconf 84' lang='lat' dir='ltr'><strong>exposuerunt,</strong></span> <span class='ocrx_word' id='word_1_351' title='bbox 1201 4435 1235 4497; x_wconf 89' lang='lat' dir='ltr'><strong>in</strong></span> <span class='ocrx_word' id='word_1_352' title='bbox 1258 4454 1351 4496; x_wconf 88' lang='lat' dir='ltr'><strong>suum</strong></span> <span class='ocrx_word' id='word_1_353' title='bbox 1366 4431 1473 4495; x_wconf 86' lang='lat' dir='ltr'><strong>locum</strong></span> 
     </span>
     <span class='ocr_line' id='line_1_41' title="bbox 182 4533 1474 4621; baseline -0.001 -22"><span class='ocrx_word' id='word_1_354' title='bbox 182 4535 398 4602; x_wconf 90' lang='lat' dir='ltr'><strong>restituendus</strong></span> <span class='ocrx_word' id='word_1_355' title='bbox 421 4533 547 4598; x_wconf 85' lang='lat' dir='ltr'><strong>fuisset.</strong></span> <span class='ocrx_word' id='word_1_356' title='bbox 577 4537 611 4598; x_wconf 93' lang='lat' dir='ltr'><strong>in</strong></span> <span class='ocrx_word' id='word_1_357' title='bbox 632 4537 752 4603; x_wconf 85' lang='lat' dir='ltr'><strong>maiore</strong></span> <span class='ocrx_word' id='word_1_358' title='bbox 774 4544 842 4599; x_wconf 89' lang='lat' dir='ltr'><strong>arte</strong></span> <span class='ocrx_word' id='word_1_359' title='bbox 864 4546 994 4621; x_wconf 90' lang='lat' dir='ltr'><strong>praeter</strong></span> <span class='ocrx_word' id='word_1_360' title='bbox 1014 4535 1207 4601; x_wconf 90' lang='lat' dir='ltr'><strong>Leidensem</strong></span> <span class='ocrx_word' id='word_1_361' title='bbox 1228 4533 1372 4599; x_wconf 88' lang='lat' dir='ltr'><strong>codicem</strong></span> <span class='ocrx_word' id='word_1_362' title='bbox 1393 4535 1474 4598; x_wconf 88' lang='lat' dir='ltr'><strong>into·</strong></span> 
     </span>
     <span class='ocr_line' id='line_1_42' title="bbox 181 4634 1473 4724; baseline -0.005 -19"><span class='ocrx_word' id='word_1_363' title='bbox 181 4663 266 4724; x_wconf 82' lang='lat' dir='ltr'><strong>gram</strong></span> <span class='ocrx_word' id='word_1_364' title='bbox 294 4639 496 4724; x_wconf 87' lang='lat' dir='ltr'><strong>scripturam</strong></span> <span class='ocrx_word' id='word_1_365' title='bbox 523 4636 644 4701; x_wconf 89' lang='lat' dir='ltr'><strong>codicis</strong></span> <span class='ocrx_word' id='word_1_366' title='bbox 666 4634 855 4701; x_wconf 79' lang='lat' dir='ltr'><strong>Senteniani</strong></span> <span class='ocrx_word' id='word_1_367' title='bbox 883 4649 916 4702; x_wconf 89' lang='lat' dir='ltr'><strong>et</strong></span> <span class='ocrx_word' id='word_1_368' title='bbox 938 4638 1227 4721; x_wconf 84' lang='lat' dir='ltr'><strong>Sangcrmanensis</strong></span> <span class='ocrx_word' id='word_1_369' title='bbox 1250 4635 1395 4700; x_wconf 85' lang='lat' dir='ltr'><strong>exhibui.</strong></span> <span class='ocrx_word' id='word_1_370' title='bbox 1439 4638 1473 4699; x_wconf 93' lang='lat' dir='ltr'><strong>in</strong></span> 
     </span>
     <span class='ocr_line' id='line_1_43' title="bbox 179 4735 1473 4828; baseline -0.003 -21"><span class='ocrx_word' id='word_1_371' title='bbox 179 4764 236 4828; x_wconf 88' lang='lat' dir='ltr'><strong>qno</strong></span> <span class='ocrx_word' id='word_1_372' title='bbox 263 4764 304 4807; x_wconf 87' lang='lat' dir='ltr'><strong>ea</strong></span> <span class='ocrx_word' id='word_1_373' title='bbox 333 4761 421 4828; x_wconf 86' lang='lat' dir='ltr'><strong>quac</strong></span> <span class='ocrx_word' id='word_1_374' title='bbox 449 4741 484 4802; x_wconf 89' lang='lat' dir='ltr'><strong>in</strong></span> <span class='ocrx_word' id='word_1_375' title='bbox 508 4738 705 4803; x_wconf 88' lang='lat' dir='ltr'><strong>Santeniano</strong></span> <span class='ocrx_word' id='word_1_376' title='bbox 727 4739 838 4803; x_wconf 89' lang='lat' dir='ltr'><strong>codice</strong></span> <span class='ocrx_word' id='word_1_377' title='bbox 860 4738 973 4802; x_wconf 86' lang='lat' dir='ltr'><strong>addita</strong></span> <span class='ocrx_word' id='word_1_378' title='bbox 995 4749 1086 4821; x_wconf 90' lang='lat' dir='ltr'><strong>sunt,</strong></span> <span class='ocrx_word' id='word_1_379' title='bbox 1114 4751 1152 4804; x_wconf 89' lang='lat' dir='ltr'><strong>ut</strong></span> <span class='ocrx_word' id='word_1_380' title='bbox 1178 4735 1363 4823; x_wconf 87' lang='lat' dir='ltr'><strong>exemplum</strong></span> <span class='ocrx_word' id='word_1_381' title='bbox 1391 4740 1473 4803; x_wconf 87' lang='lat' dir='ltr'><strong>anti-</strong></span> 
     </span>
     <span class='ocr_line' id='line_1_44' title="bbox 179 4839 1473 4930; baseline -0.005 -19"><span class='ocrx_word' id='word_1_382' title='bbox 179 4847 350 4930; x_wconf 84' lang='lat' dir='ltr'><strong>quissimae</strong></span> <span class='ocrx_word' id='word_1_383' title='bbox 373 4839 634 4927; x_wconf 89' lang='lat' dir='ltr'><strong>interpolationis</strong></span> <span class='ocrx_word' id='word_1_384' title='bbox 656 4848 800 4921; x_wconf 87' lang='lat' dir='ltr'><strong>extaret,</strong></span> <span class='ocrx_word' id='word_1_385' title='bbox 822 4839 913 4905; x_wconf 90' lang='lat' dir='ltr'><strong>uncis</strong></span> <span class='ocrx_word' id='word_1_386' title='bbox 935 4840 1092 4927; x_wconf 90' lang='lat' dir='ltr'><strong>adpositis</strong></span> <span class='ocrx_word' id='word_1_387' title='bbox 1114 4843 1148 4905; x_wconf 88' lang='lat' dir='ltr'><strong>in</strong></span> <span class='ocrx_word' id='word_1_388' title='bbox 1169 4840 1381 4906; x_wconf 89' lang='lat' dir='ltr'><strong>continuitate</strong></span> <span class='ocrx_word' id='word_1_389' title='bbox 1402 4863 1473 4906; x_wconf 88' lang='lat' dir='ltr'><strong>vcr-</strong></span> 
     </span>
    </p>
   </div>
   <div class='ocr_carea' id='block_1_5' title="bbox 0 0 1662 5506">
    <p class='ocr_par' dir='ltr' id='par_1_5' title="bbox 0 0 1662 5506">
     <span class='ocr_line' id='line_1_45' title="bbox 0 0 1662 5506; baseline 0 4"><span class='ocrx_word' id='word_1_390' title='bbox 0 0 1662 5506; x_wconf 95' lang='lat' dir='ltr'><strong> </strong></span> 
     </span>
    </p>
   </div>
  </div>
 </body>
</html>
