3346 5506
509 383 714 446 expetunt.
738 382 775 444 ΙΝ
793 381 976 443 counivit
998 381 1068 442 utu.
1093 380 1102 441 1
1385 386 1447 449 493

1243 500 1264 540 p.
1278 487 1322 530 eor.
1336 488 1361 528 oa
1375 487 1398 530 e.

170 568 308 650 quidquid
332 571 409 630 enim
431 571 525 649 gignit
547 579 596 632 aut
618 544 760 649 gignitur,
783 570 840 630 hoc
862 576 959 648 potest
980 586 1072 646 genus
1095 566 1152 626 dici
1174 576 1203 627 ει
1225 585 1317 644 genus
1339 566 1446 628 iacere.

168 670 245 750 quod
268 671 416 731 siveram
439 680 496 741 est,
520 670 599 733 nulla
620 680 716 751 potest
736 690 785 732 res
812 672 959 749 integrum
988 685 1081 746 genus
1103 667 1212 728 habere
1235 669 1292 728 nisi
1312 668 1448 729 maseuli-

166 789 238 832 num
261 780 291 833 et
313 771 497 834 femininum.
535 792 607 852 ergo
628 776 657 834 in
681 772 856 834 animalibus
874 789 1030 852 possumus
1050 779 1129 831 certa
1152 788 1261 848 genera
1283 769 1447 850 deprehen·

166 872 248 944 dere,
271 883 305 935 ut
325 882 394 954 puta
423 875 470 935 hic
499 894 606 955 equus,
630 875 702 936 haec
725 894 814 955 equa;
838 884 936 935 cetera
960 892 1042 943 vero,
1066 892 1140 953 quac
1162 891 1304 950 generare
1327 879 1377 932 aut
1397 890 1447 950 ge·

164 977 265 1037 aerari
288 994 348 1036 non
370 987 506 1056 possunt,
532 997 590 1037 ncn
605 976 715 1039 habent
730 984 809 1039 certa
831 994 940 1055 genera
962 994 978 1036 a
1001 983 1121 1046 natura,
1144 974 1194 1035 sed
1217 973 1253 1034 ah
1275 975 1474 1035 auctoritates

162 1078 337 1158 suscipiunt.
381 1086 468 1158 atque
502 1081 531 1140 iu
563 1079 609 1139 his
641 1077 813 1159 plerumque
841 1080 1000 1140 auctoritas
1028 1086 1124 1139 nutat:
1153 1086 1223 1156 puta
1249 1074 1373 1154 legimus
1400 1074 1448 1136 hic

161 1178 238 1241 silex
269 1188 299 1241 ει
325 1179 397 1241 haec
424 1179 511 1251 silex,
539 1179 663 1259 legimus
692 1182 740 1242 iric
770 1189 869 1242 cortex
898 1189 927 1241 ει
949 1181 1021 1241 haee
1043 1187 1154 1239 cortex.
1198 1196 1272 1257 quae
1294 1196 1380 1238 causa
1404 1186 1449 1238 est

161 1280 370 1352 dubitationis,
398 1283 454 1343 nisi
480 1282 558 1361 quod
586 1291 691 1345 natura
718 1283 758 1344 ibi
786 1302 845 1343 uon
873 1291 931 1353 est,
960 1301 1035 1361 quae
1062 1299 1164 1341 sexum
1187 1280 1357 1340 confirmet?
1393 1297 1449 1340 nec

159 1383 309 1445 audemus
336 1401 404 1452 nos,
435 1385 571 1462 quoniam
601 1403 695 1463 genus
717 1404 776 1447 non
799 1394 842 1446 est
863 1387 893 1445 in
916 1385 1041 1465 pariete,
1071 1380 1148 1444 aliud
1171 1380 1284 1452 dicere,
1307 1400 1394 1462 quam
1416 1391 1449 1442 ut

156 1483 299 1564 legimus.
343 1485 393 1546 ubi
416 1487 494 1547 enim
522 1504 570 1547 ars
598 1487 711 1558 deficit,
740 1487 871 1548 succedit
898 1488 1064 1548 auctoritas.
1108 1485 1205 1544 onrnia
1227 1485 1316 1562 igitur
1338 1502 1446 1563 genera
1461 1502 1485 1542 lo

153 1584 338 1667 principalia
362 1587 419 1648 duo
442 1596 510 1649 sunt
532 1596 655 1658 tantum,
677 1587 790 1668 reliqua
805 1608 874 1649 vero
896 1588 965 1649 inde
987 1587 1178 1648 descendunt.
1209 1604 1275 1647 nam
1291 1604 1447 1647 commune

152 1706 260 1768 genus
288 1687 360 1749 nihil
388 1698 432 1749 est
459 1690 552 1761 aliud,
581 1691 638 1751 nisi
665 1689 856 1752 masculinum
887 1700 916 1751 et
936 1690 1125 1758 femininum
1149 1695 1285 1748 neutrum
1309 1687 1382 1748 nihil
1404 1697 1449 1750 est

150 1789 258 1878 aliud,
282 1791 339 1851 uisi
360 1790 438 1871 quod
460 1809 515 1851 nee
537 1791 729 1853 masculinum
753 1810 808 1852 nec
835 1793 1018 1853 femininum.
1061 1789 1130 1871 quid
1154 1807 1224 1866 ergo
1247 1791 1395 1869 sequitur?
1423 1790 1448 1851 si

147 1899 304 1954 neutrum
327 1900 385 1961 est,
410 1910 467 1952 non
491 1901 589 1973 potest
611 1912 675 1955 esse
697 1892 875 1954 animalium.
896 1891 899 1976 ι
920 1894 1046 1954 diximus
1062 1894 1138 1953 enim
1155 1890 1322 1953 animalium
1338 1908 1446 1970 genera

145 2001 244 2056 certa
267 2011 344 2065 esse,
373 1992 418 2054 vel
440 1993 598 2055 masculina
621 1995 664 2056 vel
687 1996 841 2064 feminina,
874 2004 977 2057 neutra
1000 2013 1063 2056 esse
1087 2012 1145 2055 uon
1170 2011 1269 2072 posse,
1292 1993 1485 2073 apudLa·1s

145 2097 241 2158 linos
262 2095 422 2157 dumtaxat.
466 2104 597 2157 ceterum
619 2099 651 2157 in
673 2099 785 2158 Graeco
807 2117 964 2178 possumus
985 2097 1127 2157 invenire.
1158 2114 1225 2156 nam
1247 2103 1327 2156 cetos
1342 2097 1447 2158 Graeci

141 2196 338 2260 neutraliter
365 2195 466 2258 dicunt
492 2193 530 2258 τὸ
556 2197 670 2279 κῆτος,
699 2209 729 2260 ει
749 2199 893 2278 Vergilius
919 2200 1102 2260 ‘inmania
1129 2203 1236 2258 cete’.
1281 2196 1448 2259 nominibus

139 2301 279 2362 neutris
299 2317 358 2360 non
382 2299 464 2370 dant,
488 2307 520 2361 ut
541 2299 678 2361 animalia
700 2300 755 2362 hoc
777 2319 887 2380 genere
910 2303 1108 2362 nominentur.
1139 2317 1195 2360 nec
1217 2319 1349 2380 opponas
1369 2298 1447 2381 quod

141 2401 273 2463 dicitur
294 2399 351 2462 hoc
373 2403 565 2480 mancipium,
589 2421 655 2463 cum
679 2421 739 2463 non
761 2422 848 2464 serus
869 2404 1051 2482 significetur
1073 2402 1130 2463 hoc
1153 2402 1280 2473 nornine,
1303 2401 1354 2463 sed
1377 2420 1447 2463 con-

134 2503 249 2566 dicio.
293 2503 364 2564 hinc
392 2503 429 2564 de
456 2506 561 2566 ostreis
589 2505 836 2584 quaesitum'est,
865 2507 948 2568 euius
976 2514 1074 2567 essent
1103 2506 1230 2584 generis.
1273 2503 1382 2566 animai
1403 2512 1485 2570 estro

133 2615 211 2668 aut
233 2622 296 2666 non
323 2614 376 2666 εει.
397 2606 519 2667 animai:
549 2608 573 2666 si
595 2604 703 2668 animal
725 2615 783 2674 est,
812 2615 949 2670 neutrum
972 2614 1113 2678 nonest,
1136 2606 1188 2668 sed
1211 2607 1399 2677 femininum:
1422 2610 1447 2669 si

130 2719 221 2770 lion
243 2713 291 2768 est
316 2706 437 2778 animal,
469 2717 606 2770 neutrum
630 2711 694 2772 erit.
738 2709 820 2789 prius
842 2728 913 2790 ergo
936 2709 1024 2771 dehet
1045 2716 1196 2786 constare,
1219 2715 1318 2769 uuum
1340 2708 1448 2770 animai

129 2811 195 2871 sit
219 2826 260 2869 an
283 2825 352 2869 non.
382 2808 434 2870 sed
457 2809 526 2891 quid
549 2810 585 2870 de
608 2813 715 2872 carnei
737 2811 804 2872 ideo
825 2813 880 2873 ista
903 2811 1066 2872 differentia
1088 2818 1235 2880 servatur,
1259 2820 1291 2870 ut
1305 2810 1342 2871 de
1357 2828 1447 2871 carne

127 2906 223 2993 ipsa
258 2908 433 2973 femininum
465 2912 593 2984 dicatur,
627 2932 665 2974 ne
696 2914 818 2992 incipiat
846 2932 895 2974 res
928 2912 1062 2974 animalis
1096 2930 1162 2974 esse
1189 2914 1307 2990 generis
1335 2913 1447 2980 neutri;

127 3017 234 3075 testa
268 3029 338 3073 vero
367 3014 431 3092 ipsa
464 3016 581 3091 generis
613 3017 726 3085 neutri,
756 3034 793 3076 ne
824 3014 902 3095 quod
931 3013 1038 3075 animal
1065 3031 1124 3074 uon
1151 3021 1196 3075 est
1217 3014 1322 3075 habeat
1343 3031 1445 3092 genus,
1460 3038 1485 3079 as

129 3112 240 3196 quod
263 3116 452 3191 cognoscitur
473 3133 527 3194 per
548 3123 698 3188 naturam,
721 3126 753 3177 ut
773 3119 812 3177 ita
835 3116 967 3177 dicamus
989 3115 1112 3192 ‘frange
1134 3115 1231 3175 omnia
1252 3118 1307 3177 ista
1322 3121 1447 3185 ostrea',

127 3214 301 3298 quoniam
329 3221 434 3277 testam
463 3216 609 3279 tracturus
636 3226 693 3290 est,
727 3226 757 3279 ct
784 3216 916 3279 ‘comedi
943 3216 1049 3279 multas
1076 3222 1215 3286 ostreas',
1245 3218 1274 3277 id
1302 3226 1346 3278 cst
1367 3215 1445 3278 illam

129 3330 224 3381 tem
252 3334 329 3397 quae
357 3317 491 3379 animalis
518 3327 570 3379 εει.
616 3337 687 3398 ergo
714 3328 851 3381 neutrum
879 3337 971 3398 genus
993 3327 1050 3388 est,
1074 3317 1152 3397 quod
1175 3335 1230 3378 uec
1253 3317 1445 3379 masculinum

128 3429 202 3483 εει
237 3436 295 3480 nee
328 3415 515 3488 femininum
551 3439 721 3492 commune,
754 3421 833 3502 quod
863 3431 893 3481 et
920 3418 1114 3481 masculinum
1144 3428 1173 3481 et
1200 3419 1374 3481 femininum
1403 3431 1447 3480 est

131 3527 286 3585 tantum.
330 3531 460 3582 ceterum
484 3541 543 3583 non
566 3533 610 3584 est
631 3522 825 3585 masculinum
849 3532 877 3584 et
900 3532 1037 3584 neutrum
1061 3521 1105 3583 rel
1128 3522 1299 3583 femininum
1322 3531 1352 3582 ει
1373 3539 1485 3589 neu-³0

128 3629 241 3687 trum
264 3640 435 3695 commune,
463 3625 494 3683 in
516 3627 694 3686 nominativo
722 3624 834 3687 scilicet
856 3643 925 3686 casu
948 3626 1132 3704 peremnia.
1177 3633 1309 3686 ceterum
1330 3626 1360 3684 in
1383 3623 1447 3683 aliis

129 3724 280 3791 casibus
305 3743 461 3804 possumus
488 3728 620 3788 invenire
641 3727 835 3800 masculinum
859 3734 889 3788 ει
910 3737 1062 3795 neutrum,
1091 3734 1123 3786 ut
1145 3725 1232 3787 docto
1254 3726 1372 3788 doctum
1395 3726 1445 3786 do-

128 3839 293 3894 ctorum:
315 3845 470 3907 possumus
486 3829 657 3890 femininum
674 3839 703 3892 et
723 3838 875 3900 neutrum,
891 3829 944 3891 sed
958 3847 1013 3909 per
1028 3828 1160 3909 dispares
1181 3848 1280 3898 casae,
1304 3838 1336 3889 ut
1351 3829 1446 3898 docta,

127 3933 246 3994 docta
286 3927 404 3999 mulier,
449 3930 535 3991 docta
574 3933 728 4010 mancipia.
783 3934 956 3999 nominativi
997 3949 1081 3993 casus
1124 3933 1242 3993 nomina
1285 3949 1445 4012 numquam

129 4039 287 4109 possum
313 4049 378 4092 esse
406 4035 573 4092 communia
600 4035 657 4094 nisi
685 4053 721 4094 ex
748 4033 910 4096 masculino
939 4043 968 4096 et
995 4034 1152 4104 feminino,
1181 4044 1213 4094 ut
1240 4034 1289 4094 hic
1317 4041 1346 4095 et
1373 4033 1484 4099 haecas

129 4131 316 4202 sacerdos,
339 4133 388 4194 hic
409 4142 438 4194 et
462 4134 535 4197 haec
557 4135 655 4214 agilis;
684 4139 753 4198 item
777 4139 866 4197 trium
889 4154 1047 4214 generum,
1070 4144 1102 4196 ut
1123 4135 1171 4196 hic
1194 4135 1316 4197 ethaeo
1338 4136 1446 4197 ethoc

134 4232 241 4297 felix.
286 4235 343 4295 hoc
370 4252 457 4297 omne
487 4235 593 4297 dicitur
621 4256 723 4317 genus.
749 4239 753 4319 ι
780 4246 824 4299 εει
851 4240 938 4299 etiam
966 4241 1142 4318 epicoenon,
1176 4238 1254 4318 quod
1283 4237 1372 4319 [non]
1402 4247 1447 4299 εει

248 4387 262 4438 1
282 4389 365 4455 giguit
383 4390 424 4438 uei
443 4391 556 4455 gignitur
570 4392 614 4440 FS
697 4392 714 4442 6
732 4393 813 4455 adque
833 4393 889 4441 ideo
910 4392 990 4442 iuliis
1008 4392 1049 4442 L:
1069 4392 1125 4441 ideo
1142 4407 1187 4445 om.
1206 4393 1248 4442 rs
1333 4400 1403 4441 nutat
1421 4392 1445 4439 L

141 4465 241 4508 mutet
253 4457 280 4507 F
291 4468 361 4507 uetat
378 4457 400 4506 S
484 4459 502 4510 8
520 4470 608 4512 nutura
626 4461 661 4509 ibi
681 4477 730 4511 uon
749 4473 796 4514 εει,
818 4463 843 4509 iu
861 4464 957 4527 pariete
974 4477 1033 4511 uero
1051 4462 1120 4511 aliud
1138 4463 1222 4511 dicere
1242 4477 1317 4525 quiam
1335 4463 1446 4526 tegimus

142 4537 209 4579 non
227 4542 366 4592 possumus
379 4528 405 4576 F
470 4529 586 4596 tigerius
604 4546 654 4579 non
673 4542 711 4581 est
729 4534 754 4582 in
773 4533 828 4597 pari
848 4542 872 4582 ει
890 4533 913 4581 L
928 4548 1009 4598 genus
1029 4542 1066 4580 est
1089 4534 1114 4594 in
1132 4534 1228 4597 pariete
1245 4535 1266 4582 S
1335 4531 1368 4581 10
1385 4530 1445 4579 deti-

146 4600 194 4647 eit
213 4597 408 4648 FSdeieeitL
496 4603 527 4652 14
545 4601 816 4652 diximusticimus
835 4603 859 4651 L
943 4599 1128 4667 iiVergilius]
1146 4604 1213 4655 Aen.
1234 4602 1321 4652 V822
1391 4611 1445 4650 ceta

155 4667 212 4718 Lu
224 4669 319 4718 eetaS
387 4668 421 4718 20
442 4669 474 4718 de
491 4673 580 4720 ostreis
597 4673 622 4720 F
637 4672 669 4720 de
687 4671 795 4722 lrostreis
813 4674 835 4722 S
851 4672 882 4720 de
897 4674 972 4721 ostris
988 4673 1028 4720 L:
1045 4670 1080 4735 εί.
1100 4672 1172 4725 Serv.
1190 4677 1214 4722 in
1237 4672 1315 4734 Verg.
1329 4685 1417 4735 georg.
1436 4672 1444 4718 i

151 4735 211 4788 207
281 4737 316 4790 23
334 4752 365 4787 au
382 4752 431 4786 non
446 4741 496 4799 ,sed
516 4742 577 4804 quid
594 4743 639 4792 FS
652 4756 736 4792 annon
750 4743 782 4792 sit
799 4741 857 4804 quid
878 4743 903 4791 L
986 4745 1019 4792 27
1039 4751 1105 4791 testa
1121 4742 1245 4792 tracturus
1263 4750 1302 4789 est
1322 4741 1367 4790 LS
1381 4749 1445 4791 teste

156 4802 242 4858 iuncta
255 4807 331 4857 eutr
377 4809 1053 4864 34nominatiuicususuominaFuominatiuieasus
1069 4813 1218 4863 nominatiui
1240 4812 1263 4859 L
1315 4809 1349 4861 ³7
1363 4826 1445 4877 genus

161 4876 236 4927 etiam
249 4877 390 4943 epicoenon
410 4889 437 4928 ut
454 4895 585 4930 commuue
604 4882 646 4930 r'S
1344 4900 1346 4905 ·
