3346 5506
559 392 764 456 Exrtnnnr.
787 392 825 454 lN
848 392 1025 455 DONATVM
1047 391 1117 453 llll.
1140 390 1152 453 l
1438 394 1499 458 489

1293 497 1447 550 mmmm

199 583 338 654 haeret,
360 585 399 644 ita
422 590 454 643 ut
475 583 605 661 separari
627 600 685 642 non
708 583 810 662 possit.
854 582 879 642 si
901 581 981 642 dieas
1003 598 1082 649 eras,
1112 596 1170 639 non
1195 584 1240 638 est
1261 594 1378 638 sensus:
1417 577 1498 638 addis

198 687 357 756 verbum,
381 691 465 746 ‘cras
488 684 618 754 laciam’,
643 690 725 743 ‘cras
747 683 876 758 dieam'‚
899 681 996 744 addita
1017 679 1102 742 verba
1124 678 1239 758 inplent
1260 697 1387 740 sensum.
1430 699 1498 759 par·

190 789 315 867 ticipia
349 786 425 848 dicta
458 794 539 857 sunt,
573 785 649 864 quod
682 794 795 865 partem
832 787 951 864 capiunt
978 783 1118 853 nominis,
1145 788 1259 860 partem
1283 780 1376 842 verbi:
1407 800 1498 842 ano·

191 891 296 950 mine
319 887 430 949 habent
451 905 558 966 genera
581 897 610 948 et
632 905 730 958 eosne,
754 905 770 947 a
792 885 881 946 verbo
904 895 1036 965 tempora
1052 893 1082 945 et
1103 884 1343 961 significationes,
1366 883 1402 943 ab
1418 892 1498 944 utro-

188 1009 270 1072 que
301 1007 459 1051 numerum
488 999 517 1050 et
544 990 676 1067 figuram.
722 989 887 1049 coniunctio
915 988 991 1049 dicta
1020 994 1064 1048 est
1093 984 1130 1046 ab
1158 1004 1208 1057 eo,
1237 986 1313 1065 quod
1342 985 1524 1064 coniungats

190 1092 429 1154 elocutionem:
454 1097 526 1170 ‘ego
549 1100 580 1151 tu
603 1092 734 1151 venimus
756 1090 792 1151 ad
816 1090 940 1161 lorum',
964 1107 1069 1151 sensus
1091 1095 1203 1158 manet,
1226 1087 1276 1148 sed
1298 1089 1440 1148 inconexa
1456 1096 1500 1149 est

187 1194 328 1262 oratio;
358 1195 556 1273 interponitur
585 1201 614 1253 et
642 1200 671 1253 et
698 1193 849 1271 coniungit
877 1191 1088 1261 elocutionem,
1111 1196 1183 1268 ‘ego
1205 1196 1235 1250 et
1256 1201 1287 1250 tu
1309 1192 1441 1250 venimus
1463 1189 1499 1249 ad

187 1297 342 1358 forunr'.
387 1297 566 1375 praepositio
594 1293 670 1355 dicta
701 1300 758 1362 est,
788 1295 853 1374 quia
881 1297 912 1354 in
945 1292 1091 1373 loquendo
1122 1293 1326 1371 praeponitur,
1354 1299 1386 1353 ut
1414 1295 1499 1352 ‘ante

191 1396 361 1477 templum
372 1401 392 1468 ’‚
415 1396 509 1477 ‘apud
533 1397 669 1456 amicos'.
698 1395 838 1475 numquid
861 1396 927 1456 dico
950 1394 1106 1476 ‘templum
1123 1399 1218 1465 ante',
1242 1395 1368 1455 ‘amieos
1383 1395 1499 1475 apud'?

191 1500 232 1560 si
258 1499 307 1562 sic
331 1498 440 1569 dicam,
464 1500 520 1560 erit
541 1498 613 1559 ordo
635 1505 853 1578 praeposterus.
897 1507 941 1559 est
963 1498 1051 1558 etiem
1073 1498 1247 1567 interiectio,
1270 1514 1345 1576 quae
1366 1497 1498 1578 interpo·
1514 1511 1537 1551 ιο

193 1604 298 1662 uitur
320 1599 358 1661 ad
381 1600 604 1680 exprimendum
626 1602 715 1661 animi
738 1607 863 1669 motum,
887 1608 916 1660 et
937 1599 1110 1678 plerumque
1126 1598 1203 1679 quod
1219 1603 1385 1677 exprimere
1400 1618 1499 1662 sermo

193 1719 275 1764 nou
305 1710 420 1782 potest,
452 1702 509 1764 hoc
536 1705 703 1764 interiectio
738 1699 872 1780 explicat.
916 1710 1047 1780 utputa
1074 1705 1099 1762 si
1127 1700 1258 1762 dicamus
1281 1707 1432 1765 ‘mortuus
1454 1713 1499 1766 est

191 1801 374 1875 Achilles’,
397 1813 496 1865 utrum
518 1803 593 1866 laete
615 1805 671 1865 hoc
693 1804 770 1864 ieras
793 1821 830 1864 an
852 1812 978 1873 maeste,
1001 1803 1096 1863 adhuc
1119 1821 1179 1864 non
1201 1807 1381 1883 expressisti.
1425 1804 1500 1866 dicis

192 1908 209 1936 ‘
224 1905 289 1968 vali
310 1915 447 1967 mortuus
469 1914 513 1968 est
535 1905 663 1968 Achilles
671 1911 689 1977 ²,
721 1904 875 1967 ostendisti
898 1905 975 1985 quod
998 1904 1054 1966 hoc
1077 1904 1154 1967 laete
1179 1906 1265 1966 ieras.
1303 1909 1375 1969 item
1398 1905 1497 1970 dixisti

194 2011 211 2039 ‘
225 2024 287 2069 rae
308 2015 445 2070 mortuus
467 2017 512 2070 eat
533 2007 688 2078 Achilles’,
711 2007 866 2068 ostendisti
887 2005 965 2087 quod
988 2017 1099 2068 maeste
1120 2002 1208 2070 lenas.
1245 2011 1286 2071 ita
1307 2007 1395 2080 illud,
1419 2009 1497 2090 quod
1512 2022 1535 2062 ¹⁵

191 2125 273 2172 non
296 2112 448 2191 potuimus
476 2108 624 2191 explicare
652 2113 767 2187 integro
790 2119 819 2170 et
841 2107 912 2171 alias
933 2107 1022 2190 pleno
1044 2127 1194 2179 sermone,
1218 2109 1331 2172 adiecta
1352 2111 1409 2173 hac
1430 2130 1497 2193 par-

192 2209 303 2274 ticula
327 2214 528 2291 exprimimus.
559 2212 691 2273 decursis
712 2215 803 2290 igitur
818 2218 884 2274 octo
905 2208 1072 2290 particulis,
1096 2211 1201 2292 quibus
1223 2212 1350 2274 efficitur
1371 2213 1498 2276 humana

187 2307 341 2385 locutio,
364 2323 498 2394 superest
521 2313 718 2376 accidentium
740 2317 855 2394 speeies
877 2320 1062 2392 expromere.
1100 2332 1167 2375 num
1189 2333 1269 2376 nunc
1290 2315 1497 2378 vocabulorum

189 2420 331 2479 tantum
353 2415 441 2478 modo
463 2418 608 2478 rationem
632 2418 838 2495 expressimus.

748 2602 796 2664 DE
817 2602 972 2665 NOMINE.
1511 2619 1536 2658 no

297 2739 431 2801 ‘Nomen
461 2749 505 2802 est
533 2759 602 2820 pars
629 2743 772 2802 orationis
800 2758 866 2800 cum
894 2757 964 2800 casu
986 2758 1095 2820 corpus
1116 2748 1166 2801 aut
1188 2758 1251 2801 rem
1274 2743 1395 2820 proprie
1418 2760 1498 2802 eom·

190 2844 379 2905 muniterve
408 2842 603 2921 significans'.
625 2843 629 2921 Ι
649 2842 791 2904 habemus
818 2845 849 2903 in
876 2842 1068 2903 Aristotelicis
1096 2849 1125 2902 et
1145 2843 1176 2902 in
1199 2843 1306 2904 Stoicis
1333 2846 1498 2923 praeceptis

191 2954 237 3007 et
262 2943 331 3005 lere
353 2945 483 3004 omnium
508 2944 583 3005 hanc
606 2962 669 3005 esse
691 2944 851 3022 perlectam
875 2943 1091 3012 definitionem,
1115 2962 1190 3023 quae
1212 2952 1329 3024 separat
1351 2963 1368 3004 a
1390 2947 1499 3006 ceteris

193 3043 421 3109 communibus
449 3063 511 3107 rem
535 3053 564 3106 et
586 3065 667 3107 suam
680 3048 902 3126 proprietatem
925 3045 1067 3115 ostendit,
1095 3053 1127 3106 ut
1148 3055 1218 3126 puta
1242 3046 1347 3107 ‘homo
1370 3054 1414 3106 est
1435 3047 1513 3133 ani-¹

193 3146 270 3210 mal
294 3146 439 3208 rationale
461 3147 585 3209 mortale
608 3151 685 3209 risus
706 3153 826 3227 eapax’.
871 3147 950 3217 vide,
980 3165 1066 3225 quem
1090 3147 1126 3208 ad
1149 3147 1268 3208 modum
1292 3156 1322 3208 et
1343 3156 1460 3227 separat
1481 3168 1535 3210 aas

198 3247 420 3311 communibus
442 3259 472 3310 et
494 3247 566 3310 dicit
587 3252 749 3330 proprium.
796 3266 862 3309 nam
886 3248 1011 3309 dicendo
1034 3247 1141 3309 ‘homo
1164 3258 1208 3310 est
1230 3248 1355 3311 animal’
1379 3267 1497 3329 separa·

200 3354 250 3413 uit
280 3369 298 3411 a
326 3348 437 3431 lapide,
467 3350 593 3412 dicendo
622 3348 799 3411 ‘rationale'
827 3352 971 3427 separavit
999 3367 1015 3409 a
1043 3348 1150 3420 beluiS,
1180 3349 1305 3413 dicendo
1339 3350 1497 3412 ‘mortale’

205 3454 359 3534 separavit
381 3471 397 3512 a
420 3452 604 3513 numinibus:
634 3454 728 3514 ‘risus
750 3456 868 3530 capax’,
897 3454 955 3511 iam
979 3451 1035 3512 hoc
1056 3454 1210 3532 proprium
1232 3462 1277 3513 est
1297 3453 1398 3533 ipsius.
1441 3455 1497 3515 ista

208 3563 256 3616 est
279 3571 353 3633 ergo
380 3551 469 3633 plena
496 3554 637 3617 delinitio.
674 3554 730 3614 hoc
752 3555 845 3615 secuti
867 3560 935 3614 sunt
957 3557 1045 3614 etiam
1067 3557 1249 3633 grammatici
1271 3557 1302 3614 in
1325 3553 1498 3616 deliniendis

213 3656 303 3720 rebus
331 3661 360 3717 et
387 3657 427 3717 ita
456 3656 608 3726 dixerunt,
637 3656 722 3737 ‘quid
753 3664 797 3716 est
824 3657 953 3717 nomen?
980 3674 1088 3718 nomen
1111 3662 1155 3715 est
1177 3675 1246 3735 pars
1267 3658 1408 3717 orationis
1430 3675 1497 3718 cum
1511 3678 1536 3719 so

214 3774 283 3820 casu
311 3776 420 3839 corpus
448 3767 496 3819 ant
525 3777 588 3819 renr
617 3761 736 3839 proprie
765 3760 996 3819 communiterve
1024 3759 1220 3837 significans&
1265 3757 1390 3819 dicendo
1413 3765 1498 3820 ‘cum

217 3863 301 3922 easu’
325 3862 472 3940 separavit
493 3879 510 3920 a
532 3860 637 3932 verbo,
667 3861 811 3939 separarit
832 3858 869 3920 ab
897 3858 1050 3931 adverbio,
1073 3861 1218 3941 separavit
1241 3879 1258 3922 a
1281 3861 1497 3933 coniunctione,

215 3962 361 4042 separavit
383 3981 398 4022 a
421 3965 655 4043 praepositione,
679 3965 824 4040 separavit
845 3961 881 4022 ab
904 3963 1121 4031 interiectione;
1146 3961 1241 4023 adhuc
1264 3983 1280 4024 a
1303 3961 1416 4024 duabus
1430 3981 1498 4043 par·

215 4062 291 4125 tibus
312 4080 373 4124 non
396 4066 556 4144 separavit,
579 4084 595 4125 a
618 4065 793 4143 pronomine
816 4073 845 4125 et
866 4065 1031 4143 participio.
1076 4082 1143 4125 nam
1166 4064 1302 4126 accidunt
1324 4083 1408 4126 cesus
1429 4082 1499 4144 pro-

213 4166 325 4226 nomini
348 4173 377 4224 et
399 4168 562 4246 participio.
594 4167 661 4244 quid
686 4185 757 4244 ergo
779 4174 897 4246 separat
919 4185 1026 4227 nomen
1048 4166 1084 4227 ab
1107 4165 1183 4227 illis?
1209 4185 1336 4245 persona
1357 4165 1402 4228 vel
1425 4174 1498 4228 tem·
1512 4189 1537 4230 as

212 4286 281 4348 pus:
310 4285 377 4328 nam
407 4285 532 4347 persona
560 4270 768 4349 pronominum
797 4277 855 4339 est,
886 4277 1003 4347 tempus
1031 4269 1262 4348 participiorum.
1306 4276 1441 4349 superest
1467 4275 1500 4329 ut

211 4369 360 4439 dicamus,
384 4369 452 4449 quid
476 4372 514 4432 sit
534 4372 688 4451 proprium
712 4372 802 4451 ipsius
824 4372 961 4432 nominis.
990 4377 1023 4431 ut
1044 4373 1082 4431 sit
1104 4369 1148 4430 vel
1170 4373 1323 4450 proprium
1339 4369 1384 4432 vel
1399 4368 1498 4451 appel·

297 4608 314 4658 2
333 4607 419 4658 addita
436 4609 513 4658 uerba
532 4610 557 4658 F
574 4609 658 4659 addita
678 4611 752 4659 uerbo
774 4612 814 4676 hp
894 4610 1088 4672 auenniensem
1102 4609 1289 4669 emunctione,
1305 4607 1447 4659 coniunctio
1465 4633 1498 4646 -

210 4678 303 4744 lorum,
322 4685 382 4744 post
397 4679 560 4740 definitionem
576 4682 780 4746 praepositionis,
801 4681 1191 4747 praepositio—praeposterus,
1209 4679 1303 4732 liudem
1313 4677 1369 4739 tr,
1381 4692 1429 4729 ruo
1444 4681 1499 4729 ioco

207 4750 249 4813 ps
318 4748 385 4811 quod
402 4749 538 4814 coniungat
557 4749 722 4800 elocutionem
743 4750 786 4800 FS
800 4753 890 4817 iungat
910 4751 1061 4801 locutionem
1077 4749 1118 4814 Lp
1170 4747 1360 4817 1211meoe
1377 4744 1450 4799 LFS

212 4820 242 4869 li
262 4818 439 4885 exprimimus.
469 4834 513 4869 rau
531 4834 624 4872 rncrrrr
643 4835 773 4871 reserans
793 4837 825 4872 ne
837 4836 952 4874 aruceus
969 4835 1091 4873 ranrraus
1105 4834 1136 4871 rr
1153 4833 1273 4873 narrum
1284 4819 1421 4872 iamim
1435 4830 1501 4864 ΙΙΔ·

208 4903 292 4941 rrorua
314 4887 348 4951 S)
366 4887 460 4937 Nouren
480 4898 518 4939 est
536 4889 579 4940 FS
638 4892 672 4942 20
689 4904 721 4940 us
740 4907 838 4943 nonius
856 4909 903 4949 om,
918 4892 958 4955 Lp
1028 4891 1061 4943 24
1074 4890 1247 4958 proprietate!
