3346 5506
467 377 675 439 exortunr.
699 378 736 440 ΙΝ
759 378 938 440 honnrvtr
961 379 1031 440 LlB.
1054 380 1067 440 l
1341 385 1401 447 505

1195 489 1313 539 pero-m
1327 488 1350 529 L.

121 563 262 625 cantando
299 565 420 625 activam
457 563 546 627 hahet
579 566 831 644 significationem.
876 583 947 644 ergo
974 585 1041 627 cum
1074 568 1129 627 ista
1166 568 1253 627 etiarn
1289 569 1403 646 agentis

119 666 360 745 significationem
387 666 528 737 habeant,
557 685 616 726 non
644 674 725 727 recte
754 686 787 728 ea
811 666 934 727 dicimus
956 669 1123 747 participia,
1148 669 1199 729 sed
1221 670 1326 730 modus
1348 677 1401 730 est.

118 776 162 828 est
183 769 270 829 etiam
294 770 478 829 coucessivns
500 768 623 838 moduS,
652 770 703 849 qui
725 788 760 829 ex
782 769 837 830 hac
866 787 952 830 causa
977 777 1141 838 natusest,
1172 771 1249 850 quod
1273 770 1401 850 plerum-

116 888 175 949 que
196 868 403 931 altercationes
424 872 612 948 interrumpit
634 879 664 931 et
685 870 760 933 tollit
783 871 868 931 nobis
884 873 1118 943 contentionem,
1142 881 1174 933 ut
1196 880 1265 953 puta
1289 879 1400 934 ‘verum

114 979 161 1033 est
182 969 282 1042 illud’,
305 980 336 1032 tn
359 972 430 1033 dicis
453 978 573 1034 ‘verum
597 991 655 1033 non
677 980 754 1034 est':
779 982 841 1034 orta
865 971 1021 1051 contentio
1044 981 1097 1034 est.
1142 973 1213 1035 haec
1236 993 1295 1035 uuo
1318 975 1427 1036 dissi-s

113 1072 247 1134 mutante
276 1076 464 1154 conpescitur
492 1082 522 1135 et
548 1075 681 1146 sedatur,
712 1076 780 1136 dum
815 1076 889 1137 alter
918 1074 1003 1136 alteri
1030 1075 1165 1136 concedit
1193 1078 1312 1137 viceris:
1342 1095 1400 1137 non

111 1175 247 1237 concedo
269 1193 370 1237 verum
394 1194 477 1245 esse,
500 1176 552 1237 sed
575 1179 657 1257 quasi
680 1196 795 1246 verum,
827 1196 863 1238 ne
887 1179 1034 1238 contentio
1057 1177 1198 1257 procedat
1219 1179 1249 1238 io
1272 1177 1400 1257 longum,

111 1278 189 1339 haec
218 1286 248 1339 et
274 1279 381 1339 linitiva
410 1278 556 1339 dicuntur.
601 1281 655 1341 ista
684 1282 761 1340 enim
790 1282 888 1342 omnia
917 1279 1113 1358 conpendium
1137 1280 1222 1340 nobis
1244 1288 1401 1359 praestant,

110 1400 153 1441 ne
176 1398 232 1459 per
253 1381 456 1442 circuitionem
486 1380 594 1442 diutius
616 1380 723 1461 aliquid
747 1382 891 1452 dicamus,
920 1401 985 1457 curn
1009 1400 1164 1461 possumus
1191 1381 1300 1442 habere
1323 1401 1401 1443 com-

108 1481 268 1563 pendium.
297 1481 402 1544 melius
424 1484 502 1543 onim
523 1482 595 1543 dicis
618 1485 734 1553 vicetia,
759 1502 844 1562 quam
867 1485 892 1545 si
915 1484 994 1545 dicas
1017 1484 1166 1545 ‘concedo
1189 1483 1241 1545 tibi
1263 1486 1401 1565 quoniam
1416 1500 1440 1540 m

111 1585 238 1645 vicisti’.

200 1685 345 1747 Accidunt
367 1687 455 1747 etiam
477 1687 604 1758 iormae,
628 1707 701 1766 quae
723 1707 842 1749 sensum
865 1686 990 1760 hahent,
1020 1706 1078 1748 non
1102 1667 1342 1760 declinationem,
1372 1697 1403 1750 ut

105 1787 206 1850 modi.
236 1806 304 1848 nam
326 1787 406 1849 modi
429 1787 654 1849 declinationem
677 1789 787 1851 habent
802 1798 831 1852 et
851 1789 918 1851 ideo
941 1792 1023 1869 quasi
1039 1808 1122 1851 casus
1145 1788 1302 1851 verborum
1317 1799 1400 1860 sunt;

107 1892 148 1952 in
169 1890 275 1953 lormis
296 1898 393 1952 autem
416 1891 644 1968 significationes
667 1901 747 1953 sunt:
774 1883 842 1955 nam
865 1892 1038 1963 ostendunt,
1062 1911 1119 1971 quo
1134 1891 1223 1953 modo
1238 1890 1402 1972 loquamur.

112 2001 224 2054 matura
248 2010 348 2054 rerum
371 1994 413 2054 sic
435 1992 570 2054 formavit
593 2001 675 2054 actus
697 1995 855 2057 humanos:
885 2002 1041 2074 antequam
1064 1995 1150 2055 iaciat
1173 1993 1440 2075 homoaliquid,1s

109 2096 214 2175 primo
242 2096 353 2174 cogitat
380 2103 410 2155 et
436 2094 594 2156 meditatur
615 2103 647 2156 ut
675 2094 775 2166 iaciat,
805 2106 834 2157 et
856 2097 962 2157 dicitur
984 2097 1080 2157 lorrua
1101 2096 1282 2163 meditativa,
1305 2105 1338 2158 ut
1361 2107 1405 2159 est

107 2198 232 2267 mutio,
261 2196 290 2257 id
318 2205 363 2258 est
389 2196 477 2259 edere
506 2196 586 2263 volo.
614 2199 761 2276 parturio,
795 2217 902 2278 parere
930 2198 1011 2269 volo,
1040 2198 1179 2271 lecturio,
1208 2197 1306 2278 legere
1329 2199 1404 2261 volo.

109 2299 198 2360 vides
224 2300 279 2360 ista
308 2299 407 2360 omnia
433 2298 600 2360 meditantis
628 2319 702 2361 esse.
747 2301 853 2362 deinde
881 2320 948 2363 cum
971 2300 1128 2362 meditatus
1149 2300 1252 2372 luerit,
1275 2302 1403 2372 inchoat,

106 2410 148 2462 et
169 2401 276 2463 dicitur
297 2399 390 2463 iorma
413 2401 592 2471 inchoativa,
614 2409 648 2462 ut
668 2408 788 2482 tepesco
810 2401 939 2474 calesco,
967 2403 996 2463 id
1021 2410 1066 2464 est
1086 2411 1188 2481 tepere
1209 2404 1333 2483 incipio,
1357 2423 1404 2465 ca-

104 2499 182 2565 lere
209 2504 328 2584 incipio.
374 2521 441 2563 cum
469 2504 664 2575 inchoaverit,
693 2506 751 2565 iam
778 2506 906 2583 perlicit,
941 2514 970 2566 et
1002 2504 1108 2567 dicitur
1139 2504 1234 2567 lorma
1263 2507 1403 2585 perlecta,
1418 2522 1443 2563 ao

103 2624 206 2687 quam
240 2606 327 2667 etiam
359 2603 521 2667 absolutam
554 2615 672 2678 vocant,
702 2615 734 2669 ut
762 2606 843 2669 caleo
871 2615 967 2688 tepeo.
1011 2609 1035 2668 si
1063 2607 1141 2668 idem
1170 2609 1286 2687 saepius
1308 2608 1404 2679 iaciat,

102 2706 330 2788 frequentativa
359 2706 454 2768 lorma
481 2707 603 2780 dicitur,
633 2716 667 2770 nt
688 2712 797 2771 ventito
826 2713 956 2789 pransito
979 2709 1106 2771 clamito.
1136 2710 1297 2772 secundnm
1320 2719 1404 2771 natu·

98 2823 181 2873 ram
210 2827 281 2888 ergo
309 2808 387 2870 idem
417 2817 462 2871 est
488 2808 592 2873 formis
619 2811 708 2882 ordo,
738 2814 840 2891 quiin
862 2812 984 2873 actibus.
1029 2829 1100 2889 ergo
1123 2812 1288 2873 meditativa
1310 2813 1404 2872 torma

99 2928 238 2992 semper
265 2912 296 2971 in
322 2912 368 2972 rio
397 2912 471 2983 exit,
500 2920 533 2972 ut
560 2911 684 2975 lecturio
707 2915 818 2983 esurio,
846 2915 1010 2974 inchoativa
1032 2914 1062 2974 in
1084 2931 1149 2987 sco,
1173 2921 1204 2973 ut
1226 2912 1339 2973 calesco
1362 2921 1403 2974 te-

101 3027 217 3093 pesco.
251 3020 281 3074 et
301 3014 378 3075 scire
401 3012 542 3074 debemus
556 3015 721 3076 inchoativa
737 3033 794 3076 noo
812 3034 889 3085 esse,
913 3017 969 3076 nisi
983 3015 1036 3075 has
1052 3013 1209 3075 habuerint
1224 3033 1286 3085 res,
1309 3017 1404 3095 primo
1418 3037 1442 3074 aa

97 3123 147 3178 ιη
170 3116 317 3194 originem
340 3115 458 3176 trahant
479 3134 496 3176 a
519 3116 645 3177 neutrali
668 3117 758 3178 verbo
780 3117 925 3179 secundae
941 3117 1168 3194 coniugatiouis,
1192 3116 1298 3177 deinde
1322 3125 1354 3178 ut
1374 3119 1404 3176 in

99 3235 168 3281 sco
191 3215 301 3297 syllaba
323 3218 520 3278 terminentur
555 3226 585 3278 et
616 3220 678 3298 ipsa
706 3219 870 3279 inchoativa
899 3220 1001 3279 tertiae
1023 3219 1081 3279 sint
1104 3220 1317 3297 coniugatiouis
1339 3237 1404 3279 cor-

98 3327 236 3402 reptae,
259 3318 366 3380 deinde
389 3326 421 3379 ut
442 3328 563 3381 careant
583 3328 718 3400 tempore
740 3320 872 3400 perlecto
895 3328 924 3381 et
951 3320 1240 3399 plusquamperfecto
1263 3328 1292 3380 et
1314 3323 1405 3400 parti-

98 3422 195 3501 cipio
219 3420 311 3482 iuturi
329 3425 334 3497 Ι
353 3423 503 3501 temporis.
533 3422 629 3503 siquid
652 3423 688 3483 de
711 3423 756 3482 his
778 3421 823 3483 vel
846 3441 936 3484 unum
959 3421 1100 3492 deluerit,
1124 3440 1183 3482 uon
1207 3423 1263 3482 erit
1284 3423 1405 3483 inchoa·

96 3528 174 3601 tiva
196 3522 292 3584 iorma
315 3522 412 3593 verbi,
435 3532 466 3585 ut
490 3532 533 3585 est
555 3523 687 3585 calesco:
709 3524 908 3586 inchoativum
931 3533 988 3594 est,
1018 3526 1086 3604 qnia
1110 3524 1188 3584 venit
1208 3523 1245 3584 ab
1269 3543 1304 3584 eo
1327 3524 1443 3604 quodao

99 3634 162 3689 est
184 3623 282 3695 caleo,
307 3624 385 3704 quod
409 3625 529 3687 verbum
553 3625 686 3687 neutrale
709 3634 753 3686 est
775 3636 804 3686 et
826 3627 1039 3702 coniugationis
1061 3626 1216 3686 secundae.
1260 3625 1338 3686 unde
1361 3627 1405 3686 in·

98 3728 268 3791 (sidentem
290 3727 321 3787 in
344 3726 400 3787 hoc
423 3727 513 3789 verbo
535 3729 752 3809 quaestionem,
776 3728 854 3808 quod
871 3737 915 3788 est
930 3728 1059 3798 lervere,
1083 3725 1133 3788 tali
1156 3727 1257 3806 regula
1279 3728 1406 3798 adserui,

97 3848 186 3894 oum
208 3838 417 3909 quaereretur,
440 3839 539 3891 utrum
561 3829 705 3911 producte
727 3831 841 3892 fervere
864 3831 1046 3899 diceremus,
1070 3848 1108 3890 au
1128 3839 1264 3910 correpte
1280 3830 1404 3890 fervere.

98 3933 268 4011 utrimque
289 3932 368 3992 enim
390 3933 616 4012 proterebantur
639 3934 842 3995 auctoritates:
866 3932 1009 4012 Vergilius
1031 3930 1105 3992 dixit
1127 3932 1291 3992 ‘fervere
1313 3933 1405 3994 Leu-

97 4038 256 4104 cateu’,
279 4033 388 4094 Statius
421 4034 621 4115 ‘obsequio
651 4035 802 4096 fervere
836 4034 1006 4095 domum’.
1051 4034 1101 4095 sed
1131 4036 1198 4114 quia
1228 4037 1302 4095 ratio
1335 4036 1444 4096 artisaa

96 4135 277 4200 tnaniiesta
299 4143 358 4206 est,
381 4135 563 4216 probabilius
585 4145 629 4197 est
651 4145 683 4198 ut
704 4137 867 4199 secundnm
883 4137 1027 4197 rationem
1044 4137 1158 4196 levve‘re
1173 4135 1313 4198 dicamus.
1338 4155 1405 4198 nam

94 4240 140 4302 si
163 4239 266 4300 ferveo
287 4237 358 4299 lacit
380 4256 417 4298 ex
438 4257 470 4299 se
493 4239 639 4310 lervesco,
667 4239 696 4300 id
720 4247 765 4300 est
786 4239 984 4301 inchoativum
1007 4237 1143 4308 verbum,
1167 4238 1313 4300 secundae
1336 4258 1406 4300 con·

93 4336 275 4422 legationis
303 4357 367 4401 esse
395 4340 492 4403 debet.
529 4350 579 4403 aut
606 4341 643 4402 da
665 4338 739 4404 mihi
761 4360 850 4404 unum
875 4340 1014 4410 verbum,
1038 4340 1117 4421 quod
1140 4359 1176 4402 ex
1198 4359 1231 4401 se
1253 4342 1340 4402 iaciat
1360 4342 1405 4400 in-

188 4597 202 4648 l
222 4612 285 4663 ergo
299 4622 333 4633 -
347 4595 456 4647 habeant
471 4612 516 4648 om.
534 4598 560 4648 F
624 4592 868 4665 isignideationam
879 4594 957 4647 habet
972 4594 998 4646 h
1010 4595 1088 4649 hehet
1105 4596 1317 4663 significationem
1334 4595 1356 4647 S

109 4665 154 4721 lo
172 4667 256 4733 primo
271 4667 369 4748 cogitat
386 4675 411 4717 et
426 4668 563 4719 meditatur
579 4667 623 4720 FS
638 4669 722 4735 primo
736 4668 873 4720 meditetur
890 4666 916 4718 L
997 4668 1031 4717 22
1049 4668 1164 4735 prandio
1180 4666 1225 4719 FS
1247 4665 1364 4733 praedito
1386 4663 1407 4713 L

186 4737 221 4789 26
240 4747 266 4786 ιιι
285 4738 700 4791 toseoSutsecFatiniseo
719 4738 745 4790 h
805 4733 1160 4807 &Vergiliuuldnvlll
1176 4736 1251 4789 di'l·
1298 4734 1333 4789 35
1351 4732 1408 4787 Sta·

104 4804 179 4924 pas]
204 4805 378 4859 rveo.1525
433 4806 588 4877 quinquae
604 4806 677 4863 crs
725 4804 1008 4865 amarunt
1256 4802 1408 4857 roton

127 4878 204 4931 orbec
221 4877 248 4928 L
