3314 5506
183 368 284 415 xxxu
721 352 932 414 PRAEFATIO

182 542 241 602 DE
262 541 369 603 aaut
394 543 461 602 Vox
482 549 525 601 est
547 557 602 600 aer
624 543 699 601 ictus
723 537 808 621 (367,
833 538 866 620 4)
893 573 929 583 -
953 535 977 599 f.
1002 543 1039 605 31
1071 542 1153 600 uexit
1180 541 1222 599 aa
1249 541 1351 599 urbem
1385 537 1468 619 (402,

183 640 248 723 34).
293 646 449 719 Incipiunt
475 645 697 702 terminationes
724 645 884 703 nominum.
930 643 1020 715 Fuaa
1053 650 1153 701 aestas
1181 658 1297 717 parem
1330 646 1391 702 etc.
1426 661 1468 702 se·

182 750 326 828 quuntur
355 740 477 805 indices
505 742 670 805 nominum
698 755 730 805 et
752 738 941 819 verborum,
972 749 1127 824 excerpta
1148 738 1276 820 Isidori,
1305 739 1409 804 Servii
1433 739 1468 804 de

182 842 305 907 ultimis
329 841 465 928 syllabis
488 839 629 922 libellus,
651 840 763 905 Bedae
785 840 827 905 de
848 841 969 921 metris,
993 840 1032 905 de
1055 841 1282 923 schematibus,
1306 842 1346 907 (le
1368 842 1467 921 ortho

183 945 320 1031 graphia
341 943 426 1023 libri,
449 944 700 1008 commentarius
722 944 757 1007 in
777 943 953 1006 Donatum.

271 1044 384 1110 Codex
405 1044 625 1126 Monacensis,
655 1044 731 1109 olim
759 1044 1021 1126 Ratisbonensis,
1044 1045 1269 1110 Emmeramus
1292 1045 1333 1111 G.
1358 1054 1416 1114 121
1440 1046 1467 1109 ir

187 1148 386 1213 membranis
409 1147 513 1212 forma
534 1147 694 1233 quadrata
714 1149 837 1211 minore
859 1145 987 1211 saeculo
1010 1146 1134 1211 decimo
1156 1150 1311 1232 scriptus,
1333 1148 1367 1211 in
1387 1148 1466 1233 pn'n·

184 1251 269 1336 cipio
292 1247 367 1314 libri
390 1247 514 1335 aliquot
536 1250 731 1314 membranis
754 1250 891 1314 abscisis
913 1248 1091 1313 mutilatus.
1119 1250 1143 1312 f.
1168 1260 1182 1317 1
1213 1255 1317 1313 littera
1339 1255 1466 1313 dativum

182 1363 211 1416 et
237 1357 399 1416 ablativum
429 1357 460 1415 iu
491 1357 564 1429 qaid
589 1358 710 1415 mittant
738 1352 830 1434 (356,
861 1351 915 1435 35)
936 1390 979 1400 —
1001 1362 1029 1415 et
1056 1358 1142 1429 siqua
1164 1364 1233 1415 sunt
1253 1356 1373 1416 similia.
1418 1356 1465 1415 DI

185 1457 297 1518 UOOE.
325 1459 416 1531 ,Vox
437 1465 481 1517 est
508 1474 563 1516 aar
590 1460 667 1517 ictus
688 1491 729 1499 —
751 1453 775 1517 f.
792 1460 832 1522 89
861 1460 945 1517 accit
968 1460 1012 1517 ael
1032 1458 1128 1517 arbes.
1175 1456 1375 1516 EXPLICIT
1396 1456 1465 1516 ΑΒΕ

183 1558 342 1620 DONATI
363 1559 635 1619 GRAMMATICI
656 1558 783 1619 URBIS
803 1558 959 1619 ROMAE.
1004 1559 1078 1618 Item
1102 1560 1139 1617 de
1156 1560 1394 1634 pronominibus
1420 1561 1464 1618 Ge

182 1665 264 1722 neris
295 1662 456 1721 masculini
485 1664 605 1720 numeri
634 1664 802 1735 sinpalaris
835 1663 912 1720 idem
940 1665 1000 1721 etc.
1035 1666 1214 1743 sequuntur
1243 1656 1464 1722 declinationes

182 1761 406 1845 pronominum
429 1769 461 1823 et
483 1760 646 1823 variorum
667 1760 951 1844 grammaticorum
974 1758 1060 1822 libri.

268 1859 379 1925 Codex
402 1860 620 1925 Berolinensis
644 1861 821 1925 Diezianus
844 1869 884 1931 66
905 1861 1170 1926 membranaceus
1185 1861 1291 1924 forma
1306 1860 1463 1947 quadrata

183 1963 240 2049 qui
262 1962 325 2026 suit
347 1961 423 2026 olim
446 1963 615 2026 Laurentii
626 1961 784 2043 Sentenii,
807 1964 900 2028 euius
922 1984 1039 2027 nomen
1060 1964 1093 2027 in
1115 1964 1206 2027 initio
1226 1962 1302 2027 libri
1318 1963 1463 2048 scriptun

183 2076 234 2130 est
254 2064 310 2143 ita,
334 2068 393 2127 ‘ex
414 2062 613 2128 bibliotheca
635 2063 809 2129 Santenii'.
838 2066 982 2129 eontinet
1004 2074 1112 2129 autem
1134 2064 1347 2150 plurimorum
1369 2087 1462 2148 gram

183 2166 374 2229 maticorum
397 2164 497 2229 libros
521 2187 540 2229 a
563 2164 700 2229 diversis
724 2166 881 2245 librariis,
910 2175 947 2230 ut
973 2166 1051 2230 mihi
1079 2168 1186 2231 visum
1208 2176 1271 2246 est,
1301 2168 1462 2231 maximan

184 2277 309 2352 partem
333 2277 448 2331 octavo
473 2265 601 2331 saeculo
625 2270 772 2353 scriptos.
802 2291 843 2333 ex
870 2268 921 2332 his
951 2290 1034 2354 quae
1063 2269 1104 2332 ad
1125 2269 1291 2333 Donatum
1314 2269 1461 2351 pertinen

183 2379 298 2433 octavo
322 2367 450 2432 saeculo
473 2368 596 2454 scripta
618 2381 693 2435 sunt
714 2394 746 2454 p.
771 2378 788 2440 3
814 2375 857 2434 Dc
878 2378 997 2434 tramine
1018 2377 1093 2435 dicit
1114 2376 1252 2436 donatus.
1278 2376 1384 2436 Partes
1407 2391 1463 2434 ora

183 2476 273 2535 tionis
293 2481 363 2535 sunt
386 2480 460 2534 acto.
485 2492 572 2549 puae.
603 2476 715 2536 Nomen
735 2494 965 2551 pronomen-
988 2496 1019 2558 p.
1044 2481 1084 2543 59
1113 2485 1166 2537 aut
1192 2484 1319 2537 mactum
1342 2484 1375 2536 ut
1397 2484 1461 2535 atta

183 2584 212 2637 et
232 2579 340 2653 aquae
365 2584 435 2637 suat
460 2578 590 2636 similia:
623 2560 870 2638 commentarius
901 2575 940 2638 de
967 2586 1039 2639 octo
1068 2574 1216 2660 partibus
1245 2576 1399 2638 orationis
1428 2577 1461 2638 in

184 2655 262 2739 iima
283 2684 389 2739 aetate
410 2677 611 2760 conpositae,
639 2678 673 2739 in
702 2698 797 2761 quem
826 2677 966 2762 plurima
994 2699 1035 2740 ex
1063 2679 1169 2763 priore
1192 2689 1261 2741 arte
1282 2677 1405 2741 Donati
1428 2699 1461 2740 re

183 2787 279 2863 cepta
306 2788 390 2841 sunt.
420 2798 453 2861 p.
483 2784 523 2844 59
551 2783 610 2841 DE
636 2781 748 2842 UOCE.
782 2785 851 2842 Vox
878 2790 921 2843 est
949 2801 1004 2841 aer
1031 2786 1108 2843 ictus
1132 2779 1223 2864 (367,
1247 2779 1280 2863 4)
1313 2815 1347 2824 -
1379 2800 1411 2863 p·
1435 2786 1460 2847 6(

94 2883 98 2894 “
183 2885 252 2944 cola
273 2890 303 2943 et
323 2890 472 2943 commata
501 2885 597 2942 idest
618 2885 751 2967 membra
773 2892 802 2943 et
823 2901 913 2945 caasa
949 2881 1040 2964 (372,
1071 2882 1142 2966 23):
1177 2881 1355 2944 recentiore
1377 2902 1460 2944 marn

185 2981 404 3067 subscriptum
427 2989 476 3044 est
498 2988 625 3060 explicit
646 2988 783 3047 Dentatus
806 2989 953 3061 deporta
973 2989 1092 3046 minori.
1117 3006 1149 3068 p.
1174 2991 1233 3053 129
1257 2986 1460 3046 moleton:

184 3087 346 3147 PARTES
387 3086 548 3147 RONATI
590 3088 858 3148 GRAMMATICI
895 3088 1022 3148 URBIS
1056 3088 1205 3147 ROMAE
1237 3088 1460 3148 FELICITER

185 3187 655 3270 Partcsorationis(372,21)
683 3225 717 3232 -
742 3208 773 3272 p.
799 3193 858 3256 159
886 3193 1057 3251 inconditas
1084 3192 1257 3250 inuanimus.
1294 3190 1352 3248 liE
1377 3189 1460 3249 BAR

184 3291 373 3352 BARISMO
393 3292 514 3351 IDEM.
539 3293 755 3353 Barbarismns
776 3300 819 3352 est
835 3327 869 3335 -
883 3310 914 3374 p.
929 3299 985 3358 171
1005 3295 1088 3352 uscit
1103 3295 1146 3351 aa
1160 3295 1246 3352 urbas
1269 3288 1355 3371 (402,
1372 3287 1459 3371 34).*

251 3473 276 3542 *)
296 3478 431 3542 Quoniam
450 3478 562 3543 saepius
581 3478 746 3529 Santeniani
765 3477 866 3528 codicis
885 3479 986 3528 mentio
1004 3477 1135 3528 iacienda
1154 3483 1204 3536 est,
1223 3479 1333 3527 brevem
1353 3475 1459 3542 descrip

184 3565 286 3614 tionem
306 3577 398 3613 eorum
417 3564 535 3626 quaein
554 3579 585 3614 eo
605 3563 699 3614 codice
723 3564 829 3628 scripta
854 3568 918 3613 sunt
936 3563 988 3611 hoc
1007 3563 1067 3627 loco
1086 3564 1230 3613 subiciam.
1267 3563 1295 3611 in
1313 3562 1408 3626 primis
1426 3575 1459 3626 pa

186 3649 258 3713 ginis
276 3646 359 3696 index
378 3646 508 3697 librorum
528 3650 575 3712 qui
595 3648 692 3698 codice
712 3650 887 3699 continentur
905 3649 1018 3698 saeculo
1042 3652 1141 3712 quarto
1160 3646 1264 3697 decimo
1283 3647 1402 3710 scriptus
1422 3652 1459 3696 est

184 3749 210 3797 p.
230 3736 245 3782 3
264 3746 338 3782 saec.
358 3731 424 3780 VIII
442 3734 480 3781 De
494 3734 589 3782 normae
603 3734 664 3780 dicit
676 3735 784 3783 (lanatus
803 3761 833 3767 -
853 3749 878 3797 p.
898 3735 930 3782 66
949 3735 1055 3797 explicit
1068 3736 1176 3782 (lanatus
1193 3734 1224 3781 de
1241 3740 1317 3795 parte
1328 3733 1425 3783 minori.
1445 3732 1455 3780 i

186 3816 294 3878 reliqua
313 3819 392 3880 parte
411 3817 531 3880 paginae
550 3821 579 3866 et
596 3817 624 3864 in
642 3833 667 3880 p.
687 3817 817 3865 67111111
841 3816 976 3880 quaedam
1003 3819 1156 3867 recentiore
1175 3832 1256 3865 manu
1275 3817 1382 3880 scripta
1400 3824 1458 3864 snat

185 3900 213 3948 in
232 3905 355 3949 extrema
373 3901 477 3964 pagina
496 3905 588 3949 autem
606 3916 680 3950 suec.
700 3900 763 3949 XIV
782 3901 867 3962 haee,
886 3904 973 3965 incipit
990 3901 1054 3950 libes·
1071 3904 1185 3965 strapistri
1200 3903 1279 3950 seruit
1297 3903 1328 3949 de
1346 3903 1432 3949 littera
1450 3918 1458 3949 1

184 3984 284 4047 syllaba
301 3986 376 4048 lonpo
394 3984 466 4033 breui
483 3992 508 4034 et
525 3987 646 4034 communi
662 3986 744 4034 media
762 3992 837 4050 atque
851 3988 932 4049 finali.
956 3987 988 4035 de
1006 3985 1150 4034 (recentibus
1168 3994 1193 4035 et
1210 3987 1321 4050 ipsorum
1335 3986 1458 4048 liparisri

184 4069 308 4133 posituris
326 4069 358 4117 de
376 4068 533 4133 orthoprafia
552 4071 584 4118 tle
601 4071 720 4133 analopia
738 4077 764 4117 et
782 4070 940 4134 etlttmolopia
958 4073 989 4119 rie
1007 4073 1084 4134 planis
1102 4077 1127 4118 'et
1139 4070 1291 4133 differentiis
1304 4071 1335 4119 de
1348 4071 1458 4133 prosnd

182 4154 271 4217 fabrita
289 4161 315 4203 et
331 4153 448 4204 historia.
468 4148 480 4220 (1
501 4170 525 4218 p.
544 4155 577 4204 68
596 4153 653 4202 alia
671 4168 754 4202 manu
772 4169 846 4206 saec,
860 4155 927 4204 Vlll
944 4155 984 4204 De
1002 4158 1088 4204 littera
1105 4156 1152 4205 loe
1169 4156 1295 4204 ementium
1314 4161 1352 4204 est
1370 4155 1432 4218 quid
1441 4171 1458 4203 s

182 4235 369 4301 fundamentum
381 4240 523 4302 sapientiae
541 4264 573 4272 -
591 4254 617 4303 p.
631 4240 662 4288 76
680 4255 736 4287 narn
752 4238 853 4300 faceret
865 4241 961 4303 lanpam
972 4241 1137 4304 superiorem.
1156 4242 1204 4290 sed
1220 4242 1318 4290 nominc
1335 4241 1385 4288 ista
1395 4255 1457 4303 prce

184 4331 242 4373 sunt
259 4331 284 4373 et
302 4326 360 4373 lieet
378 4323 448 4376 nobis
465 4339 514 4388 pra
532 4325 617 4387 simpli
631 4341 652 4374 :a
668 4339 774 4387 ponere.
787 4319 799 4389 [l
811 4340 837 4388 p.
858 4325 889 4373 76
908 4326 946 4374 Dc
960 4325 1088 4388 fictialibus
1105 4325 1217 4375 sullabia.
1242 4324 1324 4373 Omnis
1342 4326 1457 4373 nominati

184 4424 230 4457 11111
251 4410 388 4472 sinpularis
409 4425 425 4458 a
447 4411 593 4458 terminatus
616 4408 700 4457 brettis
723 4416 761 4458 est
781 4434 816 4444 —
836 4421 863 4468 p.
882 4409 914 4458 86
937 4413 1054 4474 exceptis
1075 4413 1172 4459 seilicet
1191 4411 1318 4473 positione
1337 4411 1417 4472 lonpis
1435 4426 1457 4458 m

184 4495 314 4557 diptonpia
326 4509 390 4558 quac
408 4493 519 4543 omnibns
534 4501 639 4556 putent:
659 4493 771 4543 Servius
791 4492 824 4542 de
843 4494 892 4543 ult.
914 4494 976 4557 syll.
994 4511 1019 4559 p.
1039 4488 1229 4559 1803—181011
1244 4508 1270 4556 p.
1288 4494 1321 4542 85
1340 4495 1378 4543 lic
1396 4495 1457 4556 spito

184 4578 231 4627 bis.
245 4577 349 4641 Syllaba
361 4585 401 4628 est
412 4579 480 4627 dicta
493 4580 524 4627 de
535 4593 612 4640 preco
627 4605 656 4613 -
670 4593 696 4642 p.
711 4580 758 4628 102
777 4577 810 4627 de
828 4577 943 4642 pedibus
962 4586 986 4626 et
1000 4580 1114 4642 duplices
1127 4593 1204 4643 usque
1216 4581 1252 4626 ad
1267 4593 1329 4627 sen:
1343 4581 1457 4641 excerpt

185 4678 219 4712 ex
237 4663 367 4727 Pompeio
385 4679 410 4727 p.
421 4663 521 4712 31-65
541 4660 582 4714 ed.
602 4663 681 4714 Lind.
694 4659 705 4728 Ι(
717 4679 743 4727 p.
764 4665 811 4712 102
831 4665 868 4710 lle
883 4664 1035 4715 accentibus.
1053 4665 1181 4712 Accentus
1198 4665 1241 4728 qui
1255 4679 1333 4726 prece
1349 4663 1458 4726 proserii

185 4749 325 4797 (11111111-
343 4765 368 4813 p.
383 4749 431 4797 116
449 4747 482 4797 de
500 4746 618 4797 historia
636 4758 725 4799 eorrtra
745 4756 859 4797 istaturam
875 4755 946 4797 strat:
965 4746 1086 4796 Isidorus
1104 4747 1137 4797 de
1156 4748 1329 4805 accentibus,
1348 4745 1382 4795 de
1401 4747 1457 4811 posi

185 4833 262 4898 turis,
280 4831 313 4882 de
332 4833 538 4899 orthographia,
557 4832 591 4882 ‹le
604 4834 743 4898 analogia,
763 4831 794 4881 de
809 4831 983 4896 etymologis,
1002 4830 1035 4880 ‹le
1049 4833 1158 4898 glossis,
1176 4831 1210 4881 de
1223 4833 1347 4882 historin.
1361 4827 1410 4897 [lp.
1426 4833 1454 4881 11
