3346 5506
178 397 237 459 158
766 396 879 458 ruunt

243 510 344 555 ,casso
358 512 383 552 li.
1256 522 1277 562 p.
1291 507 1374 552 mhi
1388 509 1418 552 V.

177 524 293 662 genperis
314 583 359 644 vel
381 581 528 662 qualitatis
549 583 787 661 pronuntiantur.
804 578 818 666 ΙΙ
832 600 903 644 sane
925 582 982 642 hoc
1004 598 1176 652 monemus,
1206 579 1285 661 quod
1313 579 1405 643 verba
1425 582 1469 642 iu·

177 684 308 746 choativa
328 685 443 764 species
462 683 609 764 perlectas
636 685 680 745 vel
702 703 778 764 quae
804 692 911 762 regunt
933 685 1047 763 species
1068 683 1232 762 perlectae,
1257 684 1328 744 item
1350 688 1470 764 praete·

176 787 263 847 ritum
288 794 404 865 tempus
427 786 507 847 modi
536 785 728 865 inpersonalis
756 784 800 847 vel
825 804 902 866 quac
923 787 1000 864 regit
1020 786 1212 863 praeteritum
1242 791 1358 863 tempus
1387 783 1470 846 modi

175 887 369 966 inpersonalis
390 905 449 948 noo
472 888 628 966 recipiunt.

150 1018 162 1056 s
261 990 303 1050 lle
324 1006 435 1067 genere
457 991 516 1051 sive
538 988 675 1070 qualitate
694 989 914 1068 frequentativa.
944 990 1062 1066 generis
1083 989 1143 1049 sive
1165 987 1312 1068 qualitatis
1326 987 1470 1068 trequen-

175 1094 279 1153 tativae
298 1099 367 1152 sunt
388 1092 492 1162 verba,
516 1111 591 1172 quae
613 1111 629 1151 a
648 1092 767 1169 propria
790 1089 872 1151 verbi
900 1090 1113 1167 significatione
1142 1089 1312 1150 derivantur
1341 1097 1371 1151 et
1392 1088 1469 1151 indi·

176 1196 270 1255 cativo
293 1195 353 1254 sive
374 1193 591 1271 pronuntiativo
613 1174 700 1253 modo
729 1193 870 1270 temporis
892 1193 1054 1271 praesentis
1075 1192 1134 1253 sive
1157 1192 1291 1252 instantis
1313 1208 1349 1253 ex
1371 1192 1469 1270 prima

175 1313 301 1372 persona
325 1297 442 1356 numeri
464 1294 621 1372 singularis
644 1313 703 1355 nou
718 1312 770 1354 sco
789 1293 903 1365 litteris,
925 1295 976 1355 scd
998 1294 1062 1354 aliis
1077 1292 1258 1374 quibuslibet
1275 1294 1469 1365 deliniuntur,

175 1402 300 1474 utputa
323 1417 339 1458 a
361 1399 436 1457 iacto
458 1397 574 1466 iactito‚
594 1395 630 1455 ab
652 1396 751 1458 scribo
771 1398 918 1476 scriptito,
942 1415 958 1456 a
977 1415 1066 1458 curro
1089 1397 1213 1465 cursito,
1242 1394 1345 1457 avolo
1368 1393 1468 1467 volito,

139 1516 191 1562 voa
216 1498 290 1559 iacio
312 1499 426 1560 lacesso
447 1504 476 1558 et
498 1497 606 1558 lactito.
651 1501 695 1559 sic
717 1506 746 1559 et
766 1497 818 1560 alia
843 1496 945 1568 verba,
974 1516 1049 1577 quae
1070 1516 1086 1558 a
1109 1499 1228 1577 propria
1250 1497 1332 1559 verbi
1355 1496 1468 1574 signill-

176 1601 289 1662 catioue
308 1600 476 1661 derivantur
498 1608 527 1659 et
549 1599 702 1660 indicativo
724 1602 784 1660 sive
806 1601 1024 1677 pronuntiative
1047 1599 1135 1660 modo
1157 1601 1299 1678 temporis
1323 1616 1468 1678 praesen·

175 1703 211 1761 tis
232 1703 293 1762 sive
316 1703 450 1762 instantis
471 1718 505 1762 ea
530 1702 625 1779 prima
646 1718 772 1780 persona
794 1701 910 1761 numeri
930 1701 1087 1779 singularis
1108 1719 1166 1761 non
1188 1719 1239 1762 sco
1266 1701 1389 1772 litteris,
1415 1701 1468 1763 sed

175 1801 239 1862 aliis
260 1802 439 1883 quibuslibet
461 1802 648 1872 definiuntur,
672 1803 745 1864 haec
763 1802 973 1881 frequentativa
995 1803 1083 1863 verba
1107 1820 1172 1864 esse
1193 1804 1435 1880 pronuntiantur.
1460 1798 1467 1885 Ι

260 1903 302 1965 lle
325 1923 434 1983 genere
462 1907 523 1965 sive
545 1904 684 1984 qualitate
706 1905 857 1966 deiectiva.
903 1907 1020 1983 generis
1045 1905 1105 1965 sive
1134 1903 1279 1984 qualitatis
1305 1905 1468 1966 defectivae

138 2032 161 2072 15
175 2012 243 2066 sunt
262 2005 366 2075 verba,
395 2013 519 2085 utputa
542 2007 589 2067 odi
611 2006 702 2084 pudet
721 2024 801 2076 som;
843 2012 871 2068 et
893 2014 991 2068 cetera
1013 2006 1095 2074 talia,
1126 2024 1201 2086 quae
1223 2007 1254 2067 in
1277 2023 1467 2085 quocumque

173 2107 262 2168 modo
280 2108 340 2168 sive
359 2110 458 2187 specie
478 2107 522 2168 vel
545 2125 670 2186 persona
700 2126 755 2169 nec
778 2126 836 2168 non
857 2109 887 2168 in
909 2106 1039 2186 qualibet
1062 2106 1264 2169 declinationis
1285 2114 1370 2186 parte
1392 2107 1466 2169 dell·

174 2210 263 2279 ciunt,
288 2209 428 2270 defectiva
449 2208 539 2270 verba
561 2227 625 2270 esse
647 2211 883 2287 pronuntiantur.

258 2311 300 2371 Ile
329 2311 544 2388 coniugatione.
590 2313 811 2389 coniugationes
846 2310 1003 2372 verborum
1032 2310 1143 2372 scilicet
1169 2319 1238 2372 sunt
1264 2317 1338 2383 tres,
1369 2312 1465 2391 prima

172 2413 301 2474 secunda
323 2413 418 2472 tertia.
462 2411 515 2472 has
537 2413 642 2475 Graeci
660 2413 810 2493 synzygias
830 2412 987 2492 appeliant.

135 2537 160 2576 ao
259 2513 301 2573 Ile
322 2514 417 2591 prima
441 2516 656 2593 coniugatione.
700 2514 730 2574 in
753 2514 938 2577 neutralibus
957 2515 1059 2576 activis
1078 2514 1250 2575 inchoativis
1274 2523 1303 2576 ct
1323 2515 1466 2597 trequen-

173 2615 266 2676 tativis
297 2613 409 2683 verbis,
440 2634 515 2695 quae
545 2616 654 2677 scilicet
685 2616 842 2677 indicativo
871 2620 932 2678 sive
960 2617 1177 2696 pronuntiativo
1203 2615 1291 2677 modo
1321 2620 1467 2697 temporis

172 2718 336 2795 praesentis
357 2718 417 2779 sive
444 2718 577 2778 instantis
605 2737 640 2779 ev
662 2720 756 2796 prima
784 2735 910 2797 persona
940 2719 1056 2779 numeri
1078 2716 1234 2796 singularis
1256 2735 1274 2777 o
1294 2716 1392 2780 littera
1414 2720 1465 2783 de·

171 2819 328 2888 finiuntur,
350 2824 420 2880 tunc
443 2820 537 2900 prima
561 2821 728 2898 coniugatio
750 2837 814 2882 esse
835 2822 1001 2898 reperitur,
1027 2819 1145 2899 quando
1172 2821 1200 2879 in
1217 2816 1231 2904 ΙΙ
1245 2820 1350 2882 eodem
1372 2839 1464 2903 supra

173 2921 250 2981 dicto
281 2921 371 2982 modo
403 2923 595 3001 supradicto
624 2929 758 3002 tempore
788 2923 819 2981 in
849 2921 978 2983 secunda
999 2938 1124 2999 persono
1157 2923 1272 2982 numeri
1306 2923 1466 3003 singularis

133 3029 241 3083 ocante
263 3021 395 3084 ultimam
423 3031 632 3085 consonantem
660 3042 676 3084 a
700 3024 827 3084 litteram
850 3021 939 3083 verba
964 3021 1075 3083 habent
1101 3024 1303 3093 constitutam,
1333 3032 1367 3086 ut
1394 3033 1465 3105 puta

172 3124 290 3204 vapulas
311 3123 420 3186 clamas
442 3124 574 3186 clamitas
603 3133 632 3186 et
654 3134 752 3187 cetera
775 3124 851 3187 talia.
897 3131 926 3184 at
953 3124 1075 3186 veroin
1099 3126 1221 3202 passivis
1246 3124 1465 3204 deponentibus

171 3233 199 3286 et
221 3226 426 3287 communibus
446 3227 542 3289 verbis
562 3235 633 3289 tuuc
652 3229 746 3306 prima
768 3227 934 3305 coniugatio
958 3243 1021 3286 esse
1044 3228 1268 3303 pronuntiatur,
1293 3227 1413 3306 quando
1434 3230 1463 3289 in

170 3328 274 3389 codem
303 3347 392 3409 supra
426 3331 503 3391 dicto
536 3330 625 3391 modo
658 3348 747 3408 supra
771 3330 849 3390 dicto
879 3335 1012 3405 temporo
1044 3329 1073 3387 in
1104 3345 1194 3407 supra
1227 3329 1304 3390 dicta
1334 3348 1462 3408 persona

170 3449 258 3510 supra
281 3432 351 3492 dicti
375 3434 492 3493 numeri
521 3439 588 3492 ante
609 3430 740 3492 ultimam
767 3430 908 3512 syllabam
931 3448 946 3490 a
972 3426 1098 3489 litteram
1121 3430 1211 3491 verba
1234 3429 1344 3492 babent
1368 3450 1463 3512 oppo-

130 3534 264 3603 aositam
287 3540 407 3611 utputa
431 3532 565 3595 clamaris
588 3535 756 3594 recordaris
777 3534 943 3595 criminaris
966 3538 994 3593 et
1017 3538 1114 3592 cetera
1136 3531 1213 3593 talia.

254 3634 296 3695 Ile
322 3636 450 3697 secunda
479 3635 693 3711 coniugatione.
737 3638 766 3696 in
795 3633 977 3699 neutralibus
1011 3634 1111 3694 activis
1143 3633 1314 3694 inchoativis
1344 3641 1374 3696 st
1403 3634 1462 3698 ire·

169 3738 344 3814 quentativis
371 3736 482 3805 verbis
509 3753 585 3816 quae
613 3735 725 3797 scilicet
752 3737 906 3798 indicativo
936 3739 995 3797 sive
1024 3736 1241 3813 pronuntiativo
1272 3734 1361 3795 modo
1385 3743 1462 3799 tem·

168 3839 250 3915 poris
283 3838 446 3915 praesentis
480 3839 540 3898 sive
573 3838 708 3898 instantis
743 3858 779 3899 ex
813 3841 907 3916 prima
938 3855 1065 3916 persona
1104 3838 1219 3897 numeri
1255 3836 1414 3914 singularis
1444 3857 1462 3899 o

167 3937 263 4000 littera
295 3938 489 4008 definiuntur,
525 3947 595 4000 tunc
625 3940 754 4000 secunda
789 3940 955 4017 coniugatio
985 3956 1050 3999 esse
1081 3939 1243 4016 reperitur,
1278 3938 1399 4018 quando
1432 3941 1461 4001 iu

129 4051 154 4091 ³⁵
168 4039 271 4101 eodem
295 4058 383 4121 supra
406 4039 485 4099 dicto
505 4039 592 4100 modo
620 4057 709 4118 supra
733 4041 810 4101 dicto
833 4050 967 4119 tempore
988 4042 1018 4099 in
1042 4040 1170 4101 secunda
1193 4056 1320 4118 persona
1344 4042 1461 4103 numeri

168 4141 324 4221 singularis
353 4148 420 4202 ante
447 4141 578 4202 ultimam
609 4150 819 4204 consonantem
851 4163 867 4204 e
894 4141 1021 4204 litteram
1052 4140 1140 4202 verba
1173 4140 1284 4202 babent
1317 4145 1460 4205 constitu·

168 4252 242 4314 um,
271 4250 303 4304 ut
329 4252 399 4322 puta
428 4244 512 4305 sedes
539 4243 619 4305 rides
645 4250 675 4304 et
702 4252 798 4306 cetera
825 4244 902 4305 talia.
953 4252 1076 4305 atvero
1103 4244 1132 4302 in
1162 4243 1284 4321 passivis
1308 4242 1460 4323 deponen-

167 4344 245 4408 tibus
277 4355 304 4408 et
334 4345 541 4407 communibus
568 4345 666 4407 verbis
698 4353 768 4407 tunc
796 4347 925 4408 secunda
953 4347 1120 4425 coniugatio
1147 4362 1212 4407 esse
1240 4347 1458 4423 pronuntiatur,

166 4448 284 4525 quando
321 4448 349 4509 in
385 4448 488 4509 eodem
523 4466 612 4528 supra
648 4448 726 4509 dicto
761 4450 848 4510 modo
889 4466 978 4526 supra
1015 4448 1092 4508 dicto
1128 4455 1263 4526 tempore
1302 4447 1332 4508 in
1368 4464 1459 4527 supra

127 4565 152 4607 vo
167 4549 243 4611 dicta
270 4567 397 4629 persona
425 4569 514 4629 supra
542 4551 613 4611 dicti
636 4551 750 4611 numeri
778 4559 846 4612 ante
874 4550 1004 4610 ultimam
1034 4548 1174 4628 syllabam
1196 4569 1212 4610 e
1234 4548 1362 4611 litteram
1389 4568 1457 4630 pro·

237 4728 269 4779 10
287 4729 385 4780 lacesso
404 4730 427 4779 li
445 4727 539 4780 lavisse
558 4729 583 4779 B
654 4730 686 4780 lii
705 4729 825 4779 deliciunt
839 4730 879 4779 Br
898 4730 1021 4779 deliniunt
1040 4729 1063 4778 Ii
1134 4729 1167 4780 '20
1185 4727 1339 4777 inchoativis
1353 4744 1400 4789 ‚om
1421 4729 1455 4793 B,

165 4797 225 4848 add.
246 4798 283 4849 R:
301 4800 326 4848 io
344 4800 430 4849 codiee
448 4801 644 4861 superscriptum
664 4814 721 4849 erse
738 4800 884 4850 adnotatum
902 4807 939 4849 est
956 4802 981 4849 in
999 4798 1146 4864 apographo
1252 4794 1284 4848 31
1308 4800 1401 4850 actiuis
1418 4800 1457 4851 ln·

165 4865 290 4919 choatiuis
309 4876 334 4918 et
352 4868 546 4933 frequentatiuis
564 4869 588 4920 li
603 4876 627 4918 ct
645 4870 737 4918 octinis
755 4869 780 4918 B
849 4870 884 4920 40
901 4870 1050 4934 productam
1068 4882 1115 4918 om.
1135 4869 1166 4929 lt,
1183 4867 1245 4919 add.
1264 4864 1291 4917 B
