3314 5506
584 384 783 446 ldsvtrvra
801 385 939 447 ARTIVM
962 386 1086 448 75-93
1439 387 1481 449 59

117 512 119 517 ·
232 514 253 554 p.
268 501 363 544 rsa-aa
376 500 405 542 a.
1268 514 1290 554 ρ.
1304 501 1387 543 amu
1402 500 1428 541 v.

189 572 292 650 padus
313 590 351 634 ex
374 591 409 634 se
431 570 531 634 iacere
549 578 686 651 possunt,
710 570 784 632 baec
806 575 939 650 genetivo
959 591 1030 635 casu
1052 574 1167 634 numeri
1188 572 1348 650 singularis
1368 589 1403 632 or
1421 571 1479 652 syl-

188 673 277 736 ubam
304 673 459 752 accipiunt
489 680 519 734 et
546 674 776 751 comparativum
805 674 930 750 gradum
964 676 1080 753 generis
1114 677 1280 735 communis
1301 674 1478 744 ostendunt;

186 773 294 836 seilicet
322 775 465 854 quoniam
494 775 672 855 quicumque
700 775 889 854 comparativi
918 775 1027 852 gradus
1051 777 1229 837 nominativo
1257 774 1336 858 calsu
1361 775 1478 836 numeri

186 875 342 954 singularis
368 877 413 937 ior
440 874 545 936 litteris
566 875 745 937 deliniuntur
769 883 798 937 et
818 893 877 936 nou
900 895 936 937 ex
958 875 1006 938 illa
1035 878 1178 954 positione
1205 876 1333 947 formae,
1361 896 1419 957 qua
1437 894 1474 936 ex

185 995 294 1056 gauere
324 976 488 1038 masculino
517 977 696 1038 nominativo
725 996 796 1039 casu
824 979 940 1039 numeri
967 978 1122 1056 singularis
1155 997 1190 1040 ex
1219 977 1323 1040 litteris
1354 981 1474 1040 minino
1505 1004 1518 1043 a

185 1079 378 1147 deliniuntur,
402 1079 503 1140 venire
524 1078 743 1158 intelleguntur,
765 1079 794 1140 bi
814 1081 932 1156 generis
954 1082 1119 1141 communis
1140 1098 1205 1141 esse
1226 1082 1440 1165 reperiuntur„
1450 1085 1481 1139 ut

185 1188 251 1260 puta
270 1179 325 1241 bic
346 1180 433 1258 niger
463 1180 551 1242 buius
574 1181 668 1260 nigri,
696 1180 745 1242 bic
768 1188 797 1241 et
818 1180 893 1242 baec
915 1183 1027 1261 nigrior
1051 1182 1150 1244 iacere
1173 1181 1289 1243 debeat.
1333 1199 1404 1242 sane
1422 1181 1481 1242 boc

184 1298 356 1350 monemus,
379 1281 458 1360 quod
480 1282 510 1343 in
530 1283 588 1344 hoo
609 1290 770 1362 praecepto
793 1285 852 1343 sint
875 1282 964 1361 aliqui
987 1284 1117 1362 quinque
1139 1285 1218 1352 soni,
1244 1285 1297 1362 qui
1319 1301 1354 1343 or
1375 1282 1480 1344 litteris

184 1389 249 1464 post
271 1388 486 1444 consonantem
516 1383 707 1453 deliniantur,
734 1391 767 1444 ut
788 1393 857 1463 puta
885 1386 981 1445 minor
1009 1392 1038 1446 et
1059 1392 1157 1446 cetera
1179 1384 1257 1446 talia.
1302 1402 1381 1446 nuuc
1407 1383 1481 1445 baec

184 1485 286 1547 eadem
313 1501 404 1562 supra
433 1483 502 1545 dicti
530 1486 648 1563 generis
679 1487 812 1556 nomina,
847 1505 923 1566 quae
950 1486 1076 1547 diximus
1105 1488 1134 1546 in
1161 1504 1250 1565 supra
1280 1487 1359 1547 dicto
1388 1485 1481 1565 gradu
1495 1508 1519 1546 vo

184 1585 366 1647 nominativo
388 1604 458 1648 casu
480 1588 598 1648 numeri
620 1579 775 1665 singularis
798 1605 887 1669 supra
911 1575 1002 1649 dictis
1016 1587 1120 1649 litteris
1142 1588 1272 1657 definiri,
1295 1588 1325 1649 in
1347 1589 1481 1666 genetivo

184 1705 253 1750 casu
273 1689 394 1748 numeri
415 1686 572 1764 singularis
590 1706 626 1750 us
647 1686 788 1768 syllabam
812 1690 961 1777 accipiunt
983 1696 1012 1751 et
1032 1707 1093 1751 non
1114 1696 1227 1751 tautum
1250 1690 1480 1768 comparativum

185 1789 312 1866 madum
340 1790 461 1865 generis
488 1791 584 1851 neutri
614 1790 667 1851 sed
696 1797 726 1851 et
750 1788 958 1852 adverbiorum
992 1791 1166 1859 ostendunt;
1202 1789 1314 1852 scilicet
1341 1790 1481 1870 quoniam

185 1893 367 1973 quicumque
389 1892 578 1970 comparativi
597 1890 707 1970 gradus
725 1893 906 1953 nominativo
923 1911 993 1954 casu
1009 1895 1125 1954 numeri
1144 1883 1361 1970 singularis'ius
1375 1890 1481 1952 litteris

185 1993 383 2062 definiuntur,
407 1991 439 2052 bi
460 2009 520 2052 non
542 1999 654 2054 tantum
680 1995 798 2071 generis
820 1996 917 2055 neutri
946 1995 998 2055 sed
1021 2003 1050 2055 et
1071 1993 1277 2055 adverbiorum
1306 2010 1371 2055 esse
1392 2008 1479 2070 repe·
1495 2013 1519 2053 rs

186 2095 319 2164 riantur,
349 2099 474 2172 utputa
497 2093 546 2154 bic
567 2095 652 2172 niger
680 2094 772 2156 buius
796 2097 889 2173 nigri,
922 2096 1036 2174 nigrius
1057 2097 1175 2173 utrique
1197 2093 1384 2173 respondeat
1428 2094 1481 2155 sed

185 2203 253 2257 tuuc
277 2195 311 2259 bi
339 2195 459 2273 generis
479 2197 576 2256 neubi
597 2214 668 2257 esse
696 2198 902 2275 reperiuntur,
934 2196 1052 2277 quando
1077 2196 1238 2274 generibus
1260 2197 1371 2258 aeuuis
1399 2196 1480 2274 iungi

186 2298 392 2365 inveniuntur,
419 2304 452 2359 ut
476 2304 547 2375 puta
576 2298 708 2376 ‘nigrius
735 2299 891 2360 olflcium'.
936 2306 967 2359 at
993 2317 1061 2359 vero
1091 2297 1207 2377 quando
1236 2315 1295 2357 non
1321 2295 1481 2376 generibus

185 2400 307 2468 neutris,
328 2398 382 2459 sed
405 2414 473 2459 curu
495 2396 551 2460 alia
570 2397 700 2475 qualibet
720 2406 805 2479 parte
827 2401 968 2461 orationis
989 2401 1166 2469 miscentur,
1186 2398 1394 2461 adverbiorum
1415 2416 1480 2461 essa

184 2500 430 2580 pronuntiantur,
469 2505 502 2562 ut
529 2506 600 2577 puta
632 2502 762 2579 ‘nigrius
793 2502 890 2563 iecit'.
936 2503 979 2562 sic
1006 2508 1036 2562 et
1064 2499 1112 2563 alii
1143 2495 1333 2580 comparauii
1360 2499 1479 2578 gradu,
1493 2518 1519 2561 av

184 2602 302 2681 quumo
334 2602 439 2678 generi
465 2608 572 2663 neutro
605 2600 651 2663 vel
678 2603 797 2681 quando
830 2602 974 2665 adverbiis
1008 2602 1223 2681 respondeant,
1255 2601 1478 2681 intelleguntur.

184 2721 253 2765 saue
275 2703 337 2764 boc
358 2720 529 2773 monemus,
555 2703 633 2782 quod
646 2703 687 2764 iu
709 2703 766 2765 boc
790 2712 950 2784 praecepto
976 2705 1035 2765 sint
1055 2703 1145 2784 aliqui
1167 2706 1299 2784 quinque
1321 2705 1401 2773 soni,
1430 2705 1480 2784 qui

184 2823 216 2866 us
238 2789 350 2867 litteris
372 2811 441 2883 post
462 2813 674 2866 consonantem
698 2806 892 2875 definiantur,
923 2814 956 2868 ut
976 2813 1048 2885 puta
1070 2808 1180 2870 minus.
1220 2808 1289 2868 item
1317 2806 1479 2884 quaeritur,

183 2926 236 2988 qua
261 2907 301 2969 de
323 2923 413 2966 causa
435 2906 561 2976 minora,
584 2924 644 2967 non
663 2909 795 2968 minoria
811 2907 933 2969 dicatur.
979 2907 1034 2968 bac
1057 2908 1093 2969 de
1112 2926 1214 2977 causa,
1238 2909 1376 2986 quoniam
1398 2926 1479 2969 com·

183 3009 307 3087 parativi
327 3006 439 3084 gradus
460 3024 621 3087 numquam
644 3011 671 3069 ia
692 3008 797 3070 litteris
819 3010 1008 3071 defluiuntur.
1047 3027 1127 3071 nuno
1144 3009 1218 3070 baec
1239 3008 1343 3071 eadem
1361 3011 1517 3071 nominas

182 3111 301 3188 generis
325 3108 438 3172 scilicet
456 3108 624 3178 masculini,
648 3128 723 3189 quae
745 3111 874 3173 diximus
892 3113 921 3172 in
944 3113 1067 3189 positivo
1089 3111 1185 3188 gradu
1207 3112 1387 3172 nominativo
1410 3129 1478 3172 casu

182 3212 302 3272 numeri
326 3208 487 3289 singularis
515 3229 548 3272 er
569 3209 675 3272 litteris
695 3213 826 3282 deliniri,
854 3215 882 3277 si
908 3212 1103 3292 superlativus
1128 3213 1238 3291 gradus
1265 3232 1300 3274 ex
1321 3232 1354 3274 se
1381 3213 1479 3273 iacere

181 3320 323 3392 possunt,
346 3314 378 3373 in
399 3312 503 3374 eodem
526 3313 705 3375 nominativo
731 3332 801 3375 casu
822 3317 939 3376 numeri
960 3314 1118 3392 singularis
1139 3316 1235 3375 rimus
1254 3313 1381 3394 syllabas
1401 3314 1478 3374 acci·

181 3417 267 3496 piant
290 3421 321 3474 et
342 3413 551 3492 superlativum
574 3415 699 3494 gradum
720 3417 838 3493 generis
860 3418 906 3478 sui
926 3416 1095 3484 ostendunt,
1120 3422 1237 3495 utputa
1256 3414 1305 3476 bic
1326 3417 1412 3493 niger
1429 3414 1478 3475 bic

179 3517 362 3594 nigerrimus
390 3515 488 3577 iacere
511 3516 626 3578 debeat
642 3513 656 3600 ll
670 3519 741 3578 item
769 3517 843 3579 baec
870 3516 974 3580 eadem
998 3535 1088 3596 supra
1117 3516 1187 3578 dicti
1214 3517 1331 3596 generis
1356 3517 1477 3578 uomina
1491 3531 1517 3574 ao

179 3619 210 3678 iu
229 3635 326 3697 supra
346 3615 424 3678 dicto
447 3635 517 3679 casu
536 3620 610 3679 rima
626 3617 754 3698 syllabas
776 3621 923 3698 accipiunt
942 3626 971 3681 et
987 3619 1195 3698 superlativum
1217 3619 1341 3697 gradum
1360 3619 1479 3695 generis

180 3719 317 3780 feminini
345 3719 519 3789 ostendunt,
547 3727 671 3800 utputa
699 3720 747 3782 bic
773 3723 856 3799 niger
885 3720 959 3783 baec
982 3722 1142 3798 nigerrima
1166 3720 1264 3782 iacere
1291 3718 1406 3781 debeat.
1450 3726 1480 3781 at

179 3838 253 3882 vero
276 3819 353 3882 baec
379 3819 481 3881 eadem
507 3822 687 3901 supradicti
716 3825 835 3900 generis
861 3824 980 3884 uomina
1009 3824 1038 3884 in
1061 3822 1251 3902 supradicto
1278 3840 1347 3883 casu
1370 3823 1477 3883 rimum

178 3920 310 4002 syllabas
336 3923 486 4002 accipiunt
517 3931 547 3985 et
573 3924 784 4004 superlativum
816 3925 940 4003 madum
968 3927 1085 4003 generis
1114 3926 1210 3987 neutri
1241 3923 1417 3994 ostendunt,
1447 3930 1480 3985 ut

178 4032 253 4104 pata
272 4016 326 4085 bic
343 4025 428 4102 uigor
450 4024 508 4085 boc
529 4026 723 4104 nigerrimum
746 4026 844 4087 iacere
864 4026 980 4088 debeat.
1001 4029 1006 4103 Ι
1490 4037 1517 4080 av

268 4125 355 4186 Nunc
376 4126 406 4185 in
421 4124 478 4186 bac
499 4125 604 4197 iorma,
627 4146 685 4208 qua
700 4127 827 4188 diximus
848 4129 966 4205 generis
988 4125 1141 4188 masculini
1162 4127 1281 4187 nomina
1302 4128 1333 4186 in
1355 4127 1478 4205 positivo

178 4226 277 4305 gradu
296 4227 476 4304 nominativo
498 4246 570 4290 casu
590 4231 709 4299 numeri
731 4228 887 4306 singularis
906 4247 938 4291 er
950 4228 1067 4291 litteris
1088 4229 1212 4298 deliniri,
1236 4231 1399 4308 quaeritur,
1420 4246 1478 4306 qua

179 4329 217 4390 de
238 4347 329 4391 causa
348 4328 398 4389 bio
421 4335 512 4390 meter
534 4339 564 4392 et
584 4348 644 4391 non
666 4338 780 4392 taetrus
797 4332 923 4392 dicatur.
962 4331 1018 4392 bac
1041 4331 1077 4393 de
1097 4348 1195 4399 causa,
1216 4331 1356 4408 quoniam
1377 4331 1477 4390 cuius·

179 4448 310 4511 cunique
337 4431 459 4508 generis
481 4433 599 4493 nomina
627 4432 820 4513 superlativus
847 4432 957 4511 gradus
980 4451 1016 4494 ex
1040 4452 1073 4495 se
1100 4432 1198 4494 iacere
1224 4437 1363 4510 possunt,
1393 4430 1476 4500 baec,

248 4568 265 4617 4
288 4574 314 4616 et
332 4580 384 4617 non
404 4580 428 4626 r,
455 4582 500 4618 om.
518 4568 558 4624 R:
579 4569 627 4618 sed
643 4569 668 4617 iu
686 4569 772 4620 codice
786 4571 983 4632 superscriptum
1001 4584 1057 4619 esse
1073 4569 1182 4632 etipsud,
1206 4569 1273 4633 quod
1294 4568 1344 4631 legi
1359 4575 1477 4630 nequeat,

178 4636 322 4686 motam
337 4645 379 4686 eat
397 4637 424 4684 in
442 4638 590 4701 apographo
650 4636 712 4703 viria]
732 4655 797 4702 quae
812 4639 850 4688 Ilo
919 4641 986 4690 bsx
1005 4639 1095 4690 litteris
1113 4654 1128 4687 o
1146 4653 1173 4688 er
1190 4638 1321 4688 litterisli
1374 4639 1477 4687 nomina

178 4721 224 4754 oar.
244 4706 281 4757 lio
353 4707 369 4756 ‘i
390 4705 502 4754 debeant
520 4707 558 4756 Ra
646 4707 678 4758 lu
702 4708 754 4758 alia
771 4709 882 4773 qnalibet
900 4725 915 4757 r
933 4708 1120 4771 aliquolibetli
1206 4709 1241 4758 20
1259 4715 1284 4756 et
1303 4706 1352 4756 alia
1370 4705 1408 4757 iio

178 4776 211 4836 2⁴1
227 4776 383 4827 debriantur
399 4790 418 4823 r
436 4774 583 4826 deliciantur
602 4777 624 4826 lt
706 4778 740 4828 24
757 4777 856 4828 dicatur
873 4795 888 4828 o
907 4779 1022 4828 dicantur
1040 4778 1063 4828 n
1133 4777 1168 4830 28
1185 4784 1321 4844 possuntn
1340 4777 1476 4830 excedite

178 4846 295 4898 Parim'ao
314 4848 387 4898 7494
408 4845 546 4910 possiutd
