3346 5506
230 382 293 445 396
803 377 944 468 11011111

280 485 429 540 pmcne.
1302 484 1474 538 nitrum.

311 564 478 626 Prosthesis
508 570 553 623 εει
583 564 727 643 appositio
750 563 894 643 quaedam
917 563 954 624 ad
977 563 1155 642 principium
1178 563 1316 625 dictionis
1338 562 1455 626 litterae
1476 572 1526 625 aut

140 727 150 745 ,
228 664 371 744 syllabae,
395 673 427 726 ut
448 672 536 744 gnate
552 664 566 746 Η
580 683 635 745 pro
658 673 740 734 nato,
766 663 860 725 tetulit
881 684 937 744 pro
960 663 1034 725 tulit.

311 766 487 847 Epenthesis
514 773 559 827 est
586 767 730 846 appositio
758 765 796 825 ad
828 765 955 827 mediam
986 766 1158 827 dictionem·
1176 765 1292 828 litterae
1313 774 1365 829 aut
1385 765 1525 846 syllabae,

117 944 121 956 ⁹
228 876 261 929 nt
282 867 434 949 relliquias
455 886 510 947 pro
533 866 686 948 reliquias,
710 866 903 947 induperator
925 886 980 948 pro
1001 868 1173 947 imperator.
1211 867 1287 929 hane
1310 867 1361 929 alii
1383 868 1528 948 epenthe-

202 972 288 1042 ssin,
311 970 360 1031 alii
382 970 573 1050 parenthesm
595 970 706 1029 dicunt.
742 957 745 970 ’
775 1005 777 1008 -

312 1072 463 1150 Paragoge
493 1078 537 1131 est
565 1071 708 1149 appositio
737 1069 772 1129 ad
800 1070 888 1131 finem
918 1069 1054 1131 dictionis
1081 1069 1197 1132 litterae
1231 1081 1281 1133 aut
1313 1069 1458 1151 syllabae,
1495 1080 1529 1133 ut

116 1228 119 1232 ,
229 1175 321 1251 magis
343 1191 398 1253 pro
421 1190 506 1250 mage
530 1181 558 1233 et
580 1178 714 1250 potestur
735 1188 791 1249 pro
813 1178 919 1250 potest.
951 1171 1028 1232 lianc
1043 1170 1348 1252 aliiprosparalepsin
1363 1171 1527 1252 appellant.

314 1273 317 1355 l
342 1275 520 1354 Aphaeresis
550 1279 595 1333 est
616 1270 723 1332 ablatio
747 1272 783 1332 de
805 1273 951 1352 principio
974 1272 1112 1334 dictionis
1135 1276 1281 1336 contraria
1304 1274 1470 1354 prosthesi,
1496 1283 1529 1336 ut

230 1377 312 1436 mitte
336 1394 391 1454 pro
415 1377 528 1444 omitte,
554 1383 654 1435 temno
676 1392 732 1453 pro
755 1382 922 1435 contemno.

192 1493 237 1532 m-
316 1478 450 1556 syncope
473 1484 517 1535 est
539 1474 647 1536 ablatio
670 1474 706 1535 de
728 1475 824 1537 media
839 1474 968 1536 dictione
983 1476 1131 1537 contraria
1147 1476 1314 1555 epenthesl,
1338 1485 1372 1538 ut
1385 1476 1530 1540 audacter

228 1596 283 1658 pro
306 1578 471 1648 audaciter,
495 1584 659 1637 commorat
680 1594 735 1655 pro
758 1583 966 1637 commoverat.

313 1682 451 1759 Apocope
479 1687 523 1738 εει
550 1665 657 1738 ablatio
684 1676 720 1737 de
748 1679 806 1738 line
837 1677 973 1738 dictionis
1000 1695 1149 1757 paragoge
1172 1680 1336 1749 contraria,
1366 1688 1398 1741 ut
1421 1672 1530 1741 Achilli

228 1802 283 1862 pro
306 1780 426 1841 Achillis
449 1786 478 1841 et
500 1787 568 1860 pote
590 1798 645 1859 pro
668 1785 773 1859 potest.

314 1882 427 1943 Ectasis
450 1890 494 1943 est
516 1882 647 1943 extensio
670 1879 798 1959 syllabae
814 1866 915 1941 contra
933 1889 1066 1941 naturam
1084 1880 1179 1950 verbi,
1203 1887 1235 1940 ut
1257 1879 1425 1943 ‘ltaliam
1450 1882 1529 1944 lato

189 2000 213 2040 rs
226 1984 437 2065 prolugus’,
461 2001 528 2043 cum
552 1981 632 2044 ltalia
656 1990 793 2062 correpte
815 1980 873 2041 dici
896 1980 1012 2042 debeat.

312 2085 426 2164 Systole
455 2092 498 2145 εει
525 2085 673 2164 correptio
702 2085 850 2144 contraria
878 2085 1045 2154 ectasi,·ut
1073 2086 1254 2163 ‘aquosus
1274 2084 1429 2162 θείειν,
1459 2104 1528 2147 eum

228 2186 320 2247 Orion
341 2186 487 2267 producte
510 2185 568 2246 diei
589 2183 704 2246 debeat.

312 2288 459 2349 [tiaeresis
480 2294 525 2348 est
547 2285 679 2348 discissio
702 2284 831 2366 syllabae
853 2287 941 2348 unius
962 2288 994 2347 in
1017 2286 1090 2348 duas
1112 2286 1202 2358 laeta,
1226 2294 1259 2348 ut

379 2387 446 2448 olli
468 2388 664 2468 respondit
687 2405 748 2448 rer
770 2386 877 2448 Albai
899 2385 1037 2466 longai.
1234 2386 1235 2389 ’

189 2506 214 2547 ao
312 2488 520 2571 Episynaliplre
543 2499 587 2550 est
602 2488 819 2568 ‚conglutinatio
842 2489 965 2550 duarum
989 2488 1166 2569 syllabarum
1189 2491 1220 2550 in
1244 2507 1332 2552 unam
1356 2490 1432 2552 lacta
1456 2510 1528 2553 con·

228 2594 317 2654 traria
340 2591 478 2662 diaecesi,
503 2598 534 2652 ut
556 2592 751 2653 Phaethon
772 2609 829 2672 pro
851 2590 1019 2662 Phaethon,
1043 2591 1156 2653 Nerei
1177 2610 1232 2673 pro
1247 2592 1351 2662 Nerei,
1374 2593 1528 2673 aeripe-

226 2695 304 2779 dem
327 2713 382 2775 pro
405 2693 583 2773 aeripedem,

312 2793 472 2876 Synaliphe
495 2803 539 2856 εει
553 2813 607 2874 per
622 2795 868 2874 interceptionem
884 2795 1124 2855 concurrentium
1142 2792 1286 2856 vocalium
1306 2793 1421 2858 lubrica
1437 2815 1528 2877 quae·

104 2976 107 2982 .
228 2898 294 2961 dam
317 2897 451 2978 lenisque
474 2896 610 2967 conlisio,
634 2905 667 2957 ut

190 3016 214 3057 ns
380 3007 489 3078 atque
512 3017 551 3062 ea
574 2997 723 3059 diversa
747 2998 898 3078 penitus
921 2997 1001 3057 dum
1024 3005 1133 3077 parte
1155 3006 1352 3076 geruntur.

228 3103 302 3162 baec
324 3122 339 3163 a
362 3101 537 3182 quibusdam
561 3082 701 3181 syncrisis
723 3101 901 3159 nominatur.

231 3221 233 3224 ·
312 3203 470 3282 Ecthlipsis
493 3211 538 3263 est
559 3203 783 3263 consonantium
800 3218 867 3260 cum
885 3198 1033 3260 vocalibus
1056 3219 1160 3279 aspere
1176 3205 1421 3264 concurrentium
1438 3223 1528 3285 quae·

228 3305 294 3365 dam
318 3303 445 3364 difficilis
468 3323 501 3364 ac
524 3303 597 3364 dura
621 3303 758 3372 conlisio,
782 3309 814 3362 ut

380 3404 531 3465 multum
555 3403 622 3465 ille
645 3413 679 3466 et
701 3405 822 3465 terris
843 3404 1007 3463 iactatus
1029 3411 1065 3463 et
1087 3402 1174 3465 alto.

298 3610 310 3658 l
331 3606 461 3657 Prothesis
481 3609 502 3656 L
520 3608 632 3658 Protesis
652 3609 674 3659 S
742 3607 808 3657 θεὰ
827 3605 938 3656 medinm
959 3606 1117 3658 dictionisS
1185 3609 1245 3658 ‹let
1264 3607 1368 3661 hencS
1439 3613 1454 3661 7
1475 3627 1529 3660 ma·

227 3679 267 3743 gis
291 3692 337 3742 pro
358 3693 432 3742 mage
453 3679 502 3727 LP
519 3694 593 3743 mage
611 3695 654 3743 pro
671 3678 788 3742 megisp
814 3677 884 3740 nragi
909 3692 955 3741 pro
973 3677 1055 3742 magis
1071 3677 1092 3726 S
1110 3679 1193 3743 magis
1213 3694 1259 3743 pro
1277 3681 1345 3744 megi
1365 3696 1378 3728 ε
1468 3692 1528 3746 pote

228 3755 358 3813 (potestur
375 3749 401 3811 s)
420 3763 464 3812 pro
481 3757 563 3812 potest
582 3751 602 3799 S
671 3746 871 3812 prosperalipsin
890 3747 912 3795 S
936 3744 1146 3811 prosparolypsin
1165 3748 1190 3797 P
1210 3748 1412 3813 propnrnlemsiu
1433 3750 1457 3799 L

227 3821 243 3867 8
263 3817 376 3883 prothesi
398 3818 466 3868 LSP
534 3817 551 3866 9
570 3831 615 3882 pro
635 3816 738 3865 demitte
762 3817 820 3881 (pre
840 3816 926 3864 omitte
943 3817 969 3873 ε)
989 3824 1014 3863 ει
1035 3817 1160 3866 tcornoS
1232 3819 1259 3868 ll
1281 3833 1327 3883 pro
1347 3830 1529 3870 commemorat

227 3890 248 3938 S
320 3889 350 3937 12
371 3896 398 3935 ut
417 3886 517 3936 Achille
536 3901 581 3951 pro
600 3886 713 3935 Achilles
734 3894 757 3934 et
775 3895 835 3950 pote
856 3899 902 3948 pro
921 3885 990 3948 potis
1006 3892 1045 3934 est
1063 3885 1179 3936 lulianus
1252 3886 1281 3937 13
1300 3898 1360 3953 pote
1378 3903 1425 3953 pro
1444 3899 1529 3954 potest

229 3997 258 4009 ,,
279 3957 305 4003 Ρ
328 3965 401 4021 potes
425 3971 470 4022 pro
495 3957 603 4021 potestis
622 3957 646 4005 L
671 3957 740 4020 potis
764 3970 809 4020 pro
832 3954 899 4020 potis
920 3961 959 4003 est
983 3956 1089 4019 Spotis
1114 3970 1160 4020 pro
1178 3964 1292 4020 potente
1366 3959 1396 4008 14
1417 3958 1526 4026 ltaliam]

163 4061 168 4066 -
232 4019 310 4089 Verg.
331 4026 398 4075 Aen.
419 4027 462 4074 12
519 4027 550 4076 15
569 4040 626 4075 cum
648 4025 742 4074 italiam
762 4025 788 4073 P
845 4032 961 4088 correpta
978 4025 1058 4088 prima
1081 4024 1163 4074 littere
1178 4025 1203 4073 L
1274 4025 1307 4076 16
1323 4034 1350 4075 ut
1368 4041 1426 4076 cum
1443 4029 1528 4078 subito

227 4109 365 4157 assurgens
380 4097 455 4144 tinctu
474 4096 603 4144 nimbosus
620 4094 695 4143 Orion
714 4095 809 4159 (Verp.
824 4093 887 4145 Aen.
909 4095 917 4141 l
936 4091 1002 4154 535)
1021 4094 1155 4145 Putsclaius
1223 4109 1336 4156 aquosus
1352 4111 1398 4149 on.
1416 4098 1446 4155 S,
1463 4099 1526 4151 add.

229 4181 257 4216 s:
280 4165 561 4227 Ver9.Aen.111152
620 4162 688 4228 curm]
708 4162 795 4228 proS
812 4178 900 4213 cums
972 4163 1004 4213 18
1023 4161 1155 4215 Dilreresis
1175 4163 1225 4213 LP
1242 4163 1384 4230 DihesisS
1401 4166 1528 4219 diresiss

296 4232 431 4296 lnctnyS.
481 4234 515 4285 19
533 4231 586 4300 olli]
607 4233 672 4286 Eun.
702 4237 788 4287 annal.
809 4233 818 4280 1
838 4232 871 4284 31
893 4231 932 4282 ed.
957 4233 1033 4284 Vani.
1107 4233 1141 4283 20
1160 4232 1354 4299 Episynaliphe]
1374 4234 1528 4298 Synheresis

229 4301 252 4350 P
268 4303 395 4353 Sineresis
413 4320 440 4353 s:
462 4306 486 4352 in
503 4305 525 4354 S
542 4305 603 4368 quid
619 4306 675 4354 olion
690 4304 770 4365 fuerit
787 4317 835 4352 non
853 4301 965 4362 adparet
1034 4302 1127 4353 luctam
1146 4303 1167 4353 S
1236 4304 1268 4352 ‘21
1288 4303 1400 4354 diheresi
1420 4305 1467 4357 LS

227 4372 336 4437 plrethon
358 4388 405 4438 pro
424 4373 551 4438 pboetbon
571 4375 622 4421 neri
644 4388 689 4437 pro
709 4374 777 4422 nerei
797 4371 907 4421 eoridem
928 4371 1069 4435 (eripedem
1088 4373 1114 4436 e)
1131 4386 1178 4438 pro
1204 4372 1344 4437 eoripidem
1366 4375 1526 4440 (aeripedem

227 4444 254 4505 o)
271 4445 292 4493 S
310 4442 422 4507 pboeton
446 4444 515 4492 nerei
535 4459 580 4507 pro
599 4442 709 4507 pboetou
730 4444 798 4491 nerei
824 4439 952 4505 eripedem
973 4455 1019 4504 pro
1037 4442 1182 4506 aeripedem
1201 4442 1225 4493 L
1249 4441 1360 4505 phaeton
1379 4458 1427 4508 pro
1446 4443 1526 4509 phoe-

227 4521 270 4559 ton
292 4547 423 4565 ,,,,,,,
448 4513 593 4576 aeripedem
619 4528 720 4562 ceruam
745 4527 791 4578 pro
817 4509 961 4573 aeripedem
983 4510 1006 4556 P
1030 4511 1142 4560 Plancton
1163 4526 1212 4573 per
1235 4507 1414 4576 συναλοιφήν
1438 4515 1527 4564 dictum

228 4582 259 4630 I’.
282 4583 410 4631 Varronis
430 4596 503 4631 versu
524 4581 642 4643 probauit
663 4582 828 4643 Quintilianus
852 4580 909 4634 15,
930 4579 963 4630 17
1036 4579 1120 4646 Nerei]
1147 4582 1225 4644 Verp.
1248 4582 1311 4632 Aen.
1334 4582 1468 4641 11111373,
1486 4583 1528 4632 ubi

228 4649 285 4698 b'eri
303 4652 416 4712 defendit
435 4652 553 4713 Servius,
572 4659 597 4700 et
615 4651 639 4699 x
656 4653 704 4701 764
777 4645 935 4717 aeripedem]
965 4649 1044 4714 Verp.
1064 4651 1128 4701 Aen.
1148 4651 1183 4699 Vl
1198 4649 1248 4701 803
1320 4650 1353 4700 '23
1373 4653 1525 4702 interiectio-

228 4734 284 4767 nem
303 4720 348 4770 SP
366 4721 606 4785 interceptionenrs
675 4722 709 4771 25
728 4718 814 4786 utque]
842 4722 921 4781 Vere.
940 4718 1005 4770 Aen.
1025 4720 1095 4768 Vllll
1117 4722 1129 4771 l
1180 4721 1214 4772 26
1231 4720 1355 4769 sincussis
1372 4723 1393 4772 S
1410 4723 1526 4772 sidericis

227 4787 265 4837 eL
284 4790 452 4855 synchysisc
539 4789 573 4837 27
598 4790 722 4855 E.lypsis
740 4790 765 4838 P
790 4790 915 4855 lleclipsis
939 4788 960 4836 S
983 4787 1121 4854 Ecliptosis
1139 4790 1164 4838 L
1251 4789 1286 4841 29
1303 4789 1421 4858 multum]
1444 4793 1523 4855 Vera.

228 4858 292 4911 Aen,
316 4858 359 4909 13
