3314 5506
491 407 539 468 llll
560 406 709 467 VLTlhllS
732 405 909 467 SYLLABIS
929 405 992 467 Vlll
1009 405 1149 467 3—Vllll
1170 408 1179 465 l
1419 405 1481 467 245

242 535 260 576 ρ.
273 524 329 566 tvvs
342 525 366 565 ιιι
381 523 406 566 e.
1286 535 1308 575 p.
1322 522 1354 562 ιι,
1366 521 1390 562 ιι
1405 523 1429 562 ι.
1517 574 1520 580 ,

205 592 255 653 cula
283 593 366 655 verbi
393 591 488 653 simile
513 600 557 652 est
582 594 742 671 praeterito
768 595 912 671 tempori;
947 595 977 651 in
1005 599 1156 671 postrema
1185 592 1327 671 particula
1355 593 1480 671 spondio

205 703 310 765 constat,
334 704 367 756 ιιι
390 695 545 756 clamatum
568 696 614 765 iri,
635 695 780 755 monitum
799 695 845 762 iri,
869 692 1012 755 scribtum
1034 695 1080 754 iri.

274 796 367 859 Verba
388 794 586 876 inpersoualia
612 797 643 855 in
665 797 780 856 ratione
801 794 980 874 syllabarum
1001 797 1102 855 activis
1125 805 1155 856 et
1175 795 1359 857 neutralibus
1380 797 1480 859 verbis

194 899 292 960 tertiae
313 905 424 960 tantum
442 915 589 977 personae
610 898 640 956 in
663 898 744 957 omni
767 895 961 957 declinatione
988 904 1107 976 praeter
1128 899 1274 959 infinitum
1297 898 1416 959 modum
1440 901 1478 958 si·

186 997 270 1059 milia
287 1008 353 1061 sum
378 1006 408 1060 et
427 997 577 1060 interdurn
600 997 809 1079 paenultimam
834 996 974 1077 syllabam
997 997 1116 1060 brevem
1144 1001 1305 1079 recipiunt,
1335 1010 1367 1060 ut
1388 1001 1477 1060 ‘non
1503 1028 1516 1066 s

181 1099 303 1178 pudet
333 1100 535 1162 obsidione
570 1101 737 1162 iterum’.
783 1102 851 1160 item
882 1098 1033 1179 trisyllabo
1059 1100 1156 1162 brevis
1189 1109 1247 1169 est,
1278 1109 1310 1161 ut
1341 1104 1478 1180 paenitet.

179 1198 341 1279 aliquando
362 1201 535 1263 naturaliter
564 1200 650 1278 longa
672 1208 715 1263 est
743 1200 921 1279 paenultima
948 1201 1124 1280 diphthongi
1153 1204 1281 1271 ratione,
1312 1211 1344 1264 ut
1367 1204 1478 1270 medat:

179 1299 341 1380 aliquando
368 1304 514 1383 positione
543 1300 646 1380 longa,
677 1311 709 1363 ut
731 1311 858 1381 oportet.
903 1302 992 1363 verba
1013 1321 1084 1364 sane
1113 1305 1243 1364 infinitae
1265 1302 1478 1373 declinationis,

180 1416 267 1477 quae
286 1405 330 1466 alii
351 1403 534 1485 inpersonali
557 1403 645 1464 modo
671 1405 833 1473 vindicant,
863 1413 895 1463 ut
916 1412 1032 1466 amatur
1054 1404 1223 1474 amabatur,
1246 1406 1370 1468 docetur
1391 1407 1479 1468 doce·

181 1498 284 1575 batur,
305 1508 434 1568 inomni
456 1504 652 1567 declinatione
674 1513 840 1584 temporum
864 1507 986 1584 passivis
1008 1514 1037 1567 et
1059 1507 1274 1584 deponentibus
1296 1516 1326 1569 et
1345 1526 1477 1569 commu·
1494 1524 1517 1565 vo

183 1597 274 1664 nibus
294 1607 388 1669 verbis
409 1589 583 1669 'cohaerent

268 1707 425 1790 Participia
446 1700 577 1770 omnium
598 1708 756 1770 verborum
780 1717 919 1789 quattuor
941 1709 1076 1771 formulis
1107 1710 1285 1789 syllabarum
1308 1711 1475 1774 ultimarum

187 1803 366 1880 explicantur
398 1817 503 1872 natura
536 1811 668 1873 diversis.
712 1813 807 1889 prima
837 1820 895 1881 est,
925 1830 1000 1892 quae
1029 1815 1178 1889 praesenti
1206 1821 1340 1892 tempore
1367 1814 1474 1892 duplex

187 1899 343 1973 iuvenitur:
359 1921 410 1973 aut
424 1914 503 1974 enim
520 1931 573 1972 ans
587 1913 696 1993 syllaba
711 1913 855 1991 producta
870 1913 979 1982 linitur,
996 1921 1028 1974 ut
1046 1910 1051 1995 Ι
1071 1913 1194 1974 ‘ardet
1211 1933 1336 1975 amans
1356 1914 1474 1984 bido’,

185 2009 225 2061 aut
243 2027 310 2076 ens
328 2014 432 2076 cadem
453 2032 572 2095 quoqne
591 2015 751 2094 producta,
773 2022 806 2076 ut
831 2013 947 2076 ‘bella
973 2020 1149 2076 movens’.
1193 2016 1323 2077 secunda
1349 2016 1473 2078 iormula
1492 2039 1515 2078 vs

184 2110 224 2172 esl
250 2130 336 2192 qnae
356 2124 493 2196 tompore
520 2116 620 2178 loturo
644 2135 680 2178 ex
703 2115 842 2178 omnihus
866 2116 1130 2194 significationibus
1153 2120 1287 2180 veniente
1315 2118 1474 2180 verborum

183 2205 339 2280 uniformis
359 2219 497 2296 erumpit.
541 2218 614 2279 haec
635 2237 753 2299 semper
776 2237 827 2280 rus
849 2217 958 2299 syllaba
980 2217 1152 2297 explicatur,
1178 2219 1388 2300 paenultimam
1413 2221 1477 2282 lou·

181 2321 232 2381 8²⁰¹
269 2319 453 2381 &ultimam
476 2318 595 2382 brevem
618 2320 759 2400 syllabam
781 2320 924 2389 reddens,
955 2329 987 2381 ut
1008 2322 1058 2380 ‘si
1081 2323 1231 2382 visurus
1259 2341 1339 2383 eum
1364 2326 1474 2384 vivo’.

181 2422 205 2465 lt
221 2426 337 2483 aurem
361 2423 517 2501 participia
541 2421 629 2483 huius
650 2424 806 2501 temporiS,
830 2440 957 2504 quorum
978 2421 1066 2483 verba
1091 2426 1217 2502 primam
1239 2426 1476 2502 coniugationem

181 2510 337 2595 recipiunt,
358 2525 447 2585 etiam
466 2525 583 2585 tertiam
602 2523 742 2604 syllabam
765 2524 801 2586 ab
824 2524 926 2586 ultima
942 2543 1060 2603 semper
1074 2524 1253 2603 producunt,
1273 2534 1305 2586 ut
1323 2536 1476 2596 amaturus
1489 2545 1515 2587 ao

182 2618 449 2704 eulampium-um
478 2643 537 2686 non
560 2627 723 2694 immerito,
747 2627 815 2706 quia
839 2633 869 2687 et
890 2628 920 2687 iu
943 2626 1041 2687 verbis
1063 2646 1079 2688 a
1102 2626 1215 2696 littera,
1237 2647 1314 2708 quae
1336 2637 1380 2690 est
1405 2648 1475 2690 cou-

183 2710 338 2789 luntianis
360 2728 464 2797 index,
494 2730 659 2789 necessario
688 2728 872 2806 producitur.
916 2730 1002 2789 tertia
1028 2727 1154 2789 formula
1182 2728 1305 2808 duplex,
1334 2732 1475 2811 quemad

185 2813 304 2889 nodum
327 2831 438 2908 prima,
472 2837 503 2890 et
529 2831 673 2909 temporis
701 2832 853 2908 praeteriti
881 2848 946 2890 esse
973 2832 1172 2907 cognoscitur.
1217 2832 1363 2894 interdum
1398 2835 1475 2893 enim

185 2920 219 2974 ω’
232 2929 353 3005 syllaba
372 2931 485 3002 linitur,
507 2939 541 2993 ut
561 2931 615 2992 ‘et
636 2932 774 2992 ductus
789 2927 803 3014 ΙΙ
818 2949 934 2992 cornu
957 2931 1103 3001 stabit',
1126 2933 1273 2994 interdum
1290 2952 1340 2995 sus
1354 2933 1474 3014 syllaba,

187 3017 351 3094 ιιῑἹιιιίι
371 3031 582 3112 mugitibus
603 3032 736 3094 aether
760 3039 1000 3094 concussus’:
1024 3041 1149 3114 utraque
1170 3033 1279 3114 syllaba
1301 3034 1399 3096 brevis
1421 3044 1473 3097 est.
1488 3057 1514 3098 ιι

188 3131 428 3196 bmniumamm
463 3143 560 3195 autem
591 3136 734 3196 rationem
767 3134 945 3215 syllabarum
976 3136 1008 3194 in
1033 3135 1131 3197 verbis
1157 3137 1299 3215 temporis
1323 3141 1476 3216 praeteriti

189 3223 308 3296 liffeeti
329 3237 434 3316 passivi
454 3235 566 3298 scilicet
587 3235 784 3306 ostendimus,
811 3255 849 3297 ne
872 3236 974 3297 eadem
997 3241 1120 3316 repetita
1147 3239 1323 3299 documenta
1349 3257 1475 3316 opuseu-

190 3315 237 3382 ¹l¹¹¹¹
279 3339 394 3400 nimium
429 3336 560 3399 dilatent.
605 3345 710 3419 quarta
742 3338 867 3400 lormula
900 3348 945 3399 est
976 3338 1099 3416 simplex
1130 3346 1158 3399 et
1186 3339 1317 3399 futurum
1345 3340 1475 3417 patiendi

192 3425 303 3507 leupus
322 3439 493 3501 ostendens:
517 3438 591 3500 haec
609 3440 665 3501 dus
686 3438 795 3519 syllaba
818 3458 935 3519 semper
959 3441 1041 3502 brevi
1059 3442 1167 3501 finitur.
1212 3441 1318 3501 horum
1342 3443 1475 3502 omnium

194 3534 402 3618 ltttictpiomm
423 3548 593 3621 postremae
614 3540 742 3620 syllabae
770 3559 825 3620 per
848 3541 1058 3604 declinationes
1080 3542 1212 3603 casuales
1240 3542 1402 3603 secundum
1425 3562 1473 3604 ra·
1487 3565 1512 3606 so

196 3624 297 3700 tionem
323 3645 474 3705 nominum
501 3644 556 3712 ita,
584 3662 637 3705 seu
664 3642 770 3722 longae
802 3663 854 3705 seu
882 3644 1003 3714 breves,
1034 3644 1249 3724 intelleguntur.
1294 3643 1353 3704 dvvo
1377 3652 1473 3706 tamen

199 3736 343 3822 llflicipiis
363 3745 487 3816 desum,
510 3745 590 3824 quod
613 3765 631 3808 e
650 3746 825 3826 productam
848 3746 977 3808 vocalem
1006 3749 1034 3806 in
1055 3748 1112 3807 line
1139 3747 1291 3807 dumtaxat
1313 3765 1473 3825 numquam

137 3884 140 3935 3
201 3835 330 3915 recipiunt
349 3856 378 3910 ct
401 3847 481 3928 quod
503 3845 601 3909 nullus
622 3866 708 3909 casus
730 3867 835 3909 eorum
858 3855 869 3907 t
890 3848 936 3910 vel
955 3848 964 3909 l
986 3848 1030 3910 vel
1053 3869 1072 3910 ιι
1095 3850 1277 3910 terminatur.

721 4030 758 4072 DE
773 4030 935 4072 abvshults.
1488 4073 1513 4114 ³5

280 4143 411 4216 Quoniam
433 4153 589 4214 statuimus
610 4171 664 4231 per
683 4171 786 4213 omnes
807 4160 905 4232 partes
927 4155 1069 4214 orationis
1086 4154 1247 4216 decurrere
1271 4148 1356 4216 et'de
1372 4164 1474 4217 natura

213 4244 399 4316 llsslftmarum
419 4256 480 4316 sive
492 4253 740 4335 paenultimarunv
761 4254 948 4336 syllabarum,
973 4264 1005 4316 ut
1020 4257 1077 4316 lert
1091 4258 1176 4327 ratio,
1200 4256 1376 4336 disceptare,
1400 4276 1475 4336 quae

212 4335 269 4442 Ῥῦῑ
287 4354 360 4417 solae
380 4355 558 4436 regulariter
580 4365 704 4436 possunt
725 4358 803 4436 (nam
823 4363 990 4418 ceterarum
1013 4358 1251 4435 praecedentium
1274 4359 1360 4419 docet
1374 4367 1475 4420 aucto·

211 4438 262 4496 “¹⁸⁸
279 4458 444 4540 radonem),
471 4459 582 4520 idcirco
605 4459 714 4521 decere
737 4461 898 4521 existimavi
919 4461 1007 4520 etiam
1029 4459 1065 4520 de
1088 4459 1253 4529 adverbiis,
1281 4478 1356 4539 quae
1376 4466 1473 4521 manen
1494 4479 1534 4518 ,ιν

205 4643 348 4744 7⁵⁰oo]
371 4671 620 4737 Verp.Aen.Vllll
640 4672 691 4726 598
789 4671 821 4723 10
839 4673 865 4721 in
883 4674 982 4724 acomui
1001 4671 1024 4720 B
1043 4673 1068 4720 in
1088 4675 1250 4730 communis
1340 4673 1371 4723 14
1390 4668 1472 4736 ardet]

222 4718 347 4825 ‘'g-Aee
364 4740 410 4790 ιιιι
426 4740 473 4792 101
547 4741 579 4792 ιι
597 4740 676 4807 urta]
700 4741 854 4807 remam.
874 4741 922 4790 xu
941 4741 992 4793 333
1065 4743 1097 4795 1s
1114 4741 1149 4808 n]
1171 4745 1249 4809 very,
1261 4743 1327 4795 Aen.
1349 4742 1404 4790 vm
1422 4742 1479 4795 mo·

200 4837 226 4884 „p
240 4785 266 4894 ¹¹⁴
288 4803 330 4870 et]
349 4811 427 4876 γαρ.
444 4827 532 4876 peorp.
554 4813 576 4861 ll
591 4809 644 4863 atto
713 4813 747 4862 25
764 4811 834 4876 latrix]
859 4815 938 4877 Verp.
954 4826 1043 4878 peory.
1065 4814 1096 4862 lll
1116 4814 1166 4864 150
1237 4813 1270 4865 33
1289 4821 1385 4862 reorum
1406 4821 1439 4861 te.
1455 4810 1473 4862 l.

273 4867 443 4930 lermicaumr
463 4881 487 4931 B
504 4896 592 4930 eorum
609 4883 640 4931 tl
658 4882 699 4930 uel
719 4897 735 4930 u
748 4882 897 4931 terminatur
911 4897 928 4939 ς
