3346 5506
647 385 695 447 DE
717 385 911 448 FthLlBVS
933 391 953 454 6
1382 398 1443 461 453

212 506 234 547 p.
250 493 308 536 aava.
324 494 348 536 u
361 493 384 536 v.
1224 509 1245 550 p.
1262 498 1350 539 ros-os
1366 499 1392 542 v.

157 588 229 651 qve
250 553 410 636 remis's
434 575 460 635 si
488 591 556 634 vero
583 573 613 633 in
642 573 769 652 genitivo
797 580 948 634 crescente
976 583 1113 655 correpta
1135 595 1154 636 n
1175 581 1373 657 permanserit
1394 587 1444 640 aut

165 682 272 737 munta
293 676 382 736 luerit
404 683 453 736 aut
475 693 534 735 non
558 676 697 744 creverit,
720 674 886 745 breviatur,
909 683 942 736 ut
955 683 1057 754 pectus
1071 678 1213 756 pectoris,
1237 678 1339 757 vulgus
1355 679 1442 759 vulgi.

244 777 395 839 Genitivus
417 784 446 837 et
468 777 580 838 dativus
602 785 632 837 et
654 775 795 837 ablativus
816 775 1028 855 producuntur.
1063 777 1114 838 sed
1136 781 1280 856 genitivus
1302 800 1369 842 cum
1392 791 1443 842 aut

163 897 195 939 os
218 880 249 942 in
282 879 341 940 fine
374 878 536 939 secundum
571 879 699 939 Graecos
730 877 866 938 habuerit
893 886 942 938 aut
969 881 1079 940 tertiae
1108 880 1197 941 luerit
1228 881 1441 954 declinationis,

166 999 226 1042 cum
255 978 380 1043 ablativo
407 999 460 1042 suo
488 999 505 1042 e
530 976 544 1064 ΙΙ
570 987 682 1053 tantum
710 978 807 1041 littera
842 981 999 1041 terminato
1032 981 1195 1051 breviatur,
1230 992 1353 1063 excepto
1382 1003 1467 1045 unos

162 1083 236 1164 qnod
258 1082 444 1163 producitur,
469 1082 505 1143 ab
527 1082 583 1143 hac
605 1081 697 1151 lame,
721 1083 787 1160 quia
810 1088 924 1141 veteres
946 1081 1032 1143 huius
1053 1082 1154 1153 lausei,
1178 1103 1239 1145 non
1254 1084 1341 1146 huius
1358 1086 1442 1147 lamis

162 1182 355 1246 declinabant.
398 1183 449 1244 sed
473 1191 503 1244 et
524 1183 638 1244 dativus
665 1184 696 1244 in
723 1183 843 1244 Graecis
864 1184 875 1242 i
903 1180 1000 1244 littera
1028 1186 1201 1246 terminatus
1223 1184 1387 1258 breviatur,
1411 1195 1444 1248 ιιι

160 1283 279 1348 Palladi.
323 1287 504 1346 accusativus
525 1286 555 1344 in
578 1285 688 1346 Latinis
710 1284 807 1346 brevis
834 1292 879 1345 est
900 1302 1030 1366 semper:
1060 1288 1090 1346 in
1113 1286 1233 1347 Graecis
1255 1295 1324 1349 tuno
1349 1287 1354 1370 Ι
1379 1297 1442 1350 tan-

159 1396 220 1450 turn
248 1386 411 1459 breviatur,
440 1406 506 1449 cum
533 1404 550 1447 a
579 1385 624 1447 vel
652 1405 691 1448 on
720 1388 908 1454 terminatur,
936 1395 970 1448 ut
995 1387 1109 1449 Thesea
1137 1388 1248 1459 belom
1279 1389 1349 1451 alias
1378 1389 1441 1451 lon·

157 1506 212 1568 gns
233 1499 289 1551 est.
332 1490 480 1550 vocativus
507 1506 624 1568 qnoque
651 1489 682 1548 iu
710 1487 821 1550 Latinis
843 1487 940 1550 brevis
968 1497 1026 1560 est,
1055 1498 1179 1570 excepto
1207 1510 1275 1552 curn
1303 1494 1313 1552 i
1339 1494 1440 1553 termi-
1456 1509 1480 1551 ro

157 1599 257 1659 natur,
287 1599 322 1652 ut
342 1590 484 1659 blerouri;
512 1591 543 1650 in
571 1589 691 1650 Graecis
718 1591 893 1670 corripitur,
921 1600 954 1652 ut
974 1590 1065 1652 Alexi.
1110 1594 1160 1673 qui
1183 1594 1288 1673 etiam,
1312 1592 1381 1654 dmn
1404 1595 1442 1653 si-

154 1691 232 1754 milis
259 1691 349 1754 inerit
375 1684 568 1760 nominativo,
597 1690 728 1770 regulam
758 1693 928 1753 nominativi
955 1695 1102 1773 sequitur,
1131 1702 1163 1754 ιιι
1189 1694 1263 1754 baec
1284 1703 1443 1775 paupertas

158 1802 189 1856 et
208 1812 226 1855 o
247 1802 417 1874 paupertas.
460 1794 491 1854 in
513 1791 682 1854 masculinis
703 1800 816 1856 tantum
840 1795 959 1856 Graecis
981 1793 1086 1874 longus
1109 1805 1165 1865 est,
1189 1802 1222 1856 ut
1242 1798 1349 1858 Aenea.
1389 1797 1441 1859 sed

152 1896 243 1959 anam
278 1914 295 1956 e
328 1896 428 1957 linitus
459 1897 489 1955 in
523 1894 644 1957 Graecis
677 1902 748 1956 tunc
783 1894 945 1966 breviatur,
985 1914 1051 1958 cnm
1085 1897 1148 1957 eius
1180 1899 1375 1959 nominativus
1408 1917 1442 1960 os

155 1996 247 2061 inerit
267 1998 457 2065 terminatus,
482 2004 514 2057 ut
534 1996 671 2057 Phoebos
691 1996 819 2059 Phoebe.
864 1999 1058 2059 nominativus
1085 2005 1115 2058 et
1136 2000 1317 2060 accusativus
1338 2007 1368 2060 et
1389 2019 1439 2061 vo·
1454 2017 1478 2060 rs

150 2101 265 2161 adens
291 2097 414 2178 pluralis
442 2099 471 2158 in
499 2096 661 2160 masculino
687 2107 717 2159 et
743 2098 884 2160 feminino
907 2117 1016 2178 genere
1037 2099 1257 2179 producuntur,
1280 2102 1310 2161 in
1334 2110 1441 2163 neuho

147 2208 251 2263 autem
274 2202 484 2280 corripiuntur.
523 2207 626 2262 contra
654 2200 727 2261 haec
749 2209 817 2262 sunt
837 2200 949 2262 Graeca
972 2202 1103 2272 nomine,
1128 2220 1203 2283 quae
1232 2202 1302 2263 dum
1330 2210 1398 2264 ante
1426 2224 1441 2266 s

151 2301 287 2364 ultimam
321 2320 337 2363 a
371 2308 421 2362 aut
452 2319 469 2361 e
500 2300 658 2362 habuerint
690 2312 719 2364 et
750 2320 766 2362 a
800 2303 928 2381 genitivo
962 2302 1103 2382 singulari
1132 2303 1185 2366 dos
1212 2305 1369 2365 terminato
1392 2322 1440 2364 ve·

148 2405 265 2475 norint,
291 2411 365 2465 tuno
387 2410 498 2465 tantum
521 2404 552 2463 in
574 2403 736 2466 masculino
758 2411 788 2465 et
815 2403 956 2465 feminino
978 2404 1164 2475 breviantur,
1188 2413 1221 2466 ut
1241 2406 1328 2467 huius
1349 2407 1439 2468 trea-

145 2505 222 2575 dos,
244 2505 299 2566 bas
320 2505 467 2577 Arcades,
492 2505 546 2566 hos
567 2504 711 2574 troadam
734 2504 805 2567 alias
826 2504 907 2584 longi
928 2515 1006 2567 sunt.
1028 2587 1031 2591 ¹
1050 2509 1195 2586 genitivus
1216 2506 1339 2587 pluralis
1360 2526 1437 2569 sem·
1451 2528 1477 2571 ao

142 2624 206 2687 per
228 2605 325 2668 brevis
347 2615 392 2666 est
412 2608 443 2667 in
464 2607 589 2677 Latinis,
612 2607 643 2666 in
666 2607 786 2668 Graecis
808 2625 877 2669 voro
899 2609 1086 2690 producitur,
1111 2619 1142 2670 nt
1163 2608 1335 2670 Philaenon.
1365 2609 1438 2671 dati·

144 2725 205 2771 vus
238 2716 268 2770 et
305 2706 447 2769 ablativus
479 2707 600 2787 pluralis
632 2709 657 2769 si
690 2710 716 2770 is
749 2710 960 2780 terminantur,
994 2709 1074 2790 longi
1102 2719 1185 2782 suot,
1215 2721 1248 2772 ut
1276 2710 1383 2780 doctis;
1414 2711 1439 2772 si

138 2806 222 2881 ltus,
254 2808 437 2881 breviantur,
466 2818 498 2870 ut
524 2808 664 2888 agilibus:
702 2819 752 2872 ant
783 2812 808 2872 si
839 2813 950 2874 Graeca
972 2815 1011 2874 sit
1037 2811 1208 2882 declinatio,
1236 2813 1266 2873 in
1298 2813 1437 2872 termina-

139 2918 198 2975 tos
219 2911 333 2974 dativus
355 2912 524 2989 corripitur,
547 2919 580 2972 ut
600 2913 732 2974 Arcasin.

234 3013 296 3075 Hac
323 3011 425 3093 regula
452 3013 570 3074 nomina
592 3016 767 3094 pronomina
790 3015 945 3094 participia
967 3015 1165 3076 continentur.
1209 3013 1261 3076 sed
1284 3015 1435 3094 pronomi·
1449 3042 1474 3082 25

138 3117 196 3177 uvis
218 3113 376 3177 declinatio
397 3115 428 3174 in
450 3114 506 3175 hoc
528 3122 641 3176 tantum
670 3116 778 3185 differt,
812 3116 890 3197 quod
912 3117 942 3175 in
966 3114 1171 3196 monosyllabis
1193 3134 1269 3196 quae
1291 3115 1438 3177 vocalibus

135 3218 355 3288 terminantur,
378 3224 412 3277 ut
432 3235 489 3286 me,
510 3224 560 3278 aut
582 3215 729 3277 vocalibus
751 3224 898 3286 constant,
922 3226 955 3278 ut
976 3235 1007 3288 o,
1030 3218 1060 3278 in
1083 3216 1215 3297 quolibet
1236 3236 1306 3279 casu
1328 3217 1437 3296 produ·

134 3327 270 3383 contus
306 3317 358 3380 sed
380 3320 525 3397 genitivus
545 3336 611 3378 cum
635 3336 670 3379 us
691 3318 805 3388 linitur,
828 3316 994 3389 breviatur,
1018 3326 1050 3379 ut
1071 3317 1163 3388 illius;
1189 3321 1194 3396 Ι
1219 3318 1333 3380 dativus
1355 3337 1434 3389 vero,

129 3423 227 3484 sicut
246 3420 278 3481 in
300 3420 435 3490 nomine,
464 3438 581 3501 semper
603 3418 708 3500 longus
730 3426 787 3488 est,
817 3426 940 3500 excepto
963 3418 1034 3480 mihi
1057 3418 1109 3479 tibi
1131 3417 1201 3490 sibi,
1225 3439 1300 3500 quae
1322 3419 1436 3483 indiffe-

220 3624 234 3677 1
256 3632 373 3690 correpta
391 3623 467 3674 inerit
489 3625 547 3688 qnia
566 3630 659 3674 mirata
681 3623 848 3686 permanserit
867 3623 892 3672 F
905 3630 1023 3687 correpta
1040 3631 1082 3671 aut
1101 3630 1198 3673 munte
1217 3625 1384 3690 permanserit
1399 3639 1437 3682 ες

125 3701 265 3762 ‹eomepta
286 3695 347 3758 quio
368 3703 463 3746 mutata
483 3695 593 3756 (motata
613 3692 647 3755 B)
670 3693 838 3757 permanserit
853 3692 878 3741 B
896 3701 921 3743 et
936 3694 1019 3742 code-c
1037 3693 1261 3758 Saogermonensis
1276 3694 1367 3745 Bedoe
1386 3710 1436 3745 uon

126 3765 317 3829 permanserit
334 3763 395 3830 (rel.
415 3764 474 3829 ona.)
497 3763 645 3815 tetendero
669 3761 804 3814 Leidenais
824 3762 922 3815 Bedoe.
952 3766 1089 3825 caenatum
1105 3778 1121 3811 n
1139 3771 1272 3827 correptae
1286 3766 1311 3813 a'n
1327 3766 1436 3829 genitivo

117 3836 326 3896 muntia,
343 3835 368 3884 in
382 3850 430 3900 quo
449 3834 529 3900 Ligus
544 3847 642 3896 ponere
662 3834 741 3882 soient
754 3834 917 3897 grammatici,
932 3832 1059 3883 excidisse
1070 3834 1171 3884 videtur
1254 3834 1272 3886 6
1288 3834 1437 3898 producitur

124 3913 170 3956 lat
188 3904 225 3956 eb
240 3903 290 3953 bac
303 3904 350 3953 Be
419 3904 488 3966 quod
506 3915 604 3953 ueteres
616 3903 641 3952 F
711 3901 787 3951 huins
802 3901 876 3952 lornei
894 3917 943 3952 non
960 3902 1035 3952 huius
1053 3902 1128 3953 lamis
1144 3903 1203 3953 huic
1214 3903 1292 3954 iamsi
1307 3918 1357 3953 non
1376 3903 1436 3954 huie

123 3971 209 4027 fami
228 3973 362 4024 Petsodius
381 3982 407 4025 ct
424 3974 499 4026 Beda
569 3972 652 4023 ised
671 3972 773 4021 datinus
786 3971 824 4022 Fi
892 3971 1029 4038 Bsemper
1045 3973 1131 4022 breuis
1150 3982 1189 4024 est
1206 3973 1231 4022 B
1301 3972 1436 4024 librenio-

121 4048 184 4096 tur
203 4044 231 4095 B
249 4042 335 4094 breuis
353 4054 392 4094 est
408 4044 466 4094 Fle
522 4043 562 4092 ivel
578 4044 607 4091 cd
627 4041 814 4093 terminaturF
879 4041 980 4092 thesseo
995 4042 1111 4093 Btessia
1127 4043 1271 4094 Ftesseal
1343 4042 1436 4095 1021-

118 4123 293 4237 satam
311 4128 394 4235 itt:
408 4114 500 4233 {aaa
517 4112 720 4247 limittit
737 4111 951 4247 &hiddila
970 4111 1436 4235 aaddtttlttttttt:

118 4244 190 4306 has
216 4252 324 4303 arcades
345 4252 392 4303 hos
416 4252 521 4302 arcadas
545 4251 665 4315 (arcados
687 4253 723 4314 F)
746 4250 792 4302 Fe
808 4250 885 4301 huius
904 4252 1011 4303 arcados
1033 4251 1080 4302 hos
1106 4253 1212 4302 arcadas
1229 4252 1277 4302 hos
1302 4254 1436 4304 oreadas!

117 4315 223 4375 lunius
237 4322 344 4372 arcados
362 4322 409 4375 hos
427 4322 508 4386 (corr.
529 4321 588 4386 has)
607 4322 713 4373 arcades
731 4323 813 4387 (corr.
832 4321 903 4386 -des)
915 4322 963 4372 hos
981 4320 1107 4372 harcades
1123 4321 1149 4372 B
1165 4322 1241 4373 huius
1259 4323 1374 4374 Arcados
1387 4323 1435 4373 bns

120 4392 262 4445 Arcadas
280 4405 296 4441 o
313 4392 426 4443 Arcades
444 4393 577 4443 Peccator
595 4390 671 4441 buius
690 4394 803 4443 Arcados
821 4391 847 4441 lvi
865 4391 979 4442 Arcades
996 4390 1168 4442 hoshreadas
1187 4407 1202 4443 o
1218 4391 1333 4443 Arcades
1352 4394 1436 4444 editor

131 4462 367 4515 vacabamus:
392 4464 427 4527 cs,
448 4461 520 4517 Sero,
539 4465 563 4512 in
586 4463 665 4526 Verg,
685 4461 750 4516 Aen,
770 4462 794 4512 X
811 4461 864 4514 364
948 4464 979 4512 21
999 4461 1024 4511 in
1044 4460 1141 4511 Latinis
1159 4477 1205 4517 om,
1224 4461 1301 4524 ΒΗ,
1318 4463 1379 4512 odd.
1398 4477 1436 4520 ος

215 4529 353 4582 Philaenon
375 4533 456 4582 editor
475 4531 674 4584 Vindobonenais
691 4531 816 4597 phelenon
835 4532 879 4582 Be
896 4531 1006 4599 pheluon
1025 4531 1051 4580 F
1072 4531 1207 4597 phelemon
1230 4534 1241 4581 1
1264 4530 1394 4582 Philemon
1418 4546 1435 4588 ς

126 4597 250 4654 lesbooa
271 4600 427 4653 Parrhasius
495 4603 528 4652 ‘23
547 4599 601 4668 aut]
626 4607 651 4650 at
669 4602 694 4651 B
761 4603 795 4654 25
813 4602 897 4652 omnia
922 4603 1024 4652 nomios
1041 4601 1118 4653 Beda
1187 4602 1221 4654 26
1237 4603 1263 4651 in
1282 4600 1330 4650 hoc
1345 4602 1388 4651 Bl
1407 4601 1432 4650 in

127 4686 170 4725 eo
189 4671 237 4722 Fe
324 4671 405 4722 oeten
423 4672 449 4722 B
534 4668 612 4736 quod]
634 4672 678 4734 qui
693 4672 730 4723 F:
748 4672 817 4737 qnod
834 4672 1008 4740 monosyllaba
1027 4686 1092 4737 quse
1111 4671 1243 4723 uocalibus
1268 4671 1435 4721 terminantur

127 4741 324 4808 producantur
341 4757 406 4804 quae
425 4750 483 4792 sum
501 4759 541 4791 me
559 4751 582 4790 te
600 4756 628 4791 se
647 4743 680 4791 mi
699 4750 725 4793 tu
744 4744 788 4807 qni
807 4759 871 4807 quae
890 4758 939 4807 quo
955 4758 1005 4807 qus
1022 4743 1068 4793 sed
1086 4743 1218 4810 genitiuns
1235 4754 1274 4799 es
1325 4740 1359 4791 27
1373 4754 1434 4807 pro-

134 4812 247 4864 ducitur
265 4809 400 4930 Prptsode'as
470 4811 504 4862 29
521 4811 696 4862 indifferenter
713 4813 905 4877 (indetrerenter
919 4811 957 4877 B)
975 4813 1036 4879 poni
1051 4822 1159 4881 possunt
1176 4810 1240 4865 Bis
1259 4809 1434 4863 indifferenter

136 4885 276 4932 ponuntur
