3314 5506
211 400 276 477 ‚roa
803 355 916 458 unum

281 515 420 559 .an.mn.
1303 508 1450 565 auorav.

215 530 347 655 acidino,
381 605 455 666 quae
485 585 632 646 interdum
665 592 787 664 propter
813 591 905 645 metra
938 583 982 644 vel
1015 590 1178 645 structuras
1205 602 1240 644 ex
1273 581 1401 644 ablativo
1433 599 1499 644 casu

216 691 331 750 numeri
359 685 516 765 singularis
539 706 556 747 o
577 686 713 749 ultimum
742 697 772 747 et
799 687 827 746 in
849 705 899 747 um
921 684 1033 747 litteras
1061 692 1247 755 convertant,
1274 692 1309 745 ut
1335 684 1499 764 genetivum

216 808 315 851 casum
337 791 453 850 numeri
478 788 600 868 pluralis
622 789 764 857 alliciant,
793 794 913 868 utputa
942 787 978 848 ab
1001 787 1058 848 lroc
1080 805 1189 866 supero
1222 787 1328 847 horum
1350 802 1498 864 superum.

215 891 267 954 sed
287 891 361 952 hacc
383 909 458 970 quae
480 893 538 950 siut
557 893 675 951 nomina
703 897 808 970 etqua
833 890 869 951 de
889 908 977 950 causa
998 909 1033 950 er
1054 907 1144 968 supra
1165 889 1243 950 dicto
1265 905 1336 949 casu
1355 884 1500 949 interdum

189 1000 338 1073 epropter
368 1000 461 1053 metra
487 991 531 1052 vel
553 999 717 1053 structuras
739 1012 756 1050 o
776 990 908 1052 ultimum
934 1000 963 1052 et
985 991 1018 1050 in'
1039 1009 1089 1052 um
1117 989 1229 1052 litteras
1256 995 1444 1059 convertant,
1472 996 1503 1049 ut

215 1095 380 1172 genetivum
410 1112 510 1155 casum
543 1095 658 1154 numeri
687 1092 808 1173 pluralis
837 1093 980 1175 ciliciam,
1012 1092 1069 1152 hoc
1094 1093 1122 1152 iu
1146 1092 1247 1153 metris
1277 1089 1323 1153 vel
1347 1091 1503 1153 structuris

215 1204 407 1273 conpetenter
429 1194 627 1256 tractabimus.

300 1297 373 1359 ltem
395 1299 424 1357 in
449 1296 505 1358 lrac
527 1297 621 1358 iorma
643 1297 857 1375 suprascripta
880 1297 1040 1374 quaeritur,
1063 1315 1120 1376 qua
1137 1296 1174 1388 de
1192 1312 1279 1356 causa
1296 1292 1345 1356 laic
1357 1293 1504 1356 barbarus

217 1406 246 1459 et
266 1415 325 1458 non
356 1398 405 1459 laic
426 1397 535 1459 barbar
561 1398 684 1459 dicatur.
728 1397 783 1458 hac
805 1399 841 1459 de
862 1405 964 1469 causa,
994 1398 1132 1478 quoniam
1159 1415 1364 1478 quaecumque
1386 1397 1503 1457 nomina

180 1525 204 1566 m
218 1499 345 1561 ablativo
371 1518 441 1561 casu
471 1502 585 1561 numeri
612 1498 768 1580 singularis
788 1519 805 1560 o
828 1499 924 1560 littera
953 1501 1164 1570 terminantur,
1192 1499 1266 1561 haec
1290 1516 1452 1578 numquam
1474 1498 1504 1557 in

216 1601 396 1662 nominativo
419 1619 488 1663 casu
516 1602 632 1662 numeri
652 1600 808 1689 singularis
826 1619 859 1662 ar
881 1600 984 1663 litteris
1010 1603 1203 1671 deliniuntur;
1231 1609 1261 1661 et
1281 1601 1348 1662 ideo
1368 1599 1419 1660 hic
1437 1597 1503 1660 bar·

216 1702 307 1763 barus
329 1711 358 1764 et
376 1722 436 1765 non
458 1703 506 1764 hic
527 1702 636 1765 barbar
665 1704 762 1764 lacere
792 1706 1006 1782 pronuntiatur.
1051 1705 1119 1765 item
1148 1705 1177 1763 in
1199 1703 1255 1764 hac
1282 1719 1373 1780 supra
1395 1701 1502 1779 scripta

217 1804 311 1865 iorma
341 1806 506 1886 quaeritur,
536 1806 652 1884 quade
676 1823 763 1866 causa
794 1805 841 1866 hic
867 1805 1015 1867 masculus
1042 1813 1070 1866 ct
1091 1823 1150 1866 non
1173 1805 1220 1866 hic
1245 1803 1353 1866 mascel
1381 1802 1502 1864 dicatum.

218 1906 274 1968 lrac
292 1907 329 1968 de
352 1925 454 1976 causa,
483 1909 621 1988 quoniam
637 1903 650 1990 ss
666 1926 868 1987 quaecumque
892 1910 1008 1969 nomina
1032 1905 1156 1968 ablativo
1177 1925 1247 1967 casu
1269 1906 1386 1967 numeri
1408 1906 1504 1983 singu·

181 2034 205 2074 m
219 2007 287 2069 laris
305 2028 322 2069 o
341 2009 436 2071 littera
457 2010 662 2078 terminantur,
683 1994 756 2070 haec
774 2027 932 2088 numquam
953 2011 1131 2070 nominativo
1153 2027 1222 2070 casu
1243 2009 1360 2071 numeri
1377 2005 1504 2084 singula·

218 2113 260 2170 ris
283 2111 309 2171 el
330 2111 434 2172 litteris
456 2111 650 2178 definiuntur;
679 2119 707 2171 et
729 2111 795 2171 ideo
819 2110 866 2171 lric
888 2110 1037 2173 masculus
1064 2119 1094 2172 et
1115 2129 1175 2171 uon
1202 2111 1251 2172 laic
1274 2109 1384 2172 mascel
1410 2109 1503 2170 lacere

218 2215 434 2289 pronuntiatur.
478 2215 546 2273 item
574 2214 604 2272 in
626 2212 682 2273 hac
708 2213 928 2291 suprascripta
957 2213 1050 2273 lomna
1075 2214 1240 2292 quaeritur,
1268 2211 1392 2291 quade
1420 2227 1502 2274 causa

219 2313 364 2392 Vergilius
386 2315 515 2374 vocativo
538 2332 608 2375 casu
630 2317 746 2374 numeri
768 2311 923 2393 singularis
1238 2384 1241 2391 ¹

579 2460 581 2463 -
622 2432 730 2476 socer
749 2435 847 2477 arma
871 2416 1027 2478 Latinus
1048 2415 1181 2477 habeto

180 2541 206 2580 ω
219 2517 426 2595 pronuntiarit.
456 2518 507 2577 sed
531 2518 667 2596 quoniam
690 2517 764 2579 haec
788 2520 863 2578 ratio
882 2526 1044 2580 metrorum
1060 2525 1113 2586 est,
1137 2525 1166 2578 et
1186 2517 1252 2578 ideo
1271 2516 1329 2578 hoc
1343 2534 1501 2584 monemus,

219 2617 298 2697 quod
321 2618 378 2678 hoc
400 2619 431 2677 in
454 2620 556 2679 metris
576 2626 770 2697 conpetenter
792 2626 917 2681 tractare
941 2619 1109 2681 debeamus.

198 2771 211 2794 ,
304 2719 388 2780 Nunc
407 2722 437 2780 in
460 2720 516 2781 hac
538 2723 750 2800 suprascripta
773 2721 866 2782 iorma
886 2724 1003 2799 generis
1024 2722 1187 2790 masculini,
1211 2739 1267 2799 qua
1282 2720 1411 2783 diximus
1429 2718 1503 2782 abla-

218 2822 276 2882 tivo
299 2840 368 2882 casu
387 2824 504 2882 numeri
525 2822 683 2900 singularis
711 2824 827 2884 uomina
850 2843 868 2882 o
890 2823 983 2884 littera
1010 2824 1162 2884 terminari
1190 2831 1218 2883 et
1239 2823 1419 2884 nominativo
1440 2841 1505 2884 casu

219 2925 337 2984 numeri
359 2922 515 3003 singularis
530 2943 565 2984 us
580 2925 683 2986 litteris
706 2935 772 3002 post
793 2934 1002 3000 consonantem
1025 2925 1150 2993 deliniri,
1173 2925 1230 2986 hoc
1245 2942 1409 2994 monemus,
1429 2923 1505 3004 quod

181 3049 205 3088 aa
221 3045 256 3086 er
280 3044 313 3086 ea
336 3045 371 3086 eo
394 3024 494 3103 plures
516 3027 581 3087 soni
611 3028 724 3105 possint
751 3026 892 3088 exhiberi.
938 3027 974 3088 de
996 3027 1090 3088 lorma
1113 3028 1229 3105 generis
1256 3025 1424 3097 masculini,
1451 3045 1506 3107 qua

219 3127 346 3190 diximus
368 3126 492 3188 ablativo
516 3147 585 3189 casu
607 3130 724 3189 numeri
748 3128 904 3208 singularis
932 3132 1048 3190 nomina
1070 3147 1088 3187 o
1111 3129 1205 3190 littera
1229 3129 1381 3189 terminari
1407 3135 1437 3189 et
1456 3147 1506 3189 no-

219 3230 357 3290 minativo
391 3246 460 3290 casu
493 3232 609 3292 numeri
642 3229 805 3312 singulalris
838 3249 873 3292 us
907 3230 1010 3293 litteris
1043 3239 1109 3309 post
1141 3237 1350 3297 consonantem
1383 3229 1507 3302 deliniri,

219 3341 360 3413 quantum
382 3334 456 3394 ratio
478 3332 629 3412 poscebat,
652 3335 848 3413 tractavimus,

305 3435 346 3496 lle
369 3453 430 3496 aus.
477 3454 681 3515 quaecumque
700 3438 818 3497 nomina
839 3437 956 3514 generis
978 3435 1132 3495 masculini
1153 3433 1278 3495 ablativo
1301 3454 1371 3498 casu
1392 3435 1509 3496 numeri

180 3537 377 3615 aosiugularis
399 3556 416 3597 o
438 3537 534 3622 littora
562 3540 757 3599 terminantur
781 3547 809 3600 et
831 3538 1008 3599 nominativo
1034 3556 1103 3598 casu
1132 3518 1248 3597 numeri
1274 3536 1434 3615 singularis
1457 3555 1509 3598 aus

219 3638 322 3700 litteris
348 3638 540 3709 definiuntur,
572 3648 604 3700 nt
630 3649 699 3718 puta
728 3640 764 3700 ab
788 3640 844 3700 hoc
866 3639 997 3701 Menelao
1023 3640 1070 3700 hie
1095 3637 1258 3707 Menelaus,
1286 3639 1358 3701 haec
1387 3641 1424 3701 ad
1452 3640 1509 3700 hoc

220 3738 387 3818 exemplum
410 3740 608 3802 declinantur:
631 3744 747 3802 numeri
766 3740 922 3818 singularis
944 3741 993 3801 hic
1014 3741 1162 3802 Menelaus
1184 3741 1271 3801 huius
1293 3740 1418 3804 Menelai
1440 3742 1510 3803 huic

219 3840 352 3902 Menelao
386 3841 466 3903 lmnc
486 3841 650 3903 Menelaum
674 3841 838 3904 oMenelae
872 3842 908 3903 ab
932 3842 1154 3929 ho'cMenelam
1187 3845 1303 3904 numeri
1326 3842 1450 3921 pluralis
1480 3843 1509 3904 bi

220 3941 342 4003 Menelai
365 3941 471 4003 horum
498 3943 704 4012 Menolaorum,
726 3943 771 4005 his
793 3942 931 4005 Menelais
963 3944 1018 4004 hos
1036 3944 1183 4006 Menelaos
1215 3943 1378 4007 oMenelai
1409 3946 1511 4008 abluis

182 4057 207 4098 ³⁵
221 4043 370 4106 Menelais.
415 4047 457 4105 sic
476 4053 506 4106 et
526 4044 580 4105 alia
601 4047 717 4122 generis
738 4045 891 4107 masculini
911 4048 1038 4115 nomina,
1063 4065 1137 4126 quae
1159 4046 1283 4108 ablativo
1301 4065 1372 4109 casu
1394 4049 1511 4109 numeri

208 4145 376 4226 singularis
395 4167 412 4208 o
434 4147 530 4208 littera
560 4149 756 4208 terminantur
786 4155 815 4208 et
843 4148 1019 4208 nominativo
1042 4166 1111 4209 casu
1139 4150 1254 4210 numeri
1279 4148 1438 4226 singularis
1458 4167 1512 4211 aus

220 4247 324 4311 litteris
350 4250 544 4318 (instruuntur,
577 4250 612 4310 ad
642 4249 807 4329 exemplum
830 4249 954 4311 Menelai
987 4269 1041 4328 per
1069 4268 1171 4312 omnes
1199 4269 1284 4312 casus
1314 4251 1510 4313 declinantur.

221 4369 300 4413 nunc
320 4354 349 4412 in
373 4353 428 4414 lrac
455 4354 548 4414 forma
576 4355 811 4432 suprascripta,
837 4370 894 4430 qua
918 4353 1044 4413 diximus
1068 4354 1185 4430 geareris
1209 4349 1363 4415 masculini
1392 4355 1509 4415 nomina

221 4453 346 4514 ablativo
367 4474 435 4515 casu
464 4457 580 4517 numeri
600 4454 756 4534 singularis
776 4476 794 4515 o
815 4454 910 4515 littera
934 4456 1084 4516 terminari
1114 4463 1143 4516 et
1162 4456 1340 4516 nominativo
1363 4474 1435 4518 casu
1457 4473 1510 4516 nu·

183 4574 208 4615 m
221 4557 294 4616 meri
317 4557 472 4634 singularis
492 4575 544 4618 aus
565 4557 670 4618 litteris
691 4557 813 4626 deliniri,
838 4557 894 4617 lroc
913 4576 1076 4626 monemus,
1100 4557 1178 4637 ‹puod
1196 4559 1254 4618 sint
1268 4555 1364 4636 aliqua
1380 4560 1510 4626 nomina,

291 4807 474 4856 'lconuertunt
490 4806 513 4856 n
531 4813 682 4855 conuertunt
699 4805 724 4854 B
777 4805 981 4854 ‘ltrectabimus
999 4822 1013 4853 r
1030 4807 1195 4855 tractauimus
1214 4805 1263 4856 RB
1318 4805 1350 4857 ts
1369 4802 1508 4874 Vergilius]

223 4876 287 4926 Aea.
310 4876 358 4926 Xll
379 4875 428 4927 192
497 4876 530 4928 ‘25
547 4891 579 4925 cx
598 4892 628 4925 ea
646 4892 675 4927 eo
694 4876 781 4942 plures
798 4892 812 4925 v
832 4891 864 4925 cx
883 4892 912 4925 eo
930 4876 1016 4942 plures
1036 4876 1058 4925 lt
1079 4892 1110 4925 ex
1128 4895 1158 4927 eo
1174 4876 1261 4941 plures
1278 4893 1292 4924 r
