3314 5506
217 363 279 426 410
798 360 919 423 senui

1301 501 1308 516 .
1320 473 1379 516 ms.
1390 475 1416 517 so
1429 474 1450 516 r.

217 545 296 607 velut
317 547 458 609 inelroant
479 547 673 619 elocutiones,
696 552 871 628 pronomina
893 557 990 611 autem
1014 550 1092 613 reim
1112 550 1263 633 conplent
1284 485 1415 633 ¹lpualitao
1434 572 1497 634 pro·

219 652 370 711 nominum
399 649 599 730 principaliter
627 650 764 730 bipertita
791 660 844 713 est.
889 654 990 714 omnia
1023 655 1101 715 enim
1133 656 1312 734 pronomina
1344 663 1394 717 aut
1423 656 1498 717 linita

217 761 285 813 sunt
300 761 349 813 ant
364 753 484 813 inlinita.
515 753 596 813 fruita
611 760 679 814 sunt
701 772 776 834 quae
797 756 945 834 recipiunt
965 774 1123 836 personas,
1146 757 1177 818 id
1199 765 1246 819 eat
1266 776 1343 838 qnae
1363 757 1499 819 deliniunt

218 873 374 936 personas,
405 863 434 915 ot
460 862 529 915 sum
555 863 667 917 mutum
695 858 764 928 tria,
794 875 849 936 ego
876 866 908 918 ιιι
941 857 1001 919 ille.
1045 857 1097 920 sed
1125 857 1175 919 ille
1203 859 1379 940 plerumque
1404 862 1512 925 vanae,

191 968 286 1019 tuam
315 959 340 1018 si
367 958 403 1018 arl
432 959 596 1038 praesentis
623 976 780 1038 personam
808 961 968 1031 reseratur,
997 968 1068 1022 tune
1095 979 1164 1022 rere
1192 962 1308 1023 linitum
1331 970 1389 1032 est:
1417 964 1442 1023 si
1466 962 1517 1038 ἀρ

218 1060 339 1121 absente
362 1060 490 1131 dicatur,
514 1062 613 1121 minus
634 1079 722 1140 qnam
745 1061 859 1123 linitum
883 1070 936 1122 est.
967 1062 1079 1123 insmita
1101 1070 1200 1124 autem
1221 1066 1517 1142 pronominantur,

218 1162 327 1224 habeut
355 1164 477 1242 speeies.
522 1180 590 1222 nam
623 1162 693 1223 lieet
728 1164 826 1224 omnia
855 1182 1056 1244 quaecumque
1089 1182 1148 1226 non
1182 1168 1329 1247 recipiunt
1361 1184 1517 1249 persam,

217 1267 330 1326 infinita
359 1267 432 1336 sint,
461 1273 559 1326 tamen
588 1264 644 1327 alia
672 1264 809 1325 dicuntur
839 1265 1016 1345 generalitor
1043 1267 1170 1337 infinita,
1205 1267 1261 1328 alia
1290 1270 1387 1329 miuus
1416 1286 1517 1351 quau

218 1368 312 1437 finita,
342 1367 397 1428 alia
425 1366 592 1428 articularia
614 1366 658 1427 rel
681 1366 922 1439 demonstrativa,
951 1367 1006 1430 alia
1028 1371 1199 1448 possessiva.
1243 1369 1419 1450 generaliter
1437 1371 1512 1447 infr.

180 1485 205 1526 ιο
219 1472 279 1531 nita
308 1477 377 1530 sunt
403 1488 478 1550 quae
507 1471 681 1549 cuicumque
708 1487 853 1548 personae
881 1472 977 1550 aptari
1003 1479 1141 1550 possunt,
1164 1479 1198 1531 ut
1219 1481 1265 1533 est
1284 1475 1365 1553 quim
1386 1480 1414 1535 ot
1432 1492 1500 1545 urm

218 1573 292 1633 haee
313 1580 426 1652 septem
449 1580 577 1643 tantum,
607 1572 672 1652 quis
694 1571 788 1653 qualis
810 1571 874 1634 talis
897 1581 1023 1653 quantus
1043 1581 1142 1635 tantus
1163 1582 1271 1654 quotus
1293 1583 1378 1637 totus.
1405 1575 1489 1642 miuus

218 1693 305 1752 quam
333 1677 413 1735 imita
442 1675 580 1735 (licuntur
613 1694 687 1755 quae
716 1677 1025 1736 commemorationem
1053 1674 1165 1736 habent
1194 1684 1332 1738 notarum
1363 1696 1479 1756 persona-

219 1797 300 1846 rum,
324 1785 356 1838 ut
378 1786 422 1838 est
444 1778 519 1857 ipse:
550 1776 623 1837 haec
651 1784 719 1838 suut
747 1795 798 1837 sex
827 1786 953 1847 tantum,
977 1780 1039 1857 ipse
1060 1779 1117 1838 iste
1138 1779 1163 1838 is
1185 1777 1234 1838 lrie
1256 1778 1334 1840 idem
1355 1780 1404 1839 sui.
1438 1782 1476 1840 sol

219 1901 254 1941 ex
279 1880 323 1939 lris
345 1879 401 1940 alia
422 1887 492 1940 suut
513 1897 587 1960 quae
611 1878 746 1939 absentes
768 1897 910 1958 personas
932 1881 1112 1959 significant,
1141 1878 1199 1941 alia
1220 1900 1297 1960 quae
1318 1888 1471 1962 praesentes:

182 1983 356 2043 uoluentes
384 1980 496 2060 reliqna
525 1983 638 2050 onmia;
668 1989 839 2061 praesentes
867 1982 941 2042 haee
970 1990 1097 2051 tantum,
1126 1984 1182 2044 iste
1211 1984 1266 2045 ista
1295 1983 1368 2045 istud
1392 1990 1416 2042 et
1437 1981 1470 2039 lic

220 2087 292 2146 liaeo
320 2085 389 2154 lroc,
420 2102 495 2163 quae
526 2101 586 2143 nou
614 2082 686 2143 nulli
713 2085 889 2162 pronomina
917 2087 1004 2145 etiarn
1033 2084 1200 2146 articularia
1225 2096 1342 2156 roeaut,
1368 2080 1469 2162 eoquod

219 2208 302 2248 more
325 2189 438 2247 Graeco
461 2205 527 2246 eum
551 2185 719 2246 nominibus
747 2186 941 2247 declinantur.
987 2189 1148 2266 possessiva
1171 2188 1309 2248 dicuntur
1331 2185 1468 2268 pronomina

219 2310 293 2369 qnam
323 2309 376 2349 uos
403 2288 510 2368 aliquid
540 2287 692 2366 possidere
714 2288 885 2358 ostendunt,
909 2298 942 2350 ut
963 2298 1007 2350 est
1028 2285 1139 2371 meusll
1156 2297 1232 2350 tuus.
1277 2290 1348 2351 haee
1367 2290 1393 2349 in
1409 2291 1468 2365 quat·

219 2401 286 2453 tuor
309 2401 407 2472 partes
429 2390 606 2451 dividunum.
641 2391 791 2475 aut-euim
814 2400 937 2470 utraque
955 2398 1043 2471 parte
1065 2391 1224 2469 singularia
1247 2402 1327 2464 sunt,
1354 2399 1397 2451 aut
1413 2394 1468 2447 utra·

181 2515 277 2575 eoque
307 2492 446 2573 pluralia,
480 2500 530 2551 ant
558 2493 736 2552 intrinsecus
757 2491 934 2570 singularia,
963 2496 1146 2555 extrinsecus
1167 2493 1309 2574 pluralia,
1331 2501 1376 2556 aut
1392 2489 1468 2551 intrin-

220 2616 305 2658 sorus
326 2595 464 2676 pluralia,
489 2595 672 2654 extrinsecus
694 2592 863 2672 singularia.
904 2603 1027 2676 utraque
1053 2608 1137 2676 parte
1158 2595 1318 2675 singularia
1343 2600 1413 2662 suut,
1433 2587 1469 2649 ubi

220 2709 249 2761 et
271 2717 398 2778 persona
421 2697 596 2777 possidentis
619 2704 648 2755 et
670 2697 797 2774 possessi
820 2715 878 2757 una
900 2707 958 2769 est,
982 2706 1015 2759 ut
1034 2717 1132 2767 meus;
1156 2707 1282 2779 utraque
1303 2705 1381 2779 parte
1398 2693 1469 2775 plura-

219 2803 272 2872 lia,
302 2801 352 2863 ubi
374 2799 457 2860 multi
480 2807 549 2859 sunt
570 2801 620 2877 qui
642 2798 829 2876 possidentur
852 2811 881 2860 et
909 2800 992 2861 multi
1014 2802 1064 2881 qui
1085 2800 1252 2881 possident,
1281 2808 1313 2862 ut
1333 2809 1375 2861 est
1391 2793 1469 2858 nulriz

219 2907 397 2964 intrinsecus
430 2900 603 2979 singularia,
639 2901 822 2961 extrinsecus
854 2900 976 2980 pluralia
1012 2909 1081 2962 sunt
1112 2922 1188 2983 quae
1215 2901 1385 2982 possidentis
1407 2910 1470 2957 uuam

182 3025 377 3086 espiersouum
406 3004 578 3071 osterulunt,
607 3021 809 3081 possessorum
832 3003 987 3082 plurimas,
1018 3014 1051 3065 ut
1073 3013 1118 3065 est
1138 3007 1212 3075 mei,
1243 3004 1287 3065 rel
1310 3024 1326 3064 e
1347 2997 1471 3065 eontulit,

220 3119 252 3170 ut
274 3116 318 3168 est
339 3117 449 3168 noster.
494 3107 672 3166 intrinsecus
695 3113 791 3166 eutem
816 3105 923 3166 dieitur
951 3106 1028 3186 quod
1051 3108 1180 3186 pertinet
1202 3106 1237 3166 ael
1261 3122 1407 3186 personatu
1424 3114 1472 3179 pos·

220 3212 356 3280 sidentis,
386 3211 568 3270 extrinsecus
601 3206 680 3287 quoti
715 3209 844 3284 pertinet
875 3208 911 3269 ael
938 3226 1095 3288 personatu
1128 3210 1265 3287 possessi.
1311 3214 1376 3268 suut
1401 3210 1472 3264 auten

218 3315 380 3396 possessiva
416 3312 591 3390 pronomina
624 3311 753 3390 quinque
787 3317 915 3380 tantum,
954 3330 1037 3371 meus
1071 3319 1138 3372 tuus
1168 3329 1238 3371 suns
1272 3319 1369 3370 noster
1396 3312 1473 3364 reaes-

221 3417 330 3497 absque
350 3416 395 3475 nis
416 3412 658 3493 prouoruiuibuS,
682 3429 757 3490 quae
772 3413 871 3472 omnia
892 3420 960 3471 suut
983 3415 1082 3490 viginti
1105 3420 1135 3472 et
1156 3432 1263 3482 irarum,
1287 3409 1392 3471 nullum
1410 3399 1473 3467 aliud.

181 3519 298 3598 aoquorl
327 3537 408 3580 suam
437 3518 583 3594 originem
611 3513 732 3582 habeat,
763 3515 872 3590 poterit
900 3515 1040 3593 reperiri;
1075 3514 1126 3574 sed
1153 3516 1237 3594 siqua
1264 3522 1346 3584 sunt,
1370 3504 1474 3586 conpul-

220 3623 299 3682 tioue
321 3622 403 3681 liunt.

305 3725 388 3783 Scire
417 3732 514 3782 autem
543 3719 685 3780 debemus
712 3718 742 3776 iu
773 3715 969 3778 declinatione
1001 3721 1211 3798 pronominum
1249 3717 1411 3799 plerumque
1437 3704 1475 3768 sul

221 3847 278 3887 una
301 3827 515 3903 significatione
538 3841 622 3881 casus
644 3820 724 3878 rarle
746 3819 891 3897 proferri,
916 3830 948 3881 ut
970 3831 1014 3882 est
1035 3823 1100 3900 quis
1117 3820 1160 3881 rel
1182 3821 1246 3901 qui:
1270 3839 1336 3881 uam
1352 3824 1476 3898 possumus¹

222 3929 320 3987 elicere
349 3929 434 4005 ‘quis
463 3925 515 3984 tibi
544 3925 614 3982 ierit
641 3922 797 3982 iuiurimu’
821 3930 850 3982 et
873 3925 937 4001 ‘qui
962 3922 1014 3982 tibi
1036 3923 1102 3982 ierit
1126 3925 1293 3983 iniuriam'.
1336 3923 1400 3980 item
1417 3917 1475 3975 inre·

183 4043 208 4085 u
222 4032 300 4088 nitur
323 4030 474 4106 genetivus
497 4024 618 4103 duplex,
649 4034 680 4084 ut
703 4027 759 4084 mei
783 4024 826 4083 rol
850 4026 920 4094 mis,
945 4026 986 4083 tui
1008 4024 1052 4083 vel
1076 4027 1125 4085 tis:
1149 4043 1217 4084 nani
1233 4041 1384 4102 possumus
1402 4017 1477 4077 uicere

222 4132 299 4190 ‘mei
321 4148 408 4189 rausa
431 4137 458 4188 te
481 4130 566 4208 peto’
595 4136 624 4185 et
650 4131 724 4186 ‘mis
745 4145 838 4188 curem
861 4135 888 4186 te
910 4129 995 4203 peto'
1017 4136 1046 4186 et
1068 4130 1130 4188 ‘tua'
1148 4145 1243 4188 euerso
1262 4136 1289 4186 te
1305 4126 1385 4202 peto'
1401 4130 1426 4181 et
1440 4116 1479 4173 ‘tlt

221 4249 314 4293 rrrrrsu
336 4239 363 4289 te
380 4235 479 4306 peto’.
509 4230 560 4290 serl
584 4230 690 4289 miset
715 4230 751 4288 tis
774 4228 810 4287 de
833 4247 887 4289 usu
910 4236 1105 4290 recesserunt.
1149 4231 1221 4289 item
1246 4228 1384 4290 ablatims
1402 4222 1479 4296 siugu-

293 4453 425 4502 liuroaut
444 4453 468 4511 ζ’
536 4452 716 4508 4ιιιιιίιιιιιις
786 4453 973 4516 Ὶτιιὶρίιιιιις
992 4451 1122 4514 excipiunt
1139 4450 1197 4497 P.
1236 4450 1269 4501 10
1286 4446 1482 4513 quaemiusper·

222 4540 301 4574 souae
312 4524 385 4572 attari
396 4523 421 4571 P
431 4538 495 4584 quae
513 4523 648 4583 uniruique
663 4536 786 4586 personae
802 4523 884 4587 aptari
900 4537 930 4578 ς;
948 4521 1100 4587 generaliter
1110 4520 1236 4570 infinitum
1247 4521 1338 4570 dicitnr
1349 4514 1410 4579 quod
1420 4518 1483 4579 potest

223 4596 371 4657 euiruruque
390 4594 472 4657 aptari
491 4607 613 4655 personae
630 4594 735 4657 Sergius
748 4609 775 4655 p.
795 4592 847 4643 503
866 4594 906 4642 ed.
923 4592 1002 4641 Liud.
1095 4592 1127 4642 15
1148 4600 1171 4641 et
1190 4590 1232 4639 lrir
1256 4604 1282 4639 er
1298 4590 1359 4639 liaeo
1375 4598 1398 4635 et
1414 4576 1485 4632 hocl'

290 4665 324 4715 30
343 4679 413 4713 suam
433 4677 449 4718 ς
468 4677 513 4710 sua
532 4663 556 4709 P
625 4663 658 4713 33
676 4666 734 4725 quis
753 4663 793 4712 uel
815 4664 868 4725 qui.
906 4661 969 4710 Num
988 4676 1124 4727 possumus
1144 4661 1230 4710 dicere
1245 4661 1294 4709 mei
1314 4672 1388 4708 causa
1404 4666 1425 4703 te
1440 4658 1485 4715 peto

223 4744 245 4783 et
266 4736 313 4782 mis
329 4750 405 4783 causa
426 4742 450 4782 te
469 4742 526 4796 peto
546 4739 568 4779 et
588 4731 619 4778 tis
638 4748 715 4781 eausa
733 4744 755 4781 te
776 4744 842 4797 peto.
880 4733 926 4781 sed
941 4733 1024 4788 miss
1111 4729 1145 4781 36
1170 4742 1193 4778 et
1218 4728 1365 4779 mis—tis
1388 4730 1485 4773 causat?

223 4812 280 4868 poto
299 4819 343 4857 ona,
364 4806 404 4854 P.-
423 4803 532 4851 dicimus
552 4801 617 4849 enim
635 4803 670 4850 tui
692 4817 769 4850 causa
791 4814 815 4851 te
836 4817 899 4868 rogo
924 4812 948 4851 et
966 4803 998 4851 tis
1015 4816 1091 4850 eausa
1107 4810 1134 4852 to
1150 4816 1223 4868 rogo,
1242 4799 1291 4849 mis
1309 4811 1383 4847 carisa
1400 4808 1421 4842 re
1438 4801 1487 4852 roz-‘⁰

224 4883 247 4923 et
263 4876 312 4922 mei
329 4890 404 4923 eausa
422 4882 446 4922 te
466 4888 527 4939 rogo
546 4873 652 4934 Sergius
666 4887 693 4932 p.
707 4871 758 4922 501}
776 4873 816 4925 erl.
834 4872 911 4922 Lina.
