3346 5506
533 384 741 448 EXPLdeT.
763 384 801 447 ΙΝ
823 383 1003 447 DONATVM
1025 383 1095 445 LlB.
1118 383 1130 445 l
1408 390 1469 452 509

1263 490 1425 542 emon

195 579 222 633 ct
246 571 378 633 futurum
406 579 523 652 tempus
549 570 635 634 simul
663 571 765 643 babet,
794 572 959 652 perfectum
982 579 1012 632 et
1038 569 1359 650 plusquamperfectum
1382 567 1477 636 simul,

194 674 387 754 inperfectum
409 674 576 755 separatim.
607 693 641 735 ac
663 673 757 735 solum
781 676 834 735 ista
857 674 915 735 duo
938 672 1097 735 excludunt
1120 671 1217 744 multi,
1241 680 1271 733 et
1291 674 1369 743 iure,
1392 691 1477 752 prae·

193 793 260 836 sens
282 783 312 837 et
332 777 539 856 inperfectum.
583 777 608 836 si
636 778 715 837 enim
743 778 887 855 optativus
916 775 1020 837 modus
1042 775 1148 835 dicitur
1170 773 1206 834 ab
1230 793 1265 835 eo
1287 775 1364 855 quod
1388 782 1477 854 optet,

193 879 372 957 praeseutia,
394 878 424 938 id
448 889 493 939 est
514 896 588 958 quae
610 877 766 948 babemus,
790 888 893 957 optare
916 896 975 937 non
998 895 1161 956 possumus.
1206 879 1247 936 sic
1271 885 1300 938 et
1321 876 1357 936 de
1380 878 1478 954 inper-

193 978 267 1040 fecto
297 980 479 1059 repudiando
506 981 622 1050 dicunt,
651 981 718 1060 quia
747 987 827 1040 retro
856 988 958 1060 optare
989 997 1046 1039 non
1074 996 1244 1057 possumus;
1279 997 1349 1056 ergo
1379 985 1408 1037 et
1441 977 1503 1037 des

192 1081 324 1161 perfecto
347 1090 376 1142 et
397 1081 702 1162 plusquamperfecto,
724 1100 799 1162 quae
822 1099 932 1143 conexa
955 1087 1036 1151 sunt,
1060 1080 1137 1142 idem
1161 1080 1317 1141 dicendum
1341 1088 1393 1140 est.
1425 1081 1476 1141 sed

136 1211 141 1217 ·
192 1185 233 1243 sic
254 1201 411 1261 possumus
433 1192 544 1264 optare,
573 1192 605 1245 ut
632 1186 819 1262 increpemus
846 1183 889 1245 vel
918 1184 1066 1244 fortunam
1094 1182 1138 1243 vel
1166 1182 1243 1263 qnod
1273 1200 1331 1242 non
1354 1181 1477 1242 fecimus

190 1293 338 1364 oportuno
366 1293 515 1366 tempore,
540 1288 649 1348 utinam
678 1285 824 1365 legissem.
869 1287 948 1346 vides
976 1287 1052 1365 quod
1076 1285 1132 1345 boc
1152 1286 1314 1364 increpatio
1338 1295 1393 1352 est,
1418 1302 1477 1344 non

192 1394 305 1458 votum,
330 1389 460 1449 ‘utinam
482 1387 533 1448 illo
555 1396 689 1468 tempore
711 1386 864 1467 legissem,
888 1406 946 1466 quo
968 1389 1050 1466 potui
1072 1387 1213 1448 discere'.
1258 1395 1380 1466 propter
1402 1386 1478 1445 banc

191 1506 262 1568 ergo
292 1492 496 1552 necessitatem
525 1507 663 1551 concessa
692 1500 760 1551 sunt
786 1491 840 1550 ista
876 1496 1018 1568 tempora.
1063 1507 1153 1568 quare
1180 1490 1233 1550 ista
1263 1507 1374 1549 conexa
1400 1495 1476 1558 sunt,
1493 1505 1515 1543 to

190 1607 333 1668 praesens
355 1599 385 1652 et
406 1591 555 1653 futurum?
577 1591 729 1669 respondit
752 1597 798 1651 ‘et
820 1592 982 1672 quomodo
1004 1590 1098 1652 babeo
1121 1592 1219 1651 facere
1241 1610 1381 1670 praesens
1404 1599 1477 1651 teni·

188 1693 263 1771 pusi
291 1694 334 1752 ris
362 1701 394 1754 ut
424 1692 518 1755 dicam
548 1695 658 1754 utinam
685 1692 835 1772 legerem?
863 1693 928 1754 dico
959 1696 1069 1754 utinam
1099 1692 1209 1770 legam;
1238 1694 1341 1772 incipit
1363 1710 1427 1752 esse
1449 1700 1479 1752 et

193 1811 334 1873 praesens
356 1803 472 1876 tompus
495 1794 685 1856 offuturum.
721 1795 772 1855 sed
795 1795 871 1856 forte
893 1795 972 1856 dicas
995 1796 1081 1864 milri,
1105 1794 1208 1855 similis
1230 1793 1315 1874 culpa
1338 1803 1391 1862 est,
1417 1797 1477 1854 sive

191 1899 352 1976 praeterito
374 1899 434 1957 sive
456 1897 557 1958 futuro
579 1898 755 1975 coniungam
783 1914 933 1975 praesens.
977 1898 1002 1957 si
1030 1898 1107 1957 enim
1131 1914 1189 1957 non
1213 1896 1300 1956 debet
1322 1914 1386 1956 esse
1408 1915 1478 1957 con·

190 1997 285 2067 fusio,
308 2000 443 2060 vitiosum
466 2007 510 2059 est
529 2002 533 2074 Ι
553 2017 619 2059 cum
644 1998 776 2077 quolibet
798 2007 930 2076 tempore
961 2007 1076 2078 tenipus
1098 2016 1237 2077 praesens
1261 1997 1332 2058 velle
1355 1998 1476 2060 confun-
1494 2016 1516 2055 n

192 2098 274 2161 dere.
318 2100 371 2160 sed
393 2098 576 2161 tolerabilius
599 2110 643 2161 est
664 2101 758 2161 uicina
780 2102 974 2179 coniungere,
998 2119 1084 2180 quarn
1108 2099 1195 2179 longe
1217 2106 1378 2179 separala’.
1408 2119 1477 2163 con·

185 2202 340 2264 inactivus
361 2203 491 2282 quinque
513 2201 602 2263 babet
624 2210 766 2283 tempora.

700 2389 749 2452 nli
769 2389 965 2452 infantile.

276 2525 452 2587 Advcrbium
482 2524 592 2587 dictum
621 2531 679 2594 est,
708 2528 776 2606 quia
798 2545 915 2606 semper
938 2526 1027 2587 verbo
1050 2524 1202 2595 cohaeret,
1231 2543 1291 2586 uon
1313 2525 1389 2606 quod
1413 2544 1478 2587 rer·

187 2623 262 2687 bum
285 2628 342 2706 ipsi
365 2627 502 2688 adverbio
526 2627 697 2697 cohaereat,
720 2626 773 2688 sed
793 2627 870 2709 quod
887 2628 1056 2690 adverbium
1078 2646 1197 2707 semper
1219 2628 1307 2688 verbo
1329 2630 1476 2707 iungatur.
1492 2656 1518 2695 ao

187 2735 290 2808 potest
317 2730 396 2789 enim
424 2731 488 2790 fieri
516 2738 548 2791 ut
576 2728 699 2790 verbum
726 2731 790 2790 sine
818 2730 957 2791 adverbio
978 2732 1105 2811 positum
1133 2727 1334 2808 intellegatur,
1358 2731 1478 2791 ‘Cicero

190 2829 296 2902 dixit’,
320 2831 441 2893 ‘Cicero
464 2830 560 2892 fecit’.
590 2829 727 2893 adverbia
749 2833 812 2893 sine
834 2832 931 2894 verbis
954 2851 1012 2892 nou
1034 2831 1143 2892 babent
1164 2831 1359 2894 intellectum:
1383 2832 1478 2902 bodie,

186 2931 263 3012 quid
287 2932 393 2994 bodie?
415 2950 474 2994 non
497 2931 690 3012 intellegitur,
713 2935 769 2993 nisi
791 2934 938 2995 addideris
960 2933 1026 3013 lego
1049 2934 1124 2994 facio
1144 2941 1194 2994 aut
1215 2933 1332 3012 aliquod
1347 2934 1479 3004 verbum,

186 3040 226 3095 ιιι
247 3033 354 3095 ‘bodie
376 3034 442 3114 lego
453 3040 471 3105 ’,
496 3034 601 3095 ‘hodie
623 3034 699 3095 facio
708 3039 728 3097 '.
773 3035 839 3096 ideo
862 3054 933 3114 ergo
957 3035 1032 3096 dicta
1054 3046 1123 3095 sunt
1145 3034 1293 3104 adverbia,
1317 3035 1396 3116 quod
1418 3035 1478 3097 sola

189 3153 313 3197 sensum
340 3135 455 3216 inplere
484 3154 543 3197 non
570 3145 709 3215 possunt,
737 3136 788 3197 sed
816 3139 913 3198 iuncta
943 3136 1033 3198 verbo
1060 3135 1173 3216 inplent
1200 3155 1329 3198 sensum.
1374 3137 1518 3205 deindeee

190 3238 282 3299 etiam
305 3236 375 3299 illud
399 3240 478 3299 scire
498 3238 655 3309 debemus,
679 3239 756 3318 qnod
780 3237 936 3299 verborum
966 3246 1069 3300 natura
1091 3240 1187 3298 media
1209 3246 1254 3298 est
1276 3247 1305 3299 et
1326 3246 1423 3316 potest
1443 3241 1480 3300 ad

191 3339 270 3400 banc
293 3337 338 3399 vel
361 3339 396 3400 ad
419 3338 498 3400 illam
523 3338 726 3401 condicionem
750 3340 870 3410 deduci;
894 3349 1017 3420 utputa
1040 3341 1065 3400 si
1080 3339 1175 3400 dicam
1192 3340 1266 3417 lego,
1283 3340 1412 3402 inedium
1428 3350 1479 3412 est,

189 3449 223 3502 et
251 3459 371 3521 possum
399 3441 491 3502 videri
518 3450 548 3502 et
569 3440 646 3503 bene
668 3440 768 3520 legere
795 3451 825 3502 et
852 3440 927 3502 male
954 3440 1063 3520 legere.
1107 3441 1164 3502 lroc
1192 3461 1263 3521 ergo
1285 3441 1352 3521 lego
1384 3444 1480 3505 adbuc

189 3541 365 3621 ambiguum
394 3552 453 3614 est,
485 3563 572 3623 quem
602 3542 637 3604 ad
668 3543 788 3604 modum
814 3543 924 3622 legam:
962 3545 1052 3623 iungo
1075 3543 1260 3614 adverbium,
1289 3553 1319 3604 et
1339 3547 1397 3605 iarn
1421 3564 1480 3605 non

192 3644 252 3705 erit
273 3646 434 3717 incertum,
458 3644 552 3706 ‘bene
575 3644 669 3726 logo’,
694 3645 787 3706 ‘male
810 3643 910 3724 lego’:
935 3645 1010 3706 facta
1025 3655 1070 3707 est
1085 3645 1232 3706 distinctio
1247 3648 1277 3706 in
1294 3665 1326 3706 re
1349 3648 1478 3717 confusa,
1494 3676 1518 3716 ³0

190 3753 226 3807 ut
253 3743 326 3807 illud
353 3747 430 3826 quod
460 3755 524 3808 erat
550 3746 671 3810 dubium
703 3747 886 3810 manifestius
919 3746 1037 3810 clareat.
1082 3746 1219 3809 adverbio
1252 3747 1387 3809 accidunt
1415 3751 1480 3820 tria,

189 3848 368 3927 significatio
390 3849 558 3929 conparatio
580 3850 683 3928 ligura.

281 3950 517 4030 significationes
539 3951 770 4012 innumerabiles
792 3962 874 4024 sunt,
898 3956 929 4013 in
951 3951 1062 4014 artibus
1084 3962 1180 4014 autem
1203 3951 1317 4014 diverse
1340 3961 1409 4014 sunt
1429 3973 1482 4034 po·

191 4053 283 4114 sitae:
307 4069 374 4114 narn
398 4052 446 4114 alli
469 4062 581 4134 septem
604 4063 780 4133 posuerunt,
804 4053 853 4114 alii
876 4073 996 4125 novem,
1019 4053 1069 4115 alii
1092 4056 1201 4132 viginti.
1232 4064 1261 4116 tu
1285 4063 1382 4116 umen
1404 4057 1481 4117 scire

191 4153 286 4215 debes
306 4157 389 4235 qnia,
412 4162 484 4235 quot
504 4163 573 4217 sunt
594 4157 836 4235 significationes,
859 4164 903 4218 tot
926 4165 995 4218 sunt
1023 4157 1155 4219 nomina:
1185 4175 1253 4218 narn
1277 4159 1395 4218 nomina
1417 4159 1519 4238 ipsae

264 4392 453 4457 dqni,couexi
472 4399 530 4442 sunt
545 4393 613 4444 LFS
680 4394 748 4443 idem
765 4408 810 4444 om.
829 4396 862 4457 L,
880 4394 940 4443 add.
955 4394 1000 4445 FS
1067 4396 1082 4443 7
1103 4404 1130 4444 ut
1148 4396 1279 4462 increpare
1297 4411 1344 4446 uos
1359 4397 1399 4447 uel
1415 4395 1483 4448 LFS

267 4463 295 4513 ll
316 4478 437 4528 praesens
455 4472 554 4529 tempus
572 4466 612 4513 uis
628 4473 656 4513 ut
671 4463 754 4513 dicem
770 4465 815 4513 tibi
835 4464 930 4512 utinam
949 4464 1059 4528 legerem
1079 4465 1136 4515 dieo
1156 4467 1251 4515 utinum
1267 4468 1350 4532 legam
1368 4467 1391 4517 S
1406 4480 1481 4531 prae-

193 4546 254 4582 seus
270 4540 370 4598 tempus
389 4535 429 4582 uis
447 4543 473 4582 ut
492 4534 575 4582 dicam
589 4535 685 4583 utinum
700 4533 783 4600 legam
801 4534 825 4582 F
894 4534 925 4583 12
949 4535 987 4582 vis
1006 4550 1052 4586 om.
1070 4535 1093 4583 L
1165 4535 1197 4586 lb
1217 4538 1392 4587 coniunctiuus
1408 4537 1481 4599 quln-

195 4617 245 4666 que
263 4601 339 4651 hebet
355 4613 469 4668 tempora
487 4619 519 4652 nu
535 4618 660 4654 anuarino
679 4604 744 4655 Fet
762 4605 923 4653 coniunctius
942 4603 1052 4666 quinque
1066 4603 1159 4654 habent
1173 4616 1287 4672 tempora
1305 4621 1336 4654 uu
1355 4620 1481 4655 inornate

194 4672 215 4721 S
232 4673 395 4722 coniunctius
409 4673 520 4736 quinque
537 4673 630 4723 babent
643 4684 758 4738 tempora
770 4689 876 4740 presens
891 4675 1051 4738 praeteritum
1065 4674 1229 4738 inperfectum
1245 4675 1406 4741 praeteritum
1422 4690 1481 4739 per·

196 4740 292 4792 tecnon
308 4751 332 4792 et
347 4742 466 4792 futurum.
488 4743 534 4793 sed
553 4743 615 4793 baec
633 4744 770 4794 formarum
788 4744 878 4810 regula
895 4745 1106 4810 praetereundum
1126 4760 1176 4794 uon
1195 4754 1241 4797 est.
1269 4747 1383 4810 sequitur
1399 4744 1482 4796 breuia

196 4812 336 4877 disputatio
358 4814 390 4863 de
410 4815 500 4878 scaraio
516 4813 657 4874 verborum,
675 4830 739 4879 quoe
759 4817 903 4880 efficiuntur
921 4816 1012 4866 litteris
1028 4818 1054 4865 in
1067 4817 1219 4880 paenultima
1234 4814 1363 4866 verborum
1380 4815 1483 4882 syllaba

196 4883 292 4943 positia.
310 4897 442 4933 uxrosvrro
461 4885 644 4936 anvsnbiorum
664 4886 688 4934 L
