3314 5506
222 383 259 445 12
807 383 918 444 ΙἸιιιΒΙ

270 514 290 554 ,ι
306 498 362 541 rut.
372 500 398 541 ιι
412 500 436 540 ι).
1296 510 1317 551 p.
1333 498 1379 539 ιιι.
1390 498 1414 539 ιι
1428 498 1452 538 u.

219 571 344 633 Insuber
371 571 503 639 lucubri:
531 579 582 631 ant
609 573 649 641 ri,
679 580 711 632 ut
736 571 812 632 liber
833 570 923 634 liberi
950 570 994 632 vel
1024 570 1104 629 libri:
1135 577 1195 629 tum
1225 571 1267 637 ri,
1294 570 1319 629 si
1343 569 1431 630 ileum
1460 589 1493 630 ae

219 677 378 752 ingenuum
405 673 620 751 signisscamm,
645 674 776 752 tynamris
804 676 833 735 iu
860 682 955 733 metro
976 673 1064 732 liber
1087 672 1161 732 tiens
1185 671 1265 732 Libri
1288 672 1397 744 sudat.
1435 672 1492 733 lie

220 776 402 855 producitur,
423 782 455 836 ut
469 781 514 835 est
529 775 655 836 ‘Liber
676 783 712 837 et
732 776 826 837 alma
849 776 990 844 Ceres’,
1013 781 1041 834 et
1056 775 1223 852 corripitur,
1241 782 1274 834 ut
1291 772 1383 834 ‘alta
1406 773 1492 836 libet

219 879 357 939 aretin
377 876 503 938 nlmo’.
547 877 599 938 sed
624 878 848 946 rationabiliter,
872 896 940 938 cunr
962 876 982 936 li
1004 878 1178 954 corripitur,
1207 877 1341 954 genetivo
1363 875 1410 937 bri
1437 877 1491 938 laci

194 998 295 1050 emus,
315 978 391 1040 liber
412 977 489 1039 libri.
526 980 710 1057 excipiuntur
732 982 790 1041 duo
812 980 865 1041 ber
886 980 1050 1048 terminata,
1070 996 1146 1057 qnae
1168 979 1270 1039 tertiae
1290 985 1359 1039 sunt
1378 978 1491 1040 declina

218 1084 315 1152 tionis,
338 1081 432 1142 imber
446 1080 557 1150 imbris,
581 1080 736 1143 Terentius
758 1082 931 1143 ‘imbrem
954 1085 1140 1149 aureum';
1164 1099 1211 1142 em
1228 1081 1305 1141 enim
1321 1080 1431 1161 syllaba
1447 1087 1490 1141 ter

219 1186 327 1246 minata
347 1184 511 1244 accusativo
530 1184 719 1244 tertiaeennt
738 1183 948 1253 declinationis,
972 1200 1030 1242 non
1050 1182 1206 1251 secundae,
1224 1183 1314 1243 idest
1334 1199 1355 1242 u
1372 1183 1490 1259 genetin

218 1287 244 1347 is
265 1284 422 1346 terminato
444 1281 590 1368 rellniunt,
616 1302 675 1345 non
696 1286 714 1353 i,
738 1293 771 1346 ut
792 1286 935 1363 Vergilius
956 1287 1050 1346 ‘tres
1070 1284 1206 1345 imbris
1228 1286 1320 1345 torti
1343 1285 1489 1344 radins’

220 1389 268 1450 bic
293 1387 384 1449 suber
413 1387 542 1456 suberis,
572 1386 716 1465 Vergilius
741 1391 888 1467 ‘raptus
917 1387 959 1448 de
981 1387 1116 1448 subere
1145 1391 1304 1455 cortex’,
1335 1387 1488 1464 agenetir

183 1513 208 1554 ιι
221 1493 246 1552 is
268 1491 435 1551 terminato.
479 1507 547 1549 narn
569 1490 594 1549 si
615 1489 849 1551 iterminaretur
871 1493 1032 1566 genetivus,
1056 1488 1198 1550 ablativus
1216 1507 1232 1548 a
1254 1488 1364 1549 subcro
1386 1489 1489 1550 otene

219 1591 305 1653 liberi
333 1591 384 1652 dlii
414 1609 538 1652 numero
568 1608 687 1669 semper
713 1591 819 1669 plurali
847 1593 1042 1653 declinantur.
1087 1592 1148 1652 bir:
1181 1591 1236 1651 bac
1258 1590 1366 1670 syllaba
1393 1590 1488 1652 nullut

220 1712 327 1754 nomen
350 1694 470 1772 repperi
494 1694 696 1762 terminatum;
724 1696 772 1772 qui
794 1695 945 1763 invenerit,
967 1696 1053 1755 etiarn
1076 1692 1277 1755 declinationis
1298 1693 1402 1754 doceat
1419 1695 1488 1753 ratio

220 1812 298 1856 nem.
344 1795 399 1855 bor
427 1795 580 1857 terminata
610 1797 713 1855 tertiae
737 1804 804 1856 sunt
832 1795 1047 1857 declinationis:
1076 1814 1143 1857 nam
1164 1797 1205 1855 ris
1232 1795 1342 1855 iaciunt
1364 1797 1487 1873 genetiva

221 1905 253 1958 ut
271 1898 355 1960 labor
376 1896 493 1958 laboris.
539 1899 635 1957 omnia
660 1904 759 1958 tamen
780 1899 896 1959 nomina
920 1917 954 1959 or
976 1898 1084 1978 syllaba
1115 1915 1187 1975 pura
1209 1898 1362 1957 terminata
1389 1905 1418 1957 et
1439 1916 1487 1957 cut

183 2018 207 2061 ιι
221 2001 287 2063 alia¹
301 2005 480 2062 consonante
500 2001 664 2078 praeposita
685 2007 713 2062 et
732 2002 829 2061 iuncta
851 2002 880 2060 in
900 2002 1076 2061 nominativo
1100 2001 1216 2079 qtridem
1238 2001 1455 2078 corripiuntur,
1477 2001 1485 2060 ι

220 2104 355 2181 genetivo
372 2121 451 2170 vero,
467 2103 491 2162 si
507 2101 616 2162 luerint
636 2101 816 2181 appellativa,
833 2103 1046 2181 producuntur,
1063 2110 1163 2162 orator
1177 2103 1312 2170 oratoris,
1333 2109 1486 2179 praecepto

220 2206 436 2284 praeceptoris,
457 2205 587 2282 exceptis
604 2211 763 2282 quattuor,
787 2223 862 2283 qnae
881 2206 1013 2284 utramvis
1034 2206 1089 2265 sint
1112 2202 1297 2283 appellativa,
1322 2212 1420 2263 tamen
1442 2221 1486 2263 cot

219 2307 376 2386 ripinntur‚
400 2305 490 2367 arbor
509 2304 640 2374 arboris,
658 2323 790 2366 marmor
811 2307 982 2375 marmoris,
1006 2324 1117 2385 aequor
1138 2307 1289 2385 aequoris,
1314 2305 1361 2365 hic
1384 2313 1413 2365 et
1434 2305 1485 2367 bae

219 2419 249 2470 et
267 2411 322 2469 boc
343 2426 457 2471 memor
485 2408 632 2495 memoris.
676 2415 758 2468 actor
781 2410 805 2469 si
829 2408 1034 2488 appellativum
1063 2411 1151 2470 luerit
1179 2409 1299 2468 veniens
1322 2407 1359 2467 ab
1383 2407 1485 2484 agenda

181 2529 238 2571 ano
256 2510 430 2588 producitur
451 2512 481 2570 in
504 2511 646 2588 genetivo,
671 2513 793 2580 retoris;
816 2512 839 2572 si
861 2513 898 2571 sit
920 2511 1045 2572 hominis
1068 2529 1174 2571 nomen
1197 2510 1360 2589 proprium,
1384 2511 1485 2587 corrip

220 2589 276 2682 tur,
299 2613 374 2673 sicut
393 2611 536 2690 Vergilius
559 2613 726 2672 ‘Actoris
746 2614 908 2673 burunci
934 2612 1125 2692 spolium'.
1171 2613 1267 2672 omnia
1290 2612 1367 2672 enim
1388 2613 1484 2689 propri

220 2733 254 2775 nr
272 2713 380 2794 syllaba
399 2715 477 2775 linita
499 2715 528 2775 in
551 2715 683 2793 genetivo
706 2715 914 2793 corripiuntur,
938 2722 969 2776 ut
988 2715 1093 2776 Nestor
1111 2716 1250 2783 Nestoris,
1273 2712 1381 2773 lleetor
1400 2713 1484 2774 Hectt

219 2818 269 2887 ris,
291 2816 394 2879 Castor
415 2817 552 2886 Castoris,
573 2824 602 2877 et
623 2818 704 2896 siqua
727 2815 802 2877 talia.
848 2816 966 2895 quidam
989 2825 1093 2896 putant
1112 2816 1272 2894 Vergilium
1295 2822 1396 2875 contra
1420 2817 1484 2876 ratit

221 2937 288 2979 nem
305 2919 494 2998 propriorum
510 2919 684 2996 produxisse
699 2918 886 2980 ‘Herculis
901 2921 1069 2980 Antoren}
1093 2921 1300 2985 comitem';
1322 2917 1481 2978 sederran

182 3039 290 3082 cnam
311 3021 359 3082 bic
381 3023 506 3081 Antores
532 3019 701 3088 declinarit,
736 3038 794 3080 non
814 3023 920 3090 bntor,
954 3023 1030 3082 sicut
1053 3022 1100 3082 bic
1128 3022 1239 3082 [liores.
1284 3028 1313 3081 et
1335 3020 1391 3079 boc
1412 3026 1483 3081 tamt

219 3125 296 3184 scire
321 3123 477 3192 debemus,
507 3122 586 3202 quod
614 3121 786 3200 appellativa
809 3142 843 3182 or
870 3125 1038 3195 terminata,
1068 3126 1092 3184 si
1115 3131 1206 3184 tracta
1233 3124 1343 3184 luerint
1371 3121 1482 3183 averb

221 3244 315 3306 genus
330 3227 502 3287 lemininntu
516 3226 574 3286 trix
591 3227 755 3296 terminant,
779 3224 856 3285 ultor
872 3225 958 3286 ultrix
974 3225 1110 3293 ulciscor,
1133 3232 1309 3305 praeceptor
1324 3231 1480 3303 praeceptr

220 3330 380 3410 praecipio.
410 3334 521 3396 auctor,
541 3329 566 3388 si
582 3327 620 3389 sit
636 3333 760 3389 tractum
778 3347 793 3388 a
811 3328 901 3388 verbo
921 3331 925 3406 l
945 3347 1047 3407 angen,
1071 3329 1183 3389 auctrix
1207 3328 1290 3396 lacit;
1313 3329 1337 3387 si
1358 3345 1416 3387 non
1433 3346 1481 3388 ven

220 3449 236 3491 a
266 3431 374 3499 verbo,
405 3430 456 3491 sed
484 3430 628 3508 significat
654 3432 833 3510 principem,
869 3432 947 3509 qnod
978 3449 1084 3493 nomen
1115 3447 1173 3490 nnn
1201 3432 1277 3490 venit
1304 3429 1455 3498 acerbo,

182 3551 207 3593 ao
221 3534 361 3613 feminino
383 3551 493 3612 genere
515 3540 617 3593 auctor
640 3533 722 3602 lacit,
751 3535 828 3594 sicut
849 3533 993 3612 Vergilius
1011 3553 1047 3595 ex
1070 3549 1195 3612 persona
1220 3532 1340 3593 lunonis
1360 3539 1480 3593 ‘auctr

221 3653 286 3713 ego
308 3634 502 3701 audendi’‚
527 3637 680 3714 princeps,
712 3652 771 3696 non
795 3655 869 3715 qnae
894 3654 1033 3714 augeam:
1063 3655 1130 3697 nam
1153 3637 1266 3694 aaretrir
1293 3635 1414 3695 diceret.
1458 3652 1479 3694 st

220 3739 365 3817 excipitur
388 3754 488 3805 unum,
513 3737 591 3815 qarod
614 3738 746 3817 quamvis
767 3755 825 3796 nnn
847 3741 944 3799 veniat
966 3739 1097 3807 acerbo,
1123 3747 1219 3798 tamen
1241 3737 1381 3798 feminino
1400 3752 1479 3813 genet

220 3891 323 3943 coluber
341 3888 438 3940 colubri
461 3890 578 3939 cantaber
596 3889 710 3938 cantabri
732 3890 834 3939 calaber
853 3891 947 3941 calabri
973 3901 1015 3940 nnt
1039 3893 1057 3939 ri
1085 3892 1187 3940 insuber
1211 3892 1306 3940 insnbri
1330 3891 1411 3953 (corr.
1431 3889 1478 3938 -bet

221 3962 286 4012 liber
303 3976 320 4025 p
393 3959 405 4009 l
426 3960 530 4009 insuber
544 3960 657 4010 insuberi
675 3960 700 4009 B
769 3963 784 4010 '2
804 3962 828 4009 in
846 3970 926 4010 metro
946 3961 1009 4010 liber
1026 3962 1090 4011 deus
1106 3962 1124 4010 li
1142 3970 1166 4010 et
1184 3961 1332 4027 producitur
1346 3969 1373 4009 ut
1392 3968 1430 4010 est
1448 3959 1478 4010 lib

220 4041 245 4082 et
262 4031 330 4082 alme
349 4045 420 4080 ceres
445 4039 470 4080 et
484 4030 620 4094 corripitur
638 4029 656 4079 li
674 4038 699 4078 nt
718 4029 769 4078 alta
791 4032 852 4081 Bin
872 4040 952 4080 metro
971 4031 1033 4080 liber
1052 4033 1115 4081 deus
1138 4032 1214 4081 uestri
1233 4040 1259 4080 et
1281 4030 1431 4096 producitur
1449 4031 1467 4079 li

221 4101 303 4166 ultap
324 4104 349 4151 in
369 4109 449 4150 metro
468 4099 531 4149 liber
549 4099 612 4149 deus
630 4107 654 4149 et
674 4099 737 4149 liber
755 4101 881 4166 ingenuus
898 4101 1058 4167 producitur,
1078 4110 1105 4149 nt
1123 4109 1161 4149 est
1179 4103 1283 4151 liberet
1302 4102 1369 4150 alma
1388 4115 1469 4161 ceres,

221 4172 272 4222 ulio
289 4171 435 4232 significatu
459 4170 594 4236 corripitur
613 4170 629 4218 li
655 4178 682 4217 ut
699 4170 784 4233 altas
868 4171 884 4222 3
906 4170 992 4238 Liber]
1014 4173 1093 4236 Verg.
1109 4187 1196 4236 georg.
1220 4172 1262 4221 {7
1346 4168 1407 4236 ulta]
1431 4171 1477 4220 Ver

220 4241 398 4300 bucol.10.bl
452 4237 631 4305 bTerentius]
648 4239 891 4300 pararentue?
945 4243 1026 4291 imber
1040 4255 1164 4303 nurnmp
1212 4240 1359 4291 iant
1411 4241 1477 4292 8trt

224 4315 304 4378 Verp.
318 4312 384 4361 Aen.
396 4311 456 4362 Vlll
474 4310 526 4363 429
608 4309 736 4375 braptus]
759 4311 838 4375 Verp.
855 4312 915 4361 Aen.
927 4313 973 4360 Vll
993 4313 1042 4362 74¹2
1125 4309 1157 4361 to
1174 4312 1266 4362 subere
1286 4327 1303 4369 ς
1323 4311 1402 4360 libero
1419 4311 1445 4361 B

222 4383 254 4436 lu
272 4392 297 4433 et
313 4380 363 4431 hoc
380 4396 425 4432 om.
441 4380 466 4431 B
535 4380 566 4430 ‘rt
588 4377 699 4445 Actoris]
720 4381 799 4444 Verp.
811 4379 874 4429 Aen.
890 4380 936 4428 xli
948 4381 982 4431 ut
1052 4384 1084 4432 24
1101 4378 1226 4446 llcrculis]
1249 4382 1327 4444 Verp.
1338 4382 1404 4434 Aen.
1424 4381 1446 4430 X
1461 4381 1476 4430 7

289 4451 323 4503 30
340 4448 481 4517 Vergilius]
501 4450 565 4501 Aen.
587 4450 633 4498 Xll
654 4450 703 4503 159
759 4459 832 4498 alitor
849 4465 916 4503 corr.
938 4459 1025 4502 auctor
1042 4453 1068 4501 B
1137 4450 1167 4500 :tt
1190 4454 1273 4499 nutrix
1293 4452 1317 4500 B
1386 4449 1420 4502 32
1440 4451 1476 4500 len

220 4523 280 4573 nino
297 4537 391 4589 genere
406 4522 458 4570 trix
475 4520 544 4581 lacit,
563 4520 716 4579 balneatrix3
739 4535 795 4570 nam
810 4520 948 4569 delenstrix
968 4521 1149 4573 rationabiliter
1166 4521 1240 4571 debet
1255 4522 1316 4578 diei,
1330 4522 1378 4571 nisi
1392 4522 1476 4582 qunnit

219 4592 351 4643 delenirix
369 4591 435 4641 mole
454 4601 527 4642 sonat
547 4592 651 4641 coniecit
668 4591 810 4640 Frenndiue
832 4592 917 4640 ornat.
938 4593 1026 4654 philol.
1051 4608 1106 4641 nou.
1127 4591 1149 4637 V
1171 4593 1211 4653 (a.
1230 4589 1308 4653 1832)
1327 4607 1352 4656 p.
1375 4591 1422 4642 101
1448 4605 1476 4639 co

220 4662 346 4712 Priscian.
365 4677 392 4725 p.
407 4661 476 4712 1220
493 4660 614 4710 taminiae
631 4662 747 4726 genetrix
766 4660 909 4709 balneatrix
926 4675 982 4711 nam
1003 4662 1157 4712 defensatrix
1175 4661 1360 4710 rationabiliter
1372 4661 1446 4709 debet
1461 4660 1475 4709 d

220 4732 271 4780 niel
285 4732 404 4796 qnoniam
423 4731 489 4780 mele
507 4738 598 4779 sonant
618 4730 643 4781 B
666 4731 805 4782 foeminino
825 4733 873 4779 trix
895 4730 954 4780 lacit
971 4733 1094 4797 genitrix.
1121 4746 1177 4779 rrum
1195 4733 1336 4780 balneatrix
1355 4731 1472 4780 deteneat

221 4801 404 4851 rationabiliter
416 4802 490 4851 debet
509 4801 569 4850 dici.
595 4801 644 4849 nisi
664 4802 783 4866 qnoniam
801 4803 866 4850 male
885 4813 976 4850 sonant
994 4802 1071 4851 editio
1089 4801 1257 4850 Arcenriorm.
1285 4801 1426 4849 balneatrix
1442 4802 1475 4864 set

219 4872 278 4925 nino
289 4886 383 4940 genere
398 4873 487 4924 dictum
506 4885 577 4931 ease,
600 4885 652 4920 marn
672 4870 775 4923 deberet
795 4872 834 4921 bic
856 4879 880 4921 et
898 4872 960 4921 boec
977 4873 1110 4921 balneator
1129 4872 1192 4925 dici,
1216 4871 1345 4920 adnotavit
1362 4869 1465 4920 Seruius
