3346 5506
514 388 720 451 exsulatu.
744 389 781 451 ut
805 389 984 451 nonnulli
1005 390 1076 452 LlB.
1097 391 1110 452 l
1394 399 1456 462 tet

169 582 218 637 rut
240 580 273 636 a:
296 582 367 637 tunc
388 576 413 646 i,
442 592 509 635 cum
536 576 734 637 nominativus
759 574 921 654 singularis
947 578 978 638 in
1000 576 1169 639 nominibus
1190 498 1327 664 probrg·
1340 498 1458 657 {eberis

169 675 326 738 masculini
352 677 365 737 i
392 675 483 738 babet
509 685 577 738 ante
605 696 653 747 us,
687 684 719 737 ιιι
745 676 909 740 Mercurius
935 678 1077 749 Mercuri,
1104 679 1261 742 Terentius
1289 677 1456 762 Terenti;l

169 778 256 840 iliter
278 796 363 849 vero,
386 777 416 837 id
439 785 484 838 est
510 780 570 840 sive
592 781 602 838 i
625 797 684 839 non
706 777 828 849 habeat,
857 788 890 840 nt
911 779 1028 851 doctus,
1057 781 1116 841 sive
1139 779 1246 841 babent
1267 783 1292 852 i,
1314 780 1366 842 sed
1388 799 1456 861 pro·

169 882 269 942 »rium
290 898 351 940 non
373 880 470 949 inerit,
494 888 526 941 ιιι
548 882 629 960 pius,
654 882 715 942 sive
736 881 911 943 femininum
932 881 1036 952 inerit,
1061 890 1092 943 ιιι
1114 881 1269 954 Melanius,
1293 885 1456 944 vocativum

169 1001 195 1044 ιι
219 1001 240 1043 e
262 983 394 1052 mittent,
418 990 450 1042 ut
470 1000 489 1042 o
512 982 614 1054 docte,
638 1001 656 1042 o
678 984 740 1062 pie,
764 982 937 1054 oblelanie;
961 992 1083 1064 excepto
1099 1002 1190 1046 unoo
1212 983 1266 1055 tili,
1290 985 1369 1065 quod
1389 1003 1482 1045 cums

169 1082 377 1164 rppellativum
406 1085 459 1154 sit,
489 1091 586 1144 tamen
614 1084 668 1145 sub
696 1084 798 1163 regula
826 1087 1018 1165 propriorum
1040 1087 1192 1148 nominum
1215 1085 1394 1157 declinatur,
1417 1095 1458 1156 ut,

169 1204 226 1267 guo
256 1185 348 1247 modo
376 1184 500 1247 dicimus
527 1205 545 1246 o
567 1186 703 1257 Terenti,
732 1188 775 1247 sic
805 1187 935 1250 dicamus
957 1208 975 1249 o
997 1186 1046 1249 fili.
1091 1189 1161 1249 item
1184 1190 1262 1249 canti
1283 1206 1348 1249 esse
1370 1186 1458 1249 debe·

169 1305 239 1351 mus
261 1286 300 1348 ad
323 1289 427 1348 tertiae
450 1286 655 1349 declinationis
670 1287 826 1350 ablativum
842 1287 1032 1369 singularem,
1056 1292 1106 1369 qui
1127 1308 1207 1352 nunc
1228 1291 1239 1350 i
1261 1306 1340 1350 nunc
1362 1308 1378 1351 e
1402 1299 1459 1350 ter·

169 1391 312 1451 minatur.
347 1397 417 1450 tunc
439 1408 455 1448 e
477 1398 590 1451 tanturn
612 1391 801 1460 terminatur,
825 1410 891 1452 cum
907 1410 1017 1453 nomen
1038 1391 1129 1454 luerit
1149 1391 1290 1463 verbiale,
1312 1399 1344 1453 ut
1358 1389 1459 1461 lector,

169 1499 218 1553 eut
239 1488 339 1552 simile
366 1489 502 1562 verbiali,
531 1503 564 1552 ut
590 1499 707 1563 auctor,
736 1501 784 1554 aut
807 1493 993 1574 participium
1015 1493 1117 1565 suerit,
1139 1503 1173 1556 ut
1194 1493 1311 1574 legens,
1333 1503 1385 1555 ant
1405 1511 1458 1554 no·
1472 1512 1497 1554 ιι

169 1610 239 1655 men
269 1592 360 1652 luerit
388 1595 568 1672 comparativi
597 1593 720 1673 gradus,
750 1604 781 1657 ιιι
809 1595 858 1656 ιιι
880 1603 909 1657 ιι
930 1595 1005 1656 baec
1026 1595 1131 1657 lortior
1152 1595 1208 1656 hoc
1229 1595 1347 1665 lortius,
1370 1602 1460 1655 antx

169 1692 270 1756 littera
298 1695 487 1755 terminatum
516 1694 619 1764 luerit,
649 1704 683 1756 ut
710 1696 795 1758 calix.
831 1700 902 1759 item
925 1716 1056 1777 eaquae
1079 1698 1256 1759 nominativo
1281 1714 1349 1758 casu
1371 1698 1403 1757 ιιι
1426 1714 1460 1756 us

172 1805 282 1859 meunt
311 1803 341 1857 et
369 1797 473 1856 tertiae
495 1795 699 1858 declinationis
721 1808 791 1860 sunt
813 1817 829 1860 e
852 1808 964 1860 tautum
991 1798 1088 1859 littera
1111 1800 1305 1861 terminantur
1327 1799 1357 1858 in
1380 1795 1459 1859 abla-

173 1899 248 1971 tivo,
277 1904 312 1958 nt
332 1895 382 1958 bic
403 1905 434 1959 ct
455 1898 528 1960 baec
551 1906 582 1960 et
602 1899 659 1961 boc
681 1908 763 1963 vetus
790 1900 878 1964 buius
900 1901 1006 1961 veteris
1028 1899 1064 1960 ab
1088 1901 1144 1962 boc
1167 1909 1274 1963 vetere.
1317 1897 1460 1976 grandem

176 2002 252 2062 enim
275 1997 482 2062 soloecismum
505 2000 617 2063 iaciunt
638 2001 688 2082 qni
710 2000 813 2063 dicunt
831 2007 917 2064 ‘usus
938 2019 1004 2064 snm
1020 2003 1086 2063 vino
1108 2003 1227 2073 veteri',
1250 2020 1318 2063 curn
1333 2000 1462 2062 debeant
1474 2021 1498 2063 ιι

176 2101 272 2165 dicere
296 2102 380 2163 ‘vino
402 2108 530 2164 vetere’.
574 2104 616 2164 sic
638 2112 683 2165 est
705 2112 734 2165 el
755 2104 828 2167 baec
848 2106 942 2167 virtus
963 2104 1050 2166 buius
1070 2106 1186 2166 virtutis
1206 2102 1244 2164 ab
1265 2103 1321 2164 bac
1343 2093 1459 2164 virtute.

177 2221 244 2283 crgo
276 2205 317 2264 tta
346 2221 401 2282 per
427 2203 476 2265 illa
504 2206 603 2266 omnia
631 2206 749 2267 nomina
778 2206 901 2268 dicimus
929 2205 1086 2267 ablativum
1114 2203 1308 2284 singularem:
1337 2204 1461 2267 dicimus

177 2307 252 2368 cuim
279 2304 317 2367 ab
346 2306 404 2367 boc
430 2304 556 2380 lectore,
583 2305 620 2367 ab
648 2306 705 2368 boc
728 2315 865 2378 auctore,
893 2306 930 2369 ab
953 2307 1010 2369 boc
1031 2306 1163 2387 legente,
1192 2307 1228 2368 ab
1251 2305 1307 2369 boc
1329 2307 1461 2377 fortiore,

176 2405 210 2468 eb
230 2407 289 2469 boc
311 2404 416 2478 calice,
445 2406 481 2468 ab
503 2408 560 2469 boc
582 2416 689 2469 vetere.
734 2416 804 2471 tunc
832 2417 930 2471 autem
957 2411 967 2469 i
989 2417 1100 2472 mutum
1125 2410 1298 2470 terminatur
1320 2407 1462 2472 ablativus

179 2510 281 2571 tertiae
303 2508 521 2581 declinationis,
545 2528 612 2572 cum
635 2529 744 2574 nomen
766 2511 856 2574 luerit
877 2513 995 2591 generis
1017 2513 1197 2582 communis,
1226 2511 1305 2592 quod
1327 2512 1460 2572 nomina·
1473 2531 1499 2572 ao

176 2612 231 2672 tivo
258 2608 402 2690 singulari
429 2619 459 2672 et
486 2614 613 2691 genitivo
640 2613 667 2673 is
694 2614 869 2675 terminatur
898 2622 928 2676 et
955 2621 1093 2675 neutrum
1123 2633 1160 2675 cx
1181 2632 1214 2676 se
1235 2621 1333 2693 potest
1353 2612 1460 2683 iacere,

176 2721 205 2774 ut
229 2713 280 2774 bic
307 2712 436 2774 ethaeo
464 2714 548 2791 agilis
576 2713 633 2775 boc
660 2714 750 2792 agile:
784 2716 855 2778 ilem
883 2734 991 2779 nomen
1019 2716 1137 2795 generis
1159 2716 1270 2785 neutri,
1294 2713 1462 2794 quodlicet

175 2832 233 2876 non
255 2813 374 2876 aliunde
395 2823 547 2887 nascatur,
571 2824 669 2879 tamen
691 2818 722 2879 iu
744 2835 760 2877 e
783 2819 856 2889 exit,
880 2825 913 2879 nt
933 2817 990 2878 boc
1012 2835 1109 2878 mare:
1143 2818 1214 2878 item
1243 2833 1352 2876 nomen
1382 2815 1460 2895 quod

175 2915 267 2979 simile
296 2925 340 2977 est
365 2919 527 2997 participii,
557 2919 598 2980 ita
620 2926 652 2980 ut
673 2927 703 2980 et
723 2921 910 2999 participium
931 2920 984 2991 sit,
1015 2919 1201 2981 discretionis
1223 2935 1309 2979 cansa
1331 2919 1342 2979 i
1363 2915 1460 2978 littera

181 3018 356 3080 terminatur
377 3020 409 3079 in
431 3018 569 3098 ablativo,
593 3038 660 3081 cnm
684 3038 793 3083 nomen
815 3030 868 3083 est
899 3020 1011 3082 iaciunt
1032 3022 1111 3081 enim
1133 3021 1187 3079 ista
1207 3019 1213 3101 Ι
1231 3021 1330 3080 omnis
1352 3017 1389 3080 ab
1404 3018 1461 3080 boc
1474 3039 1499 3082 ss

176 3119 256 3199 agili,
279 3119 317 3181 ab
340 3119 397 3181 boc
419 3124 509 3194 mari,
533 3121 570 3183 ab
592 3122 651 3183 boc
671 3124 796 3194 amanti,
819 3132 853 3184 ut
873 3122 1017 3191 diximus,
1041 3139 1108 3182 cum
1123 3138 1232 3182 nomen
1248 3131 1305 3182 est:
1329 3127 1460 3182 celerum

176 3222 202 3283 ti
218 3223 409 3302 participium
432 3231 485 3293 est,
508 3222 546 3284 ab
568 3223 625 3284 boc
647 3233 763 3285 amante
785 3224 910 3286 dicimus
932 3222 1093 3286 secundum
1116 3222 1295 3302 praedictam
1318 3220 1460 3303 regulam,

176 3339 232 3402 guo
254 3323 343 3385 modo
363 3342 381 3385 a
403 3323 529 3404 legente.
573 3325 676 3403 quodsi
698 3344 806 3388 nomen
828 3327 917 3386 luerit
938 3325 1056 3404 generis
1078 3325 1258 3392 communis,
1281 3323 1360 3403 qnod
1375 3323 1412 3384 de
1425 3342 1458 3384 se

176 3433 312 3488 neutrum
342 3443 402 3486 non
431 3425 531 3494 iaciat,
559 3434 610 3488 aut
637 3427 830 3488 masculinum
858 3430 895 3488 sit
923 3434 1036 3487 tentum
1063 3424 1109 3487 vel
1135 3425 1309 3487 femininum
1338 3433 1461 3495 tantum,

176 3526 253 3607 qued
276 3525 373 3589 simile
395 3529 433 3589 sit
455 3529 574 3605 generis
596 3531 775 3599 communis,
799 3528 828 3590 id
850 3528 994 3609 estquod
1016 3528 1228 3590 nominativum
1251 3535 1281 3589 et
1301 3527 1460 3604 genitivum
1474 3549 1499 3590 ao

177 3628 283 3691 dmiles
305 3627 426 3696 babeat,
449 3648 570 3692 necesse
593 3639 638 3691 est
658 3629 815 3693 ablativum
836 3629 1017 3710 singularem
1033 3630 1112 3690 varie
1126 3629 1228 3699 iaciat,
1251 3646 1331 3689 nnnc
1350 3646 1461 3689 cnunc

177 3730 194 3791 i.
227 3732 311 3818 cuius
333 3732 377 3793 rei
399 3731 532 3812 exempla
554 3741 623 3794 sunt
644 3732 731 3802 baec,
754 3731 803 3794 bic
824 3734 901 3812 iguis
922 3740 952 3793 et
973 3732 1046 3792 baec
1068 3733 1183 3812 puppis.
1213 3747 1280 3792 nam
1303 3738 1333 3791 ιι
1354 3729 1391 3792 ab
1406 3730 1461 3792 bac

178 3835 266 3913 puppi
287 3831 413 3895 dicimus
436 3841 465 3893 ιι
486 3834 522 3895 ab
545 3834 600 3894 bac
622 3852 730 3913 puppe.
757 3835 893 3896 Lucanus
915 3837 955 3896 ait
976 3833 1013 3896 ab
1028 3832 1084 3893 bac
1099 3849 1212 3913 puppe,
1236 3833 1357 3895 'cuius
1380 3831 1461 3892 dum

178 3942 314 4014 pugnat
342 3934 384 3996 ab
413 3934 489 3996 elta
512 3954 633 4016 puppe
662 3937 803 4008 Catus’,
827 3936 972 4016 Vergilius
994 3935 1030 3998 ab
1053 3935 1109 3996 bac
1131 3935 1237 4015 puppi,
1260 3935 1462 4014 ‘puppique

179 4035 268 4099 deus
297 4038 468 4099 consedit
495 4037 537 4098 ab
566 4036 667 4098 alta’.
697 4040 768 4098 item
790 4037 915 4118 legimns
937 4037 973 4099 ab
995 4037 1052 4098 boc
1074 4038 1149 4115 igni,
1173 4042 1226 4096 ‘et
1246 4054 1357 4096 caeco
1379 4053 1500 4098 car-as

178 4139 276 4213 pitur
299 4139 403 4218 igni',
427 4147 457 4200 ιι
479 4138 515 4200 ab
539 4139 595 4201 boc
616 4141 684 4219 igne
707 4139 816 4202 Statius
838 4141 924 4210 dixit,
947 4141 1051 4219 ‘igne
1073 4139 1171 4201 diem
1194 4138 1386 4200 scindens.
1431 4139 1460 4198 iu

242 4328 258 4376 ²
276 4326 415 4376 mercurius
439 4328 549 4375 mercuri
573 4328 695 4377 terentius
714 4329 803 4378 terenti
824 4329 849 4378 lt
870 4328 1009 4377 mercurius
1029 4326 1146 4376 mercurii
1166 4327 1287 4377 terentius
1304 4326 1403 4376 terentii
1424 4326 1464 4374 Le

177 4396 296 4448 terentius
314 4397 404 4446 terenti
428 4398 567 4446 mercurius
586 4398 730 4449 mercoris
831 4398 849 4447 4
870 4397 1017 4446 femininum
1037 4396 1113 4445 fuerit
1135 4396 1294 4445 Pleminius
1313 4396 1406 4445 inerint
1424 4394 1464 4444 Le

241 4465 415 4517 nontiFSe
434 4484 448 4517 ο
469 4467 512 4516 ιιιίι
534 4467 557 4514 L
645 4468 747 4517 sonti
762 4469 806 4520 Fs
822 4484 836 4516 ο
851 4467 897 4516 lilii
912 4467 952 4516 Le
1040 4466 1072 4517 18
1088 4466 1119 4514 ab
1135 4465 1183 4514 boc
1201 4476 1303 4515 auctore
1318 4480 1364 4519 orn.
1385 4464 1461 4522 LFS,

177 4535 235 4587 add.
251 4553 266 4588 e
343 4535 377 4587 33
399 4534 526 4600 Lucanus]
543 4538 663 4591 Plrarent.
683 4539 784 4588 111585
855 4539 928 4588 cuius
946 4537 1006 4585 dum
1022 4544 1120 4601 pugnat
1138 4537 1169 4584 ab
1186 4537 1236 4585 sits
1256 4549 1343 4601 puppe
1359 4541 1430 4584 cetus
1448 4549 1463 4582 e

178 4607 245 4656 culus
271 4615 296 4656 et
319 4607 351 4656 ab
370 4605 417 4655 hnc
441 4621 528 4672 puppe
550 4610 625 4656 nabat
649 4617 705 4657 acte
727 4610 807 4672 (corr.
829 4609 901 4656 cuius
920 4622 976 4655 cum
992 4617 1089 4671 pugnat
1107 4606 1138 4654 ab
1159 4605 1220 4669 alta)
1243 4619 1328 4671 puppe
1347 4613 1418 4653 catus
1438 4604 1461 4651 L

177 4675 246 4727 cuins
265 4691 323 4725 cum
340 4685 439 4743 pugnat
462 4677 544 4726 abluta
563 4693 648 4744 poppe
667 4686 755 4728 cantus
774 4679 809 4729 S:
824 4680 890 4727 tutus
910 4678 969 4726 dnm
988 4687 1087 4812 pugnat
1104 4675 1136 4723 ab
1152 4675 1203 4724 slts
1226 4689 1312 4740 puppe
1327 4675 1394 4738 cepi.
1415 4672 1460 4737 qul

177 4746 237 4796 deus
255 4746 372 4796 consedit
388 4747 412 4794 in
429 4748 479 4796 alta
494 4747 552 4795 item
569 4749 679 4814 legimns
697 4748 722 4796 F
806 4747 839 4797 34
858 4747 987 4812 Vergilius
1020 4745 1185 4795 Aenvddl
1264 4743 1299 4795 36
1316 4742 1462 4796 concedite

176 4816 283 4867 considit
300 4816 346 4867 LS
413 4815 529 4867 ablataS
597 4828 621 4867 et
638 4833 713 4868 caeco
733 4818 776 4868 eS
794 4827 821 4866 ut
841 4823 895 4866 ceto
911 4816 936 4864 F
952 4830 1028 4865 caeco
1047 4814 1087 4866 L:
1108 4818 1187 4880 Verg.
1208 4814 1274 4867 Aen.
1289 4813 1359 4864 itta
1425 4810 1462 4865 ιιι

177 4884 235 4952 igne
253 4887 345 4937 statius
363 4887 420 4938 F&
435 4887 494 4952 igne
514 4890 635 4939 estatius
648 4887 673 4936 L
743 4888 863 4937 scindens
881 4887 937 4938 nse
956 4887 1058 4937 scidens
1078 4887 1101 4936 L
1406 4896 1411 4903 '

211 4975 361 5020 annuum.
375 4977 435 5019 ιιι.
450 4977 498 5020 rut.
1219 4974 1261 5038 32
