3346 5506
499 395 704 458 expetunt.
729 397 766 460 lN
789 395 965 458 benarvet
988 396 1058 458 Llll.
1082 396 1094 457 Ι
1378 400 1439 464 495

1227 516 1250 558 p.
1263 503 1353 546 ast-oo
1365 503 1388 545 ι.

157 591 208 644 ant
229 601 265 645 ex
288 581 402 644 duobus
425 585 586 662 corruptis,
609 590 642 644 ut
663 585 830 663 municeps;
854 592 904 645 aut
919 603 954 643 ex
975 585 1091 661 integro
1115 591 1144 642 et
1165 592 1319 662 corrupto,
1343 592 1375 643 ut
1395 584 1440 643 in·

156 685 268 755 sulsus;
291 694 341 747 aut
362 702 398 745 ex
421 694 560 764 corrupto
583 693 612 745 et
632 687 763 763 integro,
791 693 823 746 ut
844 687 1039 765 omnipotens.
1083 683 1162 763 quod
1190 682 1312 744 dicimus
1333 683 1440 745 subur·

157 787 281 860 banum,
306 798 335 847 et
357 785 411 847 sub
435 789 548 865 integra
571 794 666 847 estet
688 786 833 849 urbanum
855 789 969 865 integra
992 794 1045 848 est.
1079 787 1246 865 municeps,
1276 804 1330 847 nec
1358 787 1440 847 muni

155 891 272 969 integra
295 895 339 949 est
361 906 416 948 nec
438 906 508 967 ceps
529 890 658 966 integra:
682 890 833 968 municeps
855 888 950 949 dictus
972 901 1018 950 est
1037 887 1074 948 ab
1097 906 1146 956 eo,
1170 887 1248 967 quod
1270 889 1369 948 munia
1391 905 1440 947 ca·

157 994 225 1071 piat.
272 999 302 1051 et
327 990 384 1050 hoc
411 997 577 1058 teneamus,
614 988 662 1051 illa
691 1009 755 1052 esse
783 1000 935 1070 corrupta,
970 1008 1044 1070 quae
1071 987 1198 1050 resoluta
1225 998 1348 1069 possunt
1375 1007 1465 1050 esses

155 1096 282 1172 integra.
326 1109 393 1152 nam
421 1111 495 1171 quae
523 1091 616 1153 soluta
644 1094 758 1171 integra
787 1110 846 1153 non
874 1101 964 1170 sunt,
984 1108 1040 1152 nec
1067 1098 1204 1170 corrupta
1232 1099 1308 1152 sunt.
1352 1109 1441 1172 quem

157 1195 192 1257 ad
219 1193 342 1256 modum
371 1195 449 1254 enim
479 1212 634 1272 possumus
662 1194 761 1255 dicere
789 1203 974 1273 corruptum,
1003 1195 1059 1254 nisi
1087 1192 1164 1272 quod
1192 1193 1339 1271 integrum
1367 1192 1441 1254 init?

155 1295 302 1367 insulsus,
330 1297 361 1356 in
388 1297 536 1374 integrum
564 1304 621 1367 est,
650 1294 745 1357 sulsns
773 1305 959 1374 corruptum:
990 1293 1070 1356 solvo
1099 1296 1176 1355 euim
1197 1293 1293 1356 sulsus
1315 1303 1345 1354 et
1365 1295 1441 1355 lacio

157 1398 257 1461 salsus.
302 1396 493 1476 nugigerulus
525 1416 561 1458 ex
589 1407 728 1476 corrupto
756 1406 786 1458 et
813 1401 944 1476 integro:
975 1395 1055 1459 solvo
1083 1398 1162 1457 enim
1191 1399 1262 1475 nugi
1284 1407 1314 1458 et
1334 1396 1438 1478 laciol

158 1517 263 1579 nugas3
292 1498 410 1579 gerulus
438 1501 585 1578 integrum
614 1508 666 1562 est.
712 1516 783 1578 ergo
806 1518 864 1560 nou
888 1507 1010 1578 possunt
1030 1498 1088 1558 dici
1110 1508 1263 1576 corrupta,
1286 1500 1343 1560 nisi
1364 1517 1439 1579 quae
1453 1513 1478 1555 m

157 1600 248 1664 soluta
275 1603 391 1680 integra
419 1602 500 1662 liunt.
545 1600 661 1663 Probus
683 1603 762 1662 euim
797 1600 868 1661 dicit
895 1599 1097 1681 inpossibilem
1125 1618 1203 1660 rem:
1241 1599 1329 1661 multa
1359 1609 1437 1671 sunt,

157 1705 209 1776 ait,
231 1705 274 1765 ita
295 1711 449 1782 corrupta,
472 1705 564 1763 utne
587 1701 680 1765 soluta
703 1703 821 1783 quidem
845 1704 958 1782 possint
983 1720 1048 1764 esse
1069 1704 1194 1780 integra.
1239 1702 1290 1763 sed
1313 1720 1371 1763 non
1395 1710 1440 1762 est

156 1822 267 1867 rerum.
297 1823 365 1866 nam
388 1804 549 1866 secundum
572 1805 628 1865 boc
650 1823 720 1866 ecce
742 1805 808 1865 dico
830 1804 888 1865 duo
911 1812 1049 1883 corrupta
1070 1821 1149 1874 esse,
1173 1822 1248 1883 qnae
1271 1803 1363 1867 solnta
1379 1821 1439 1866 non

153 1915 280 1986 possunt
302 1925 367 1970 esse
389 1908 516 1984 integra,
540 1915 570 1966 et
596 1906 737 1986 quidquid
759 1905 876 1967 voluero
904 1907 962 1966 erit
982 1907 1149 1986 conpositae
1172 1904 1297 1984 figurae,
1320 1906 1365 1967 vel
1386 1925 1439 1986 po-

153 2010 212 2072 tins
238 2010 337 2071 omnia
365 2017 453 2070 erunt
479 2010 638 2087 conposita.
684 2008 821 2069 columna
847 2008 958 2087 figurae
986 2009 1156 2087 conpositae
1183 2008 1239 2067 erit
1265 2027 1301 2069 ex
1324 2006 1439 2069 duobus
1452 2027 1477 2070 rs

149 2111 311 2192 corruptis.
355 2109 421 2171 ideo
443 2111 560 2186 penitus
581 2109 630 2172 alii
651 2119 841 2172 removerunt
861 2112 947 2172 istam
969 2111 1143 2171 seutentiam
1167 2127 1285 2189 pravam
1308 2117 1338 2171 et
1359 2108 1439 2170 dixe-

145 2221 223 2277 runt
243 2211 315 2274 illud
338 2229 403 2274 esse
425 2219 612 2292 corruptum,
636 2211 713 2292 quod
736 2211 898 2299 resolutum
919 2214 1067 2291 integrum
1090 2212 1148 2272 fiat.
1182 2218 1354 2291 corruptum
1378 2228 1438 2272 uon

139 2312 180 2376 in
203 2312 312 2376 litteris
333 2320 447 2375 tantum
470 2314 591 2383 dicitur,
614 2313 665 2375 sed
690 2314 775 2375 etiam
799 2315 829 2374 in
852 2314 1050 2394 temporibus,
1074 2320 1106 2374 nt
1128 2314 1323 2392 omnipotens.
1361 2313 1440 2374 vide·

140 2421 199 2480 tur
224 2417 303 2478 enim
325 2433 390 2476 esse
412 2434 448 2477 ex
470 2415 584 2477 duobus
605 2417 743 2494 integris
767 2425 811 2476 est
832 2423 930 2477 autem
946 2433 982 2476 ex
1005 2424 1144 2495 corrupto
1168 2424 1197 2475 et
1218 2415 1348 2493 integro:
1372 2433 1439 2476 narn

135 2518 251 2588 omni,
275 2526 415 2598 quantum
438 2516 474 2578 ad
497 2516 688 2589 locutionem,
717 2519 865 2596 integrum
888 2525 945 2587 est,
975 2526 1116 2598 quantum
1139 2517 1175 2578 ad
1197 2519 1342 2578 rationem
1365 2525 1438 2577 tem·
1452 2539 1478 2579 ao

132 2635 277 2699 porum,
304 2625 492 2699 corruptum3
522 2637 589 2681 narn
617 2622 648 2679 in
676 2621 879 2700 conpositione
907 2622 987 2680 omui
1015 2619 1124 2700 syllaba
1152 2618 1249 2680 brevis
1277 2627 1336 2690 est,
1365 2636 1439 2699 quae

129 2723 241 2792 allas,
265 2720 295 2782 id
319 2722 415 2782 estin
438 2719 564 2801 simplici
586 2721 694 2800 ligura,
717 2720 805 2801 longa
828 2730 880 2783 est.

238 2823 330 2885 Casus
356 2831 425 2884 sunt
453 2840 519 2893 sex,
553 2825 748 2886 nominativus
776 2825 920 2903 genitivus
947 2823 1059 2884 dativus
1086 2824 1267 2884 accusativus
1293 2823 1440 2884 vocativus

126 2927 306 2991 ablativus.
330 2924 435 2986 Graeci
456 2923 574 3003 regulas
597 2945 617 2986 a
638 2927 817 2986 nominativo
832 2925 957 2998 habent3
980 2925 1076 2986 Latini
1098 2922 1254 2984 ablativum
1277 2923 1438 3003 elegerunt,

123 3039 178 3092 ut
210 3027 250 3088 de
279 3027 344 3105 ipso
372 3024 488 3104 regulas
516 3025 659 3088 ducerent
686 3027 722 3088 ad
750 3026 823 3088 alios
850 3046 950 3097 casus,
973 3033 1005 3087 ut
1026 3027 1153 3087 sciamus
1175 3027 1241 3106 quia
1263 3026 1317 3087 ista
1338 3024 1478 3103 regulam

123 3129 273 3194 ablativi
294 3145 381 3189 casus
402 3127 439 3188 ad
462 3129 580 3189 nomina
602 3129 714 3190 Graeca
736 3145 796 3191 non
819 3130 954 3207 pertinet.
990 3126 1163 3207 plerumque
1185 3129 1263 3187 euim
1286 3135 1441 3188 transeunt

121 3234 181 3295 ad
209 3248 270 3293 nos
291 3229 402 3290 Graeca
431 3230 565 3298 nomina,
594 3249 669 3310 quae
698 3230 733 3291 ad
761 3230 837 3290 hanc
858 3229 991 3308 regulam
1014 3228 1183 3290 Latinorum
1206 3230 1358 3289 nominum
1380 3247 1440 3290 non

120 3334 315 3412 pertinent.
346 3330 488 3392 ablativus
511 3339 606 3392 autem
630 3331 786 3409 singularis
808 3332 937 3411 quinque
958 3328 1233 3392 litteris'vocalibus
1254 3333 1438 3401 terminatur,

121 3450 158 3496 a
186 3456 206 3498 e
230 3435 241 3494 i
265 3453 283 3494 o
305 3452 339 3494 u:
362 3451 394 3504 a,
421 3441 454 3494 ut
475 3432 512 3494 ab
535 3431 590 3493 bae
612 3434 709 3502 lllusa;
739 3435 884 3512 epartim
908 3440 1044 3512 correpta
1065 3433 1171 3512 partim
1194 3432 1350 3512 producta,
1374 3450 1440 3492 cnr·

119 3543 252 3620 repta,
281 3542 314 3596 ut
334 3534 371 3595 ab
394 3534 451 3595 boc
478 3536 605 3615 pariete,
633 3534 788 3614 producta,
811 3543 843 3595 ut
864 3534 901 3595 ab
923 3535 980 3595 boc
1002 3533 1063 3603 die;
1093 3537 1118 3603 i,
1141 3543 1172 3595 nt
1195 3533 1231 3594 ab
1254 3534 1309 3596 bac
1330 3536 1437 3614 puppi;
1452 3558 1477 3601 m

119 3655 178 3714 0,
204 3646 242 3700 ut
264 3635 301 3698 ab
323 3636 380 3697 boc
402 3636 503 3705 docto;
527 3656 559 3708 u,
583 3645 615 3698 ut
636 3635 674 3697 ab
695 3636 752 3697 boe
774 3654 869 3698 versu.
900 3637 1029 3716 quinque
1051 3644 1118 3697 sunt
1136 3640 1141 3710 Ι
1160 3635 1291 3707 litterae,
1314 3635 1366 3697 sed
1388 3654 1440 3698 sex

118 3739 276 3821 tegulae
297 3747 420 3818 propter
441 3758 472 3809 e,
495 3758 569 3819 quae
586 3722 872 3817 nune'producitum
891 3754 970 3798 nunc
991 3739 1160 3817 corripitur.
1183 3746 1244 3799 tres
1259 3747 1356 3798 autem
1371 3746 1441 3800 sunt

120 3856 239 3907 casus
261 3842 439 3902 innumero
461 3839 582 3921 plurali,
606 3842 657 3921 qui
678 3839 885 3902 discernuntur
913 3857 968 3920 per
990 3839 1066 3901 banc
1088 3837 1219 3918 regulam
1243 3839 1359 3902 ablativi
1379 3841 1439 3900 sin·

117 3944 275 4022 gulam.
319 3940 460 4004 ablativus
482 3941 639 4021 singularis
666 3962 682 4003 a
705 3941 751 4003 vel
773 3961 790 4003 o
812 3941 859 4003 vel
880 3961 897 4003 e
919 3940 1062 4021 producta
1085 3943 1258 4004 terminatus
1280 3943 1439 4021 genitivum

115 4044 299 4123 pluralem
327 4045 357 4104 in
385 4063 452 4105 rum
479 4042 619 4122 syllabam
647 4045 750 4114 mittit,
780 4050 812 4105 ut
833 4043 870 4106 ab
892 4044 949 4106 bac
970 4045 1066 4116 llusa,
1089 4043 1195 4106 barum
1218 4043 1379 4117 llusarum,
1403 4044 1439 4106 ab
1453 4070 1478 4112 ss

116 4138 209 4212 hoc
238 4145 327 4208 docto
355 4145 460 4207 horum
489 4145 657 4217 doctorum,
686 4145 722 4206 ab
750 4146 806 4208 hoc
829 4145 875 4207 die
898 4146 1003 4209 borum
1026 4146 1150 4208 dierum.
1194 4147 1310 4227 quando
1333 4165 1349 4208 e
1370 4166 1440 4228 pro·

120 4247 295 4318 ducatur,
323 4247 439 4328 quaudo
472 4249 661 4325 corripiatur,
691 4247 832 4308 debemus
859 4248 977 4329 quidem
1005 4249 1126 4310 auribus
1153 4249 1292 4311 iudicare.
1337 4249 1387 4311 sed
1415 4251 1440 4311 si

118 4360 213 4415 uon
242 4357 342 4431 potes,
372 4351 472 4429 accipe
500 4350 654 4411 rationem.
700 4352 961 4430 quotienscumque
988 4352 1133 4429 genitivus
1165 4350 1321 4430 singularis
1352 4352 1383 4411 in
1414 4353 1439 4412 is

122 4449 296 4535 syllabam
318 4451 392 4522 exit,
416 4452 574 4531 corripitur
597 4470 614 4511 e
635 4449 731 4511 littera
747 4453 777 4512 in
793 4451 933 4522 ablativo,
956 4453 1048 4532 patris
1069 4455 1172 4514 matris
1195 4453 1307 4525 fratris,
1331 4451 1367 4514 ab
1382 4451 1440 4514 hoc

225 4688 255 4742 ll
279 4690 375 4756 probus
391 4691 458 4739 enim
477 4691 538 4741 dicit
554 4690 730 4757 inpossibilem
751 4707 802 4741 rent
818 4694 839 4743 S
854 4693 950 4757 probus
969 4707 1026 4740 nem
1043 4691 1129 4742 dicunt
1146 4691 1321 4757 inpossibilem
1340 4690 1364 4740 L
1382 4691 1440 4743 bro-

131 4752 200 4814 bus
228 4758 294 4810 nibil
317 4760 405 4811 dicunt
427 4760 602 4826 inpossibilem
620 4775 673 4811 rem
691 4776 706 4811 e
724 4762 820 4827 probus
843 4761 906 4811 nihil
932 4762 1020 4811 dicunt
1044 4762 1195 4828 inpossibile
1221 4763 1265 4814 F:
1281 4761 1361 4814 Prod.
1380 4763 1439 4815 inst.

138 4839 205 4887 ort.
223 4844 252 4895 p.
268 4828 321 4882 ’286
335 4847 391 4898 sqq.
405 4831 446 4881 ed.
471 4832 547 4880 Vind.
602 4834 634 4883 12
653 4840 680 4880 ut
698 4845 730 4881 ne
748 4831 830 4881 solute
849 4848 895 4884 om.
917 4831 950 4894 L,
967 4833 1028 4885 add.
1047 4833 1086 4883 Fe
1152 4833 1185 4884 ld
1203 4836 1366 4883 ramentorum
1381 4828 1441 4880 m

144 4901 332 4953 monemuth
404 4901 576 4951 scientiamF
642 4901 676 4953 34
693 4901 816 4966 producto
836 4903 917 4954 Lt‘Se
986 4902 1020 4955 38
1037 4911 1109 4969 potes
1127 4918 1143 4954 e
1159 4907 1244 4971 petest
1260 4898 1331 4953 w
