3314 5506
452 397 501 458 lili
523 398 674 459 CENTVM
696 398 834 460 narnis
857 401 868 461 1
893 402 989 466 l-ll
1012 408 1031 467 6
1318 409 1379 471 459

155 537 160 547 .
185 506 240 548 mre.
261 506 285 546 m
298 504 322 544 a.
1169 525 1191 564 p.
1205 512 1249 553 am.
1265 512 1289 552 cs
1303 513 1329 553 c.

249 585 254 665 Ι
278 592 396 664 portum
417 594 565 665 petamus,
588 604 659 647 aura
681 585 784 657 lassat,
808 587 869 648 vela
892 587 971 649 solve
993 589 1079 650 malo.

183 688 223 749 lle
239 688 436 748 anacreontio.
468 689 688 749 anacreontium
704 698 818 751 constat
833 699 1003 751 tetrametro
1018 691 1191 762 acatalecto,
1208 701 1240 754 ut
1256 702 1299 754 est
1315 693 1379 763 hoc,

247 790 296 850 bic
318 790 384 850 finis
407 796 465 860 est,
488 789 598 861 iambe,
622 789 714 860 salve,
737 791 859 852 vindicis
881 792 984 853 doctor
1005 793 1083 854 meli.
1106 789 1119 877 ΙΙ

587 977 635 1039 DE
657 977 886 1040 TROCthClS.

181 1116 272 1177 lletra
301 1115 450 1175 trochaica
477 1113 549 1174 locis
576 1113 729 1193 inparibus
757 1114 811 1176 hos
839 1117 985 1196 rccipiunt
1007 1116 1111 1197 pedes,
1134 1118 1304 1179 trochaeum
1329 1118 1406 1181 tri-s

155 1217 238 1280 ,num
262 1224 292 1278 et
313 1235 373 1278 nou
394 1235 553 1296 numquam
577 1216 736 1297 dactylum,
760 1216 832 1279 locis
848 1236 916 1279 vero
931 1219 1051 1298 paribus
1066 1238 1132 1289 cum
1156 1220 1201 1281 his
1223 1240 1297 1300 quos
1319 1241 1380 1282 me·

155 1321 208 1381 avi
229 1318 392 1400 spondeum
417 1328 446 1379 et
467 1326 667 1397 anapaestum.
699 1320 751 1380 sed
773 1340 808 1380 ex
830 1319 965 1400 plurimis
987 1321 1128 1383 tredecim
1151 1324 1216 1383 usui
1239 1322 1380 1384 tradenda

155 1423 216 1484 eci

181 1524 221 1585 lle
248 1526 410 1604 pancratio.
455 1526 638 1601 pancratium
667 1529 781 1584 constat
804 1533 988 1587 monometro
1011 1525 1260 1606 hypercatalecto,
1283 1536 1316 1587 ut
1338 1536 1383 1588 est

1394 1650 1419 1691 m

381 1735 484 1789 auctor
506 1730 644 1808 optimus.

181 1832 221 1894 lle
250 1833 449 1914 ithyphallico.
495 1827 716 1909 ithyphalbcum
750 1837 865 1890 constat
893 1831 1018 1892 dimetro
1050 1832 1315 1913 brachycatalecto,
1349 1841 1382 1894 ut

155 1931 233 2006 hoc,

381 2037 497 2099 bacche
519 2040 609 2115 iunge
630 2039 731 2115 tigres.

180 2140 221 2201 lle
243 2140 401 2221 euripidio.
445 2139 623 2219 euripidium
645 2144 759 2198 constat
782 2138 908 2199 dimetro
929 2130 1114 2209 catalectico,
1138 2149 1169 2201 ut
1191 2149 1235 2200 est
1256 2140 1330 2210 boc,
1394 2159 1419 2201 re

304 2256 307 2262 ’
380 2241 477 2303 vidtur
499 2240 585 2303 altius
608 2239 693 2301 volat.

183 2343 223 2404 lle
246 2343 401 2406 alcmanio.
446 2343 620 2404 alcmauium
645 2351 759 2405 constat
780 2342 907 2404 dimetro
929 2343 1102 2416 acatalecto,
1126 2352 1159 2406 ut
1180 2354 1225 2405 est
1246 2345 1317 2415 boc,

378 2446 472 2508 fistula
495 2449 575 2506 canit
595 2442 742 2506 subulcus.

179 2549 220 2611 De
244 2547 441 2629 bacchylidio.
486 2546 700 2626 bacchylidium
724 2555 839 2610 constat
860 2548 986 2609 dimetro
1009 2547 1260 2627 hypercatalecto,
1285 2558 1316 2609 ut
1337 2558 1382 2610 est

1393 2670 1419 2710 ao

379 2733 502 2796 floribus
525 2752 634 2796 corona
656 2737 773 2796 texitur.

180 2838 219 2898 lle
243 2838 395 2918 sapphico.
425 2838 598 2917 sapphicum
623 2844 737 2899 constat
759 2841 894 2899 trimetro
916 2837 1185 2916 brachycatalecto,
1209 2845 1240 2899 ut
1255 2845 1301 2899 est
1314 2838 1379 2911 boc,

295 2959 347 3000 rex
370 2948 511 3020 paterque
534 2941 666 3020 luppiter
688 2939 821 3001 deorum.

180 3042 183 3122 i
212 3041 255 3102 Ile
283 3041 473 3103 archilochio.
519 3041 731 3103 archilochium
759 3050 875 3103 constat
904 3044 1038 3102 trimetro
1068 3041 1253 3112 catalectico,
1282 3049 1314 3102 ut
1336 3050 1382 3103 est

1392 3179 1418 3220 ac

294 3264 352 3306 nox
375 3249 484 3308 amoris
507 3253 535 3306 et
557 3249 663 3326 quietis
685 3249 812 3308 conscia.

178 3348 218 3409 lle
240 3347 382 3410 sotadico.
427 3348 589 3409 sotadicum
613 3356 727 3408 constat
748 3353 883 3409 trimetro
906 3346 1080 3417 acatalecto,
1103 3356 1136 3407 ut
1158 3355 1203 3408 est
1224 3346 1295 3417 hoc,

294 3469 363 3512 arva
385 3454 462 3512 sicca
485 3449 568 3511 Nilus
590 3454 692 3520 intrat,
721 3453 761 3510 ite
783 3450 861 3511 laeti.

181 3552 219 3614 lle
241 3553 392 3633 sappbico.
438 3553 610 3633 sapphicum
634 3559 748 3612 constat
771 3555 905 3612 trimetro
928 3549 1177 3631 hypercatalecto,
1202 3559 1233 3612 ut
1248 3559 1292 3612 est
1314 3552 1379 3623 boc,

242 3654 380 3735 splendet
401 3674 521 3725 aurum,
545 3672 662 3733 gemma
683 3652 790 3733 fulget.
814 3654 907 3715 torma
931 3654 982 3714 sed
1005 3652 1109 3733 placet
1392 3688 1418 3730 30

179 3755 218 3817 Ile
240 3758 381 3818 sotadico.
412 3757 574 3818 sotadicum
599 3764 713 3818 constat
735 3765 906 3817 tetrametro
928 3754 1191 3835 brachycatalecto,
1207 3762 1239 3815 ut
1255 3762 1300 3815 est
1313 3754 1379 3826 boc,

243 3858 403 3920 Thracium
427 3858 509 3920 netas
530 3866 667 3919 renarrat
688 3861 832 3920 cantitans
854 3858 991 3920 hirundo.

165 4131 282 4196 lportue
302 4133 326 4181 P
395 4130 473 4199 maio]
495 4132 552 4182 uelo
572 4133 596 4181 P
663 4132 844 4181 lectalectico
864 4133 888 4180 P
955 4130 1032 4181 ahio
1049 4146 1095 4184 om.
1115 4130 1141 4178 P
1192 4131 1267 4182 iambi
1287 4132 1313 4182 P

156 4197 209 4253 icae
224 4200 261 4251 S:
280 4202 382 4252 uindice
405 4203 493 4252 doctor
515 4203 613 4253 meliori
634 4203 784 4260 Putsehiue,
808 4202 918 4251 uindicia
936 4202 1026 4251 ductor
1042 4200 1102 4250 meli
1122 4204 1229 4252 coniecit
1245 4203 1381 4254 Senteniaa

163 4274 229 4322 loe
247 4287 389 4322 mocaarco
408 4274 429 4324 S
479 4275 496 4322 b
515 4283 595 4322 metra
607 4272 734 4336 trochaicp
746 4272 920 4338 principaliter
937 4280 1053 4321 constant
1071 4271 1197 4333 trochaeo,
1220 4272 1281 4321 locta
1296 4279 1381 4322 tamen

155 4340 268 4399 tribuae
338 4343 524 4407 ipluribusS
592 4341 740 4392 SorobiciS
808 4341 872 4393 ilde
890 4342 1019 4408 pancratio
1038 4339 1214 4406 panchratium
1233 4342 1300 4392 Sde
1320 4356 1383 4408 pau·

156 4424 187 4460 co
204 4408 417 4478 pancraticde
486 4411 611 4464 llbache
629 4413 655 4461 P
722 4410 833 4462 ticresS
902 4414 934 4463 15
951 4412 1314 4477 deeoripidiocoripidiumS

155 4482 255 4533 mtS
326 4482 357 4533 19
376 4484 408 4532 de
427 4482 588 4533 bacchillidio
611 4482 801 4532 bacchillidium
819 4482 892 4531 Pde
909 4482 1045 4532 bachilidio
1071 4480 1277 4533 bachilidiumS
1345 4482 1379 4532 21

155 4545 206 4601 'thus
221 4552 248 4600 P
314 4553 349 4606 23
375 4568 419 4602 rex
441 4562 513 4618 pater
530 4553 587 4619 (qui
606 4553 666 4603 add.
686 4551 830 4611 Putecdiuc)
857 4552 969 4618 luppiter
988 4561 1012 4601 et
1030 4552 1134 4601 deorum
1155 4565 1172 4607 ς
1240 4553 1272 4600 24
1290 4550 1322 4600 de
1340 4566 1380 4599 ar-

155 4618 231 4672 »mico
249 4621 447 4673 erohttoetncum
465 4622 487 4671 S
555 4624 588 4672 at
606 4622 638 4671 de
657 4624 763 4673 eotatico
783 4621 914 4671 rotaticum
927 4622 952 4670 P
967 4622 999 4670 de
1015 4622 1122 4670 eutatico
1141 4621 1274 4672 autatieum
1292 4621 1313 4671 S

155 4699 204 4741 tm
222 4717 254 4728 -
273 4690 345 4759 laeti]
367 4695 401 4743 ite
418 4708 494 4759 poma
510 4693 573 4743 terte
591 4693 659 4742 uiam
677 4691 871 4759 porretolterc
955 4690 990 4741 30
1007 4692 1160 4756 gemmeas
1234 4688 1316 4739 iorma
1334 4691 1381 4742 scd

165 4761 188 4810 P
253 4762 286 4815 at
312 4764 344 4813 de
368 4763 482 4813 autadico
507 4764 648 4813 sotadicum
670 4763 739 4814 Sde
754 4762 860 4811 corotico
882 4762 1017 4813 aotnticum
1034 4762 1061 4810 P
1127 4761 1278 4811 trimetroS
1345 4760 1380 4812 32

155 4824 215 4881 bium
233 4832 259 4880 P
276 4833 388 4882 tranium
406 4832 427 4881 S
443 4833 583 4883 Thraecum
603 4847 619 4888 ς
639 4833 773 4883 Thracium
792 4831 926 4882 Potachiue
1013 4841 1114 4881 enarrat
1131 4847 1147 4886 ς
1171 4837 1272 4879 resonat
1291 4830 1312 4880 S

155 4897 216 4951 ione
234 4903 262 4952 P
276 4916 345 4953 corr.
364 4905 488 4953 cantitans
505 4905 527 4955 S
543 4904 657 4953 catulam
674 4903 889 4954 Darmatude'eaais
909 4911 934 4954 et
953 4903 1142 4952 Laurentianus
1210 4897 1363 4951 herundoS
