3314 5506
220 363 262 426 dd
807 367 921 430 PROBl

270 480 429 536 pruna.
1294 479 1458 537 perimo.

221 554 381 633 quaeritur,
404 555 429 614 si
452 552 526 614 baec
547 570 637 632 supra
659 554 734 615 dieta
758 557 923 617 communis
941 558 1061 635 generis
1083 556 1200 617 nomina
1225 574 1262 616 ex
1282 572 1337 616 sua
1358 554 1458 633 speeie
1478 553 1504 612 io

220 671 329 738 genera
352 663 455 717 neutra
477 662 644 724 transeant,
667 655 697 715 in
718 656 822 718 eodem
843 674 952 736 genere
973 666 1079 720 neutro
1102 659 1132 718 in
1154 657 1276 737 positivo
1297 655 1393 732 gradu
1415 656 1507 716 nomi·

220 759 317 819 nativo
347 776 418 818 casu
444 758 562 819 numeri
589 757 745 836 singularis
771 777 827 838 qua
854 758 951 822 littera
978 759 1107 821 debeant
1133 758 1293 820 terminari.
1337 776 1371 825 e,
1398 755 1508 819 scilicet

220 861 374 940 quoniams
391 877 595 940 quaecumque
617 861 734 938 generis
751 863 915 923 communis
935 863 1053 922 nomina
1069 863 1098 922 in
1121 861 1245 941 positivo
1261 859 1355 938 gradu
1377 858 1507 934 nomim-

194 962 278 1024 ativo
301 980 370 1022 casu
397 963 515 1024 numeri
535 961 692 1040 singularis
714 960 732 1023 il
755 961 860 1025 litteris
882 964 1074 1032 deliniuntur,
1103 965 1186 1024 sier
1208 981 1266 1024 sua·
1283 962 1385 1040 specle
1405 961 1436 1022 iu
1457 976 1508 1038 ge·

220 1080 292 1126 nera
313 1070 417 1125 neutra
439 1070 604 1133 transeunt,
628 1064 701 1127 lraec
721 1066 823 1127 eadem
844 1083 953 1145 genera
975 1074 1080 1127 neuma
1101 1067 1131 1124 in
1154 1064 1276 1142 positivo
1297 1063 1391 1143 gradu
1415 1063 1508 1123 nomi·

218 1169 316 1229 nativo
344 1183 414 1227 casu
440 1169 554 1228 numeri
583 1165 739 1245 singularis
769 1185 786 1227 e
810 1155 904 1229 littera
930 1169 1136 1229 terminantur.
1180 1166 1210 1227 at
1236 1183 1308 1227 vero
1335 1162 1508 1246 pluraliais

220 1269 323 1330 litteris
349 1269 542 1339 deliniuntur,
575 1275 694 1348 utputa
723 1268 771 1329 bio
790 1280 818 1330 et
837 1269 910 1331 haec
932 1269 1012 1349 pugil
1037 1268 1094 1329 hoc
1122 1266 1220 1347 pugile
1246 1274 1277 1329 ct
1302 1267 1377 1328 baec
1397 1264 1507 1345 pugilis

219 1369 317 1432 iacere
337 1369 452 1431 debeat.
497 1371 680 1430 nuncetiam
702 1370 760 1431 boc
782 1371 994 1449 significamus,
1023 1370 1103 1450 quod
1124 1372 1206 1431 si-er
1229 1368 1368 1430 omnibns
1393 1367 1506 1429 clarum

183 1490 208 1531 ro
221 1480 274 1541 cst,
297 1478 434 1541 attamen,
457 1489 495 1533 ne
515 1471 642 1532 obscuro
665 1471 798 1552 exemplo
818 1474 866 1534 usi
888 1491 954 1535 esse
976 1473 1140 1541 videamur,
1161 1471 1240 1552 quod
1262 1469 1378 1551 pugiles
1400 1468 1441 1531 illi
1464 1467 1507 1530 vel

219 1573 286 1636 illae
307 1572 501 1654 appellentur,
521 1572 579 1634 boc
596 1580 640 1634 est
657 1576 706 1654 qui
726 1592 786 1635 non
804 1575 903 1646 exiles,
927 1575 979 1636 sed
997 1574 1077 1636 bono
1095 1593 1221 1654 corpore
1247 1593 1311 1636 esse
1332 1571 1506 1653 probentur.

219 1696 290 1740 sanc
315 1677 388 1757 baec
408 1692 497 1754 supra
519 1676 594 1736 dicta
618 1679 783 1738 communis
807 1678 927 1756 'generis
948 1679 1081 1746 nomina,
1110 1696 1185 1757 quae
1211 1676 1338 1738 diximus
1364 1677 1395 1745 in
1419 1691 1507 1752 supra

219 1782 297 1842 dicto
319 1778 411 1859 gradu
434 1778 612 1839 nominativo
641 1796 710 1841 cusu
738 1782 854 1842 numeri
882 1779 1038 1858 singularis
1063 1777 1083 1839 il
1112 1778 1216 1841 litteris
1242 1779 1374 1847 deliniri,
1402 1793 1508 1855 super·

218 1882 322 1944 latinos
340 1881 450 1960 gradus
471 1880 569 1943 lacere
588 1881 792 1960 probibentur,
816 1882 927 1944 scilicet
943 1883 1080 1963 quoniam
1098 1881 1171 1942 haec
1187 1880 1289 1942 eudem
1302 1896 1395 1959 supra
1412 1879 1507 1939 dictae

182 1999 206 2041 n
219 1986 333 2046 lormae
355 1986 475 2045 uomina
495 1985 527 2044 in
547 1982 723 2063 superlativo
746 1985 839 2063 gradu
862 2003 966 2045 sonum
990 1986 1098 2064 pedum
1119 1986 1148 2045 in
1164 1979 1270 2044 'metris
1293 1981 1336 2042 vel
1350 1980 1507 2042 structuris

219 2088 360 2150 exhibere
388 2105 446 2147 non
478 2095 610 2166 possunt
656 2088 843 2148 nuncetiam
871 2086 928 2147 boc
950 2105 1104 2148 monemus
1131 2087 1159 2146 in
1188 2084 1243 2145 lrac
1271 2083 1365 2144 forma
1390 2082 1507 2160 generis

219 2192 400 2260 communis,
426 2208 482 2269 qua
499 2185 512 2271 ΙΙ
527 2189 654 2249 diximus
680 2189 709 2248 in
735 2190 857 2266 positivo
882 2189 975 2267 gradu
1002 2189 1180 2248 nominativo
1210 2203 1279 2246 casu
1309 2180 1427 2247 oumc'ri
1449 2186 1505 2246 sin·

219 2292 329 2371 gularis
352 2293 470 2379 uomina
497 2289 516 2349 il
543 2289 648 2351 litteris
677 2290 804 2358 definiri,
837 2289 916 2372 quod
944 2309 980 2351 ex
1002 2309 1035 2351 ea
1066 2289 1160 2350 lorma
1185 2287 1252 2366 plus
1280 2306 1367 2367 quam
1394 2295 1506 2367 septem

219 2395 337 2454 nomina
359 2411 419 2453 noo
440 2392 554 2470 possint
571 2390 712 2452 exbiberi.
744 2392 781 2452 de
801 2393 894 2452 iorrna
917 2394 1035 2471 generis
1056 2393 1229 2459 communis,
1252 2408 1309 2468 que
1331 2391 1360 2450 in
1382 2389 1506 2468 positivo

180 2495 313 2575 augradu
340 2495 517 2555 nominativo
542 2489 611 2553 casu
639 2496 755 2555 numeri
780 2493 936 2573 singularis
954 2474 1080 2555 'nomina
1100 2492 1134 2553 il·
1148 2492 1252 2554 litteris
1274 2490 1392 2553 delinita
1420 2506 1506 2571 quom

219 2598 256 2658 ad
277 2597 397 2658 modum
421 2614 458 2656 ex
479 2613 511 2655 se
530 2596 652 2669 socium
672 2592 894 2674 comparativus
907 2596 1031 2674 gradus,
1059 2615 1115 2657 nec
1136 2613 1195 2655 uon
1216 2602 1244 2654 et
1266 2595 1342 2654 intra
1366 2600 1505 2672 quantun

219 2717 375 2761 numerum
398 2717 463 2759 esse
485 2699 680 2776 reperiantur,
704 2705 845 2775 quantum
866 2700 941 2759 ratio
962 2697 1112 2778 poscebat,
1133 2696 1330 2758 tractavimus.

303 2800 346 2861 lie
361 2801 393 2860 is.
423 2818 626 2881 quaecumque
644 2800 761 2860 nomina
781 2803 899 2878 'generis
919 2800 1029 2861 scilicet
1046 2799 1209 2862 communis
1230 2800 1259 2859 in
1275 2797 1400 2877 positivo
1415 2795 1506 2876 gradu

220 2904 398 2964 nominativo
426 2921 496 2964 casu
524 2903 639 2963 numeri
665 2901 821 2981 singularis
848 2905 873 2963 is
899 2901 1003 2963 litteris
1024 2902 1216 2972 deliniuntur,
1246 2901 1272 2962 si
1293 2900 1507 2979 comparativus

158 3066 160 3071 .
182 3018 207 3058 ²⁵
221 3005 329 3084 gradus
346 3024 380 3066 ex
397 3024 429 3066 se
451 3005 549 3065 lacere
570 3012 703 3082 possunt,
727 3003 801 3065 baec
822 3004 851 3064 in
873 3005 969 3065 dativo
991 3023 1061 3066 caso
1081 3005 1197 3065 numeri
1218 3001 1376 3081 singularis
1395 3019 1430 3061 or
1451 2998 1507 3080 spl-

219 3106 317 3168 labam
346 3106 493 3185 occipiunt
522 3113 552 3167 et
573 3106 803 3185 comparativum
827 3106 950 3184 gradum
978 3105 1096 3185 generis
1119 3107 1164 3164 sui
1192 3104 1367 3190 ostendunt;
1398 3101 1506 3163 scilieet

220 3211 358 3288 qnoniam
381 3209 559 3289 quicumque
581 3209 770 3287 comparativi
790 3209 900 3286 gradus
920 3209 1099 3269 nominativo
1119 3225 1188 3267 casu
1211 3206 1326 3266 numeri
1351 3203 1505 3283 singularis

220 3314 265 3374 ior
290 3311 391 3373 litteris
419 3310 599 3372 deliniuntur
626 3317 657 3372 et
672 3328 742 3376 ¹non
772 3329 807 3373 ex
829 3310 876 3371 illa
907 3312 1051 3389 positione
1085 3310 1208 3376 formae,
1240 3326 1296 3387 qua
1325 3325 1360 3368 ex
1388 3304 1505 3389 genefre

220 3414 383 3475 masculino
404 3413 580 3473 nominativo
595 3430 663 3473 casu
686 3414 801 3474 numeri
818 3412 975 3491 singularis
997 3432 1031 3474 ex
1055 3411 1159 3472 litteris
1178 3410 1357 3471 definiuntur
1379 3409 1503 3478 nomina¹

181 3519 320 3579 tevenire
347 3514 572 3593 intelleguntur,
603 3514 634 3575 bi
656 3517 775 3592 generis
797 3515 960 3576 communis
987 3533 1051 3575 esse
1077 3513 1282 3592 reperiuntur,
1310 3516 1433 3591 utputa
1460 3509 1503 3571 bie

221 3625 251 3678 et
279 3617 352 3678 baec
376 3616 460 3677 lortis
488 3616 558 3676 lruic
580 3615 649 3676 lorti
676 3616 725 3678 liic
757 3625 785 3678 et
817 3618 889 3677 baec
913 3615 1017 3677 lortior
1044 3616 1140 3676 lacere
1167 3614 1280 3676 debeat.
1326 3631 1407 3675 nunc
1434 3613 1502 3675 liaeo

222 3718 324 3779 eadem
346 3737 435 3798 supra
457 3718 527 3779 dicti
549 3721 666 3797 generis
688 3720 815 3785 nomina,
839 3737 913 3798 quae
936 3717 1060 3777 diximus
1082 3719 1111 3778 in
1130 3735 1218 3796 sopra
1240 3717 1318 3778 dicto
1338 3716 1433 3796 gradu
1455 3733 1501 3775 no·

221 3821 358 3880 minativo
381 3838 449 3880 casu
471 3820 586 3880 numeri
608 3818 764 3896 singularis
786 3818 968 3897 supradicta
993 3819 1086 3880 lorma
1106 3819 1237 3888 definiri,
1267 3819 1296 3878 in
1319 3819 1415 3879 deliro
1438 3835 1501 3878 casn

221 3921 337 3982 numeri
357 3920 513 3998 singularis
535 3939 570 3981 us
591 3918 731 3999 syllabam
752 3921 899 3997 accipiunt
927 3925 955 3980 ei
977 3937 1036 3979 non
1059 3928 1169 3980 tantum
1190 3920 1421 3999 comparativum
1441 3935 1500 3996 gra·

183 4035 209 4078 ³⁶
223 4023 293 4084 dum
316 4024 433 4100 generis
456 4023 553 4082 neutri
579 4021 629 4081 sed
660 4029 689 4082 et
710 4019 916 4081 adverbiorum
944 4021 1115 4089 ostendunt;
1146 4021 1255 4082 seilicet
1277 4022 1415 4100 quoniam
1444 4021 1500 4100 qui

223 4144 350 4204 cumque
378 4124 568 4203 comparativi
589 4123 698 4201 gradus
720 4123 897 4185 nominativo
919 4140 990 4183 casu
1018 4124 1134 4185 numeri
1155 4123 1311 4202 singularis
1333 4125 1380 4183 ius
1402 4121 1499 4183 litteri

223 4228 378 4297 liniuntur,
401 4226 432 4286 bi
449 4243 510 4285 non
529 4231 641 4286 tautum
662 4225 779 4302 generis
796 4226 893 4286 neutri
919 4225 971 4286 sed
993 4232 1022 4285 et
1041 4224 1245 4287 adverbiorum
1268 4244 1333 4287 esse
1353 4225 1496 4305 reperiun

224 4339 286 4399 tur,
309 4336 342 4390 ut
360 4338 428 4409 puta
449 4329 497 4390 bic
516 4335 545 4388 et
566 4327 640 4388 baec
661 4327 744 4388 fortis
765 4327 833 4389 huic
853 4328 937 4395 lorti,
961 4327 1066 4387 lortius
1088 4329 1204 4406 utrique
1225 4325 1412 4407 respondeat.
1457 4345 1498 4388 act

224 4431 341 4511 wando
363 4432 468 4492 lortius
489 4430 590 4509 generi
611 4436 717 4491 rreutro
737 4429 783 4491 vel
799 4429 915 4510 qivando
932 4429 1070 4491 adverbio
1092 4432 1122 4489 in
1145 4430 1365 4509 comparatione
1386 4445 1497 4507 respon

293 4637 309 4685 2
326 4643 454 4694 trameant
477 4635 608 4686 utendum
632 4650 726 4702 genere
744 4637 870 4688 neutroli
892 4644 1022 4687 transeunt
1047 4646 1073 4686 ut
1092 4635 1180 4686 eadem
1205 4651 1300 4700 genera
1320 4644 1441 4685 neutrar

224 4699 384 4755 descilicet
401 4714 425 4754 et
443 4706 561 4769 quonium
580 4708 619 4757 li:
635 4715 660 4756 et
676 4723 723 4756 ont.
742 4722 773 4761 ν,
825 4706 964 4773 iplurnlis
980 4708 1017 4758 lio
1093 4707 1235 4756 ildebeunt
1251 4706 1290 4757 Re
1360 4707 1428 4771 quod
1446 4705 1497 4758 sit

224 4773 389 4836 quodetsir
475 4776 504 4825 ll
531 4776 718 4827 illoeoilleli
805 4778 835 4828 21
861 4777 1018 4828 faciontom.
1036 4778 1067 4840 li,
1088 4777 1184 4827 eddo
1268 4776 1303 4828 29
1323 4776 1482 4827 deliniuntur

225 4844 347 4895 liniuntur
364 4846 387 4896 n
456 4846 487 4895 31
509 4846 618 4896 debeant
636 4847 673 4897 liv
