3346 5506
227 368 287 431 190
816 362 929 425 nnonl

291 512 297 524 .
352 512 356 523 .
428 511 434 523 .
1323 476 1429 521 ‚raama
1442 476 1472 521 v.

225 482 643 622 lerlnlrlls,w1lltinamleratis‚
674 551 785 610 utinam
813 549 924 610 lerant:
964 548 1067 609 eodem
1091 548 1180 609 modo
1203 490 1338 626 tempole
1356 550 1523 628 praeterito

224 658 321 735 speeie
343 655 516 734 imperfecta
538 653 655 714 immori
674 649 829 729 singularis
857 653 968 712 utinam
990 650 1117 719 lerrem,
1139 651 1249 711 utinam
1272 650 1386 721 terres,
1409 653 1522 713 ntimm

225 757 332 825 lerret;
365 757 481 817 numeri
504 752 625 833 pluralis
647 755 758 814 utinam
776 753 938 820 ferremus,
964 753 1075 813 utinam
1096 752 1230 824 lerretis,
1254 754 1368 815 utinam
1390 753 1522 816 terrent:

167 850 169 854 ⁴
225 858 445 920 eodemmodo
479 857 583 918 eodem
617 863 751 933 temporo
785 856 884 934 specie
910 853 1041 932 perlecta
1076 856 1194 916 numeri
1220 853 1380 931 singularis
1407 855 1533 917 utinam·

198 959 358 1028 etulerim,
382 961 494 1019 utinam
517 957 634 1025 tuleris,
659 958 770 1017 utinam
792 955 905 1024 tulerit;
939 957 1056 1017 numeri
1077 956 1199 1035 pluralis
1220 958 1332 1018 utinam
1355 955 1522 1029 tulerimus,

225 1064 334 1123 utinam
354 1060 488 1130 tuleritis,
512 1061 623 1120 retinam
646 1057 783 1119 tulerint:
808 1056 1017 1119 eodemmodo
1039 1058 1145 1119 eodem
1168 1066 1301 1138 tempore
1322 1060 1422 1137 speeie
1440 1057 1523 1138 plus·

225 1161 445 1241 quamperlecte
478 1162 592 1221 numeri
617 1158 775 1237 singularis
801 1161 913 1221 utinam
935 1157 1083 1230 tulissem,
1112 1161 1223 1222 utinam
1244 1159 1377 1231 uilisses,
1407 1163 1523 1223 utinam

225 1265 353 1333 tulisset;
375 1265 491 1324 numeri
516 1261 637 1340 pluralis
657 1263 768 1322 utinam
793 1260 969 1329 tulissemus,
997 1263 1110 1322 utinam
1132 1260 1281 1333 tulissetis,
1303 1263 1416 1324 utinam
1440 1262 1522 1325 tulis·

224 1375 304 1427 sent:
327 1366 432 1427 eodem
452 1364 541 1425 modo
561 1371 693 1442 tompore
713 1363 812 1424 lntruo
836 1365 953 1424 numeri
970 1362 1127 1440 singularis
1148 1366 1261 1425 utinam
1280 1364 1386 1436 leram,
1408 1366 1523 1427 utine!

188 1491 212 1533 ro
227 1469 313 1535 ieras,
337 1469 449 1529 utinam
470 1465 560 1535 lerat;
583 1467 699 1527 numeri
714 1464 835 1543 pluralis
857 1467 967 1525 utinam
985 1465 1124 1533 ieramus,
1147 1468 1258 1526 utinam
1273 1466 1386 1537 ieratis,
1408 1468 1523 1529 utinam

225 1569 332 1630 lerant.
377 1569 465 1629 modo
488 1568 675 1629 coniunctivo
705 1576 837 1645 tempore
856 1568 1004 1645 praesenti
1026 1569 1142 1628 numeri
1160 1566 1319 1645 singularis
1340 1586 1410 1629 oum
1430 1568 1479 1631 vel
1497 1571 1525 1631 si

225 1672 333 1740 leram,
369 1689 436 1732 cum
465 1669 510 1730 rel
530 1671 555 1729 si
584 1670 676 1737 ierus,
713 1688 780 1729 cnm
804 1668 849 1730 rel
870 1670 895 1729 si
921 1669 1012 1737 lerat;
1049 1670 1167 1731 numeri
1192 1668 1315 1749 pluralis
1342 1688 1413 1731 enm
1433 1669 1524 1732 velsi

225 1773 364 1842 ieramus,
388 1791 455 1833 enm
477 1770 520 1831 rel
536 1772 561 1830 si
579 1770 691 1839 ieratis,
713 1789 779 1831 oum
798 1770 842 1829 vel
864 1772 889 1831 si
911 1771 1023 1831 lerant:
1046 1771 1150 1832 eodem
1171 1771 1259 1831 modo
1281 1778 1416 1849 tempore
1435 1789 1524 1852 pree·

226 1877 312 1935 terito
334 1875 433 1954 speeie
456 1872 628 1951 imperfecta
657 1874 774 1933 numeri
796 1872 953 1948 singularis
982 1890 1049 1933 eum
1068 1872 1114 1933 rel
1136 1874 1161 1931 si
1183 1873 1307 1942 terrem,
1338 1892 1407 1935 cnm
1431 1872 1524 1935 relsi

188 1999 214 2040 rs
228 1976 338 2045 terres,
360 1994 428 2037 cum
453 1973 496 2034 rel
517 1975 542 2033 si
564 1974 671 2041 le1·1·et;
707 1975 822 2034 numeri
845 1972 966 2052 pluralis
989 1993 1056 2035 oum
1078 1975 1123 2035 rel
1144 1976 1169 2035 si
1191 1971 1361 2058 terrelmns,
1385 1993 1457 2037 cnm
1478 1974 1525 2037 rel

226 2079 251 2137 si
271 2078 399 2146 ferretis,
423 2096 490 2137 oum
505 2074 550 2135 rel
571 2077 596 2135 si
615 2075 743 2136 terrent:
767 2076 871 2136 eodem
890 2076 978 2138 motio
997 2077 1100 2138 eodem
1120 2087 1255 2156 tempore
1275 2078 1375 2155 speeie
1390 2078 1524 2156 perlecta

226 2181 344 2241 numeri
366 2177 523 2256 singularis
545 2196 613 2237 curn
631 2177 675 2238 rel
691 2179 716 2237 si
739 2176 865 2246 tulerim,
890 2197 955 2238 oum
972 2177 1018 2239 vel
1032 2180 1057 2240 si
1081 2179 1191 2249 tuleris,
1214 2197 1282 2239 eum
1299 2177 1345 2239 vel
1365 2180 1391 2240 si
1407 2179 1524 2249 tulerit;

226 2281 343 2341 numeri
365 2278 487 2358 pluralis
511 2298 578 2339 cum
602 2279 646 2339 rel
668 2281 692 2339 si
714 2279 883 2349 tulerimus,
908 2299 976 2341 oum
995 2281 1040 2342 rel
1060 2283 1086 2342 si
1110 2280 1249 2349 tuleritis,
1272 2298 1341 2341 eum
1362 2278 1409 2341 rel
1430 2282 1458 2342 si
1478 2288 1525 2343 tn·

226 2381 328 2443 ierint:
360 2383 462 2443 eodem
486 2382 573 2441 modo
595 2381 698 2442 eodem
720 2388 856 2460 tempore
883 2384 981 2460 speeie
1006 2382 1295 2462 plusquamperfecto
1322 2385 1442 2444 numeri
1463 2384 1524 2445 sin·

188 2507 215 2546 ao
228 2482 337 2562 gnlaris
360 2503 428 2545 oum
449 2482 492 2543 vel
512 2485 536 2544 si
558 2484 697 2552 tulissem,
720 2502 788 2544 cnm
808 2484 852 2545 rel
867 2485 892 2543 si
914 2483 1039 2553 tulisses,
1059 2503 1127 2546 cum
1146 2483 1190 2546 rel
1206 2485 1231 2544 si
1251 2482 1383 2554 tunssou
1405 2487 1526 2547 numeri

227 2584 349 2663 pluralis
377 2604 445 2645 enm
466 2584 511 2645 vel
532 2588 556 2645 si
579 2584 765 2653 tulissemus,
789 2604 856 2646 cnm
880 2585 922 2646 rol
947 2588 971 2646 si
993 2586 1144 2655 tulissetis,
1169 2604 1237 2647 oum
1258 2584 1304 2647 rel
1322 2588 1349 2647 ei
1370 2584 1524 2649 tulissent:

227 2687 332 2748 eoilem
355 2688 443 2748 modo
466 2696 600 2765 tempore
622 2688 723 2749 futuro
743 2689 858 2748 numeri
879 2687 1037 2764 singularis
1058 2706 1124 2749 cnm
1147 2686 1193 2749 vel
1214 2688 1240 2749 si
1257 2687 1364 2759 tulero,
1385 2707 1459 2752 cum
1479 2688 1525 2751 vel

227 2791 251 2850 si
276 2789 392 2858 tuleris,
416 2808 485 2850 enm
507 2790 552 2851 rel
574 2792 599 2851 si
620 2789 736 2857 tulerit;
772 2791 887 2850 numeri
910 2787 1031 2868 pluralis
1052 2808 1120 2851 cum
1141 2789 1185 2851 rel
1209 2791 1234 2850 si
1255 2790 1428 2861 tulerimus,
1455 2809 1524 2853 enm

229 2891 272 2951 rel
293 2894 316 2950 si
340 2890 478 2959 tuleritis,
501 2910 568 2952 cnm
589 2890 634 2952 rel
656 2893 680 2950 si
702 2891 831 2952 tulerint.
849 2889 862 2975 ΙΙ
877 2891 966 2951 modo
986 2891 1167 2969 inpersonali
1188 2893 1320 2953 numeris
1338 2899 1368 2953 et
1387 2895 1525 2972 personis

188 3014 212 3054 as
228 2992 358 3053 contusis
381 3001 515 3072 temporo
538 2994 686 3070 praesenti
707 2993 815 3061 lertnr,
845 2993 1060 3054 eodemmodo
1083 3001 1217 3072 ternpore
1240 2996 1402 3072 praeterito
1424 2996 1525 3074 speeie

227 3095 400 3174 imperioeta
430 3093 594 3163 ferebatur,
629 3095 843 3156 eodemmodo
871 3095 974 3157 eodem
996 3104 1130 3173 ternpore
1155 3098 1255 3175 speeie
1278 3096 1410 3176 perlecta
1431 3096 1524 3158 latum

227 3205 273 3256 est
301 3205 330 3256 et
352 3196 493 3257 ulteriore
516 3197 648 3273 perlecta
671 3196 762 3257 latum
789 3198 859 3265 luit,
890 3198 993 3257 eodem
1020 3197 1109 3258 modo
1137 3198 1242 3259 eodem
1266 3206 1400 3276 tempore
1417 3201 1525 3278 specle

227 3298 517 3376 plusquamperfecto
545 3297 634 3358 latum
659 3308 722 3359 erat
757 3306 786 3360 et
813 3299 953 3359 ulteriore
977 3298 1263 3378 plusquamperfecto
1294 3298 1387 3361 latum
1417 3300 1524 3369 lueret,

228 3401 332 3460 eodem
353 3400 440 3459 modo
460 3407 593 3478 ternpore
617 3400 716 3460 loturo
737 3400 859 3461 leretur.
904 3402 1029 3478 gerundi
1044 3410 1111 3462 sunt
1126 3401 1208 3471 haec,
1232 3400 1348 3462 terendi
1365 3402 1523 3464 ferendum

190 3521 214 3560 ao
229 3501 352 3563 leremlo
373 3500 473 3561 latum.
518 3511 650 3580 tempora
673 3503 895 3580 participiorum
918 3503 1075 3564 trahuntur
1095 3502 1132 3562 ab
1154 3503 1211 3564 lroo
1232 3502 1323 3564 rerlro
1345 3502 1415 3571 duo,
1437 3520 1524 3581 preo-

228 3622 297 3664 sens
318 3605 435 3673 serene,
461 3604 594 3665 loturum
617 3604 745 3671 laturns;
782 3623 890 3665 nomen
913 3603 1004 3671 lator,
1034 3604 1191 3682 appellatio
1213 3603 1318 3665 latura.
1363 3623 1446 3666 nuuc
1468 3605 1524 3665 lroo

229 3723 398 3774 monemus,
428 3707 506 3786 quon
530 3706 587 3767 lroc
609 3705 729 3766 verbnm
754 3715 782 3767 et
804 3725 871 3767 oum
894 3708 1105 3784 compositione
1127 3725 1179 3767 sua
1209 3707 1245 3768 ad
1269 3710 1523 3787 suprascriptam

228 3806 392 3868 declinatur
415 3809 550 3869 turmam.

312 3908 407 3970 Feror
429 3911 551 3972 verbum
575 3911 749 3971 defectivum
773 3911 928 3971 indicativo
951 3910 1038 3970 modo
1061 3910 1170 3972 dictum
1193 3912 1337 3990 temporis
1358 3914 1524 3989 praesentis

189 4024 214 4065 as
229 4014 344 4071 numeri
367 4011 525 4088 singularis
554 4014 666 4087 ligurae
689 4011 828 4089 simplicis
855 4030 1001 4090 personae
1026 4014 1153 4089 primae,
1180 4012 1259 4090 quod
1284 4010 1451 4075 declinatur
1470 4016 1521 4075 sio.

228 4112 316 4173 ruodo
337 4114 492 4173 indicativo
523 4121 657 4190 tempore
680 4115 828 4192 praesenti
852 4114 969 4174 numeri
990 4113 1146 4190 singularis
1178 4113 1259 4174 leror
1287 4113 1395 4176 fereris
1416 4114 1521 4183 iertur,

227 4216 345 4274 numeri
360 4214 482 4292 pluralis
504 4216 627 4275 ferimur
649 4216 778 4275 ferimini
800 4214 952 4276 feruntur:
977 4215 1185 4276 eodemmodo
1208 4223 1342 4294 tempore
1361 4218 1522 4295 praeterito

228 4318 328 4394 specie
357 4317 532 4394 imperfecta
563 4318 681 4377 numeri
704 4315 861 4395 singularis
890 4315 1007 4376 lerelrar
1029 4316 1176 4377 ferebaris
1205 4317 1373 4388 lerebatur,
1406 4319 1522 4380 numeri

228 4416 351 4494 pluralis
379 4417 550 4479 ferebamur
577 4417 752 4479 lerelramini
783 4416 968 4478 terebantur:
1006 4419 1109 4479 eodem
1135 4420 1224 4480 modo
1258 4418 1362 4481 eodem
1387 4429 1522 4500 tempore

190 4520 328 4595 nspeeie
355 4520 487 4596 perlecta
519 4523 634 4581 numeri
657 4518 814 4597 singularis
847 4518 922 4579 latus
949 4538 1013 4580 sum
1048 4517 1124 4582 latus
1149 4542 1181 4583 es
1211 4520 1288 4583 latus
1315 4529 1374 4592 est,
1407 4523 1521 4584 numeri

228 4619 350 4696 pluralis
372 4620 422 4681 lati
443 4639 545 4681 snmus
569 4621 618 4681 lati
641 4623 709 4682 estis
732 4618 782 4679 lati
804 4627 886 4685 sunm
917 4628 945 4680 et
965 4620 1104 4683 ulteriore
1126 4622 1257 4700 perlecta
1282 4626 1401 4685 numeri
1423 4626 1520 4703 singn-

297 4833 331 4885 ³6
351 4834 440 4884 loreris
461 4836 482 4886 ll
501 4834 575 4885 serris
595 4852 608 4884 υ
677 4834 709 4884 37
731 4833 836 4885 lerimnr
852 4832 960 4883 ferimini
982 4835 1004 4884 n
1023 4834 1132 4886 lerunmr
1152 4835 1268 4886 letemini
1284 4836 1311 4886 B
