3346 5506
459 367 665 430 EXPLde'l'.
688 368 726 430 ΙΝ
750 367 928 429 uuttttvnt
951 367 1057 431 utut
1342 373 1402 436 503

1194 474 1352 528 amun

116 557 188 619 mihi
209 543 376 638 prandera’
399 563 429 617 et
450 555 505 617 ‘da
527 555 600 615 mihi
621 553 759 616 hibere’:
782 556 838 617 ista
861 556 939 616 euim
962 552 1070 616 locutio
1095 572 1193 618 casum
1217 553 1310 616 verbo
1332 572 1402 614 cou-

115 660 221 738 iungit.
265 658 317 719 sed
338 659 394 718 ista
417 657 599 719 consuetudo
622 675 657 718 ex
681 657 795 719 Graeco
818 674 873 718 usu
895 656 1061 718 descendit:
1093 674 1160 718 nam
1184 658 1288 718 Graeci
1311 655 1401 717 verbo

112 770 143 821 et
171 759 312 822 articulos
339 759 464 837 iungunt
490 759 620 820 dicentes
648 753 706 832 δὸς
727 752 765 821 cd
788 765 887 820 meatu.
932 776 1003 837 ergo
1035 757 1101 819 idco
1124 759 1196 820 dixit
1219 764 1304 819 ‘cum
1327 766 1401 820 tem·

110 880 186 942 pore
208 868 240 922 et
260 879 385 941 persona
409 863 471 923 sinu
494 865 591 922 casu'.

197 961 295 1025 Verbo
327 972 440 1042 septem
474 961 624 1032 accidunt,
659 960 782 1042 qualitas
815 963 980 1041 coniugatio
1012 982 1105 1043 genus
1139 982 1279 1025 numerus
1308 965 1427 1043 ligurus

109 1073 233 1146 tempus
253 1083 390 1146 persona.
435 1066 511 1125 scire
534 1063 676 1124 debemus
698 1064 776 1144 quod
800 1083 888 1127 omne
911 1064 1030 1126 verbum
1055 1069 1263 1146 cuiuscumque
1285 1068 1402 1145 generis

105 1167 185 1229 duas
213 1168 441 1247 significationes
467 1164 557 1228 habet
585 1174 714 1237 tanturn,
749 1176 799 1228 aut
826 1167 938 1246 agentis
964 1176 1014 1229 aut
1043 1169 1194 1247 patieutis3
1232 1166 1316 1229 aliter
1337 1169 1401 1229 lieri

103 1286 166 1349 per
189 1286 291 1330 rerum
315 1276 449 1330 naturam
473 1286 532 1329 non
555 1274 665 1348 potest:
689 1266 756 1345 lego
778 1271 892 1348 agentis
914 1278 973 1338 est,
996 1268 1079 1348 legor
1101 1271 1247 1348 patientis.
1283 1271 1314 1331 in
1336 1272 1401 1351 ipso

103 1379 220 1432 neutro
242 1377 293 1431 aut
314 1371 427 1449 agentis
449 1372 580 1432 invenies
603 1371 846 1450 significationem
870 1377 920 1432 aut
941 1372 1086 1451 patientis,
1104 1373 1226 1451 agentis,
1249 1380 1281 1432 ut
1302 1389 1399 1443 curro,

100 1473 260 1553 patientis,
283 1481 317 1534 ut
337 1471 451 1553 vapulo.
496 1473 598 1552 atquin
621 1480 758 1534 neutrum
782 1481 841 1541 est,
866 1481 895 1535 ct
917 1491 972 1534 nec
993 1471 1065 1533 illud
1088 1472 1199 1535 habere
1221 1472 1322 1536 debuit
1344 1493 1399 1535 nec
1414 1493 1438 1532 ιιι

97 1573 194 1636 illud.
226 1581 255 1635 et
276 1576 470 1654 interrogavit
490 1573 649 1646 Filocalus,
673 1578 842 1654 ‘possumus
864 1583 962 1636 tamen
986 1576 1117 1636 invenire
1140 1574 1298 1646 neutralia,
1323 1595 1398 1657 quae

100 1676 224 1739 nullam
248 1674 357 1738 habent
378 1677 637 1756 significationem,
661 1686 693 1738 ut
715 1686 761 1738 est
782 1677 925 1739 dormio’.
959 1685 988 1738 et
1004 1678 1155 1756 respondit
1171 1680 1296 1758 ‘agentis
1310 1677 1397 1739 habet

96 1778 367 1859 significationem.
416 1781 459 1839 vis
480 1778 574 1839 sciret
596 1796 714 1858 possum
738 1785 768 1839 et
789 1797 849 1840 uon
872 1778 1017 1850 dormire,
1041 1782 1177 1858 quoniam
1201 1782 1231 1840 in
1255 1788 1397 1860 potestate

96 1888 215 1942 mostra
237 1889 291 1941 est.
322 1889 390 1942 sunt
405 1878 500 1960 aliqua
518 1880 524 1957 l
543 1898 618 1960 quae
641 1888 762 1943 naturae
784 1879 878 1941 danda
901 1889 983 1951 sunt,
1007 1899 1066 1942 non
1089 1882 1202 1951 omnia;
1225 1882 1276 1942 sed
1299 1890 1397 1943 umen

95 1983 166 2045 ista
189 2000 265 2064 quae
288 2001 342 2062 per
365 1990 500 2044 naturam
523 1984 644 2044 veniunt
665 1984 723 2043 nisi
745 1981 998 2044 consentientibus
1021 1981 1105 2043 nobis
1128 2000 1187 2044 nou
1210 1983 1395 2064 conplentur.
1411 2003 1436 2044 u

88 2085 176 2147 sitio
203 2101 303 2146 meum
333 2102 392 2145 uon
420 2090 477 2156 cst,
506 2083 556 2145 sod
580 2083 685 2145 accidit
706 2092 739 2144 ut
759 2085 886 2155 sitirem,
910 2091 939 2145 et
960 2093 1058 2146 tamen
1081 2103 1200 2164 possum
1223 2105 1282 2147 oon
1305 2089 1397 2148 sitire.

87 2205 166 2268 qua
193 2188 309 2248 ratione
337 2186 453 2264 decepti
479 2193 548 2247 sunt
575 2192 606 2247 ut
632 2187 689 2247 hoc
717 2193 870 2266 putarent:
908 2203 977 2247 nam
1005 2184 1089 2247 multi
1111 2185 1213 2249 dicunt
1234 2189 1263 2249 id
1286 2190 1399 2268 agentis

83 2302 191 2359 (asse,
216 2288 294 2369 quod
317 2286 374 2348 alio
396 2294 502 2366 agente
524 2285 598 2348 alius
619 2289 743 2366 patitur,
772 2294 805 2348 ut
826 2286 960 2348 verbero.
1006 2289 1168 2351 secundum
1191 2291 1321 2369 ipsorum
1345 2289 1395 2351 de·

80 2392 259 2453 finitiones
280 2391 305 2450 si
320 2407 355 2450 ea
370 2388 460 2451 verba
482 2389 583 2459 activa,
607 2406 682 2468 quae
703 2391 742 2450 ita
765 2391 935 2470 exprimunt
956 2392 1070 2470 agentis
1084 2390 1222 2461 cilicium,
1245 2399 1278 2453 ut
1298 2395 1396 2473 expri-

80 2492 415 2572 nuncupationis,
444 2498 474 2552 et
501 2492 571 2552 item
600 2508 634 2551 oa
663 2492 791 2572 passiva,
815 2510 890 2572 quae
912 2493 951 2554 ita
974 2493 1143 2574 exprimunt
1164 2496 1338 2574 patientem,
1361 2503 1431 2557 utro

80 2596 276 2676 exprimant
297 2591 427 2654 officium
450 2594 577 2672 agentis,
600 2600 706 2654 neutra
728 2601 826 2655 autem
847 2601 919 2657 tunc
940 2602 1021 2665 suut,
1045 2594 1162 2674 quando
1184 2613 1276 2657 uniam
1298 2599 1398 2677 expri-

77 2704 208 2767 luuut,
232 2703 283 2757 aut
302 2695 462 2775 patientem
486 2704 535 2756 aut
557 2704 707 2774 agentem,
731 2696 801 2777 quid
816 2695 925 2768 dicent,
947 2698 973 2757 si
987 2698 1186 2759 invenerimus
1202 2706 1305 2760 neutra
1321 2718 1396 2779 quae

74 2807 268 2878 utrumque
290 2798 470 2877 exprimant,
494 2804 526 2857 ut
547 2796 652 2878 vapulo
674 2798 787 2859 sentio?
821 2815 892 2878 ergo
914 2797 995 2860 vides
1022 2798 1100 2879 quod
1127 2800 1185 2861 ista
1209 2818 1269 2861 nou
1291 2818 1395 2879 procs-

75 2901 195 2969 dunt,
219 2901 286 2979 quia
308 2901 403 2978 prima
426 2917 493 2959 vera
515 2918 575 2960 non
598 2905 694 2962 sunt'.

192 2999 323 3073 Qualitas
350 2999 509 3063 verborum
538 2999 678 3062 dividitur
704 3002 734 3063 in
761 3001 866 3062 modos
894 3009 924 3062 et
946 3002 976 3061 iu
998 3001 1117 3063 turmas.
1162 3002 1242 3062 modi
1265 3011 1333 3064 suut
1354 3004 1393 3073 hi,
1408 3025 1433 3065 ιι

75 3102 284 3167 indicativus
306 3104 497 3182 promissivus
520 3103 708 3181 imperativus
730 3103 876 3182 optativus
897 3103 1099 3164 coniunctivus
1121 3104 1260 3168 infinitus.
1289 3104 1327 3166 de
1349 3106 1395 3166 his

74 3203 230 3286 singulis
257 3203 415 3267 videamus.
451 3203 624 3265 indicativus
651 3202 747 3266 dictus
775 3212 834 3275 cst,
863 3203 941 3283 quod
965 3223 1024 3284 >per
1050 3207 1148 3285 ipsum
1175 3203 1338 3267 indicamus
1366 3206 1393 3268 id

76 3307 185 3392 quod
214 3295 350 3377 iacimus,
381 3316 413 3368 ut
442 3305 523 3386 lego:
557 3305 664 3367 dicitur
691 3305 770 3367 idem
794 3313 824 3367 et
845 3306 1010 3366 delinitivus
1031 3305 1069 3367 ab
1092 3325 1141 3378 eo,
1165 3308 1242 3388 quod
1265 3307 1391 3381 deliniat,

77 3408 175 3492 quid
197 3407 244 3468 tit:
272 3408 478 3489 imperativus,
508 3407 585 3488 quod
609 3424 663 3487 per
689 3409 786 3488 ipsum
808 3409 988 3487 imperamus
1009 3415 1042 3468 ut
1063 3408 1126 3480 ilat,
1148 3415 1182 3469 ut
1203 3406 1278 3488 lege.
1322 3428 1392 3491 pro·

77 3511 255 3581 musivus,
284 3527 338 3589 per
365 3528 452 3589 quern
480 3510 694 3590 promittimus,
723 3510 886 3590 quaesitum
910 3517 967 3581 est,
996 3517 1094 3572 utrum
1123 3510 1227 3572 modus
1255 3519 1333 3573 esset
1354 3531 1391 3574 an
1405 3534 1430 3574 so

73 3618 222 3694 tempus
243 3610 337 3682 modi,
360 3613 497 3692 quoniam
520 3611 668 3673 indicativi
689 3610 770 3672 modi
792 3619 906 3691 tempus
929 3610 1061 3673 iuturum
1083 3621 1144 3682 est;
1168 3620 1198 3673 et
1211 3612 1316 3675 modus
1331 3632 1391 3676 non

80 3724 162 3786 est,
185 3714 211 3775 si
232 3721 349 3793 tempus
372 3720 416 3773 est
436 3713 526 3775 modi.
571 3712 624 3774 sed
644 3715 695 3794 qui
717 3713 819 3776 dicunt
840 3712 959 3774 modurn
982 3730 1062 3783 esse,
1086 3713 1117 3774 hi
1139 3713 1241 3775 dicunt
1262 3717 1390 3794 primum

79 3820 183 3880 ‘nou
199 3831 356 3896 possumus
370 3814 503 3876 indicare
518 3814 556 3876 de
577 3813 667 3877 rebus
688 3833 762 3896 quas
784 3832 843 3876 non
866 3816 1033 3876 novimus’:
1058 3833 1128 3894 crgo
1144 3814 1303 3878 detralutut
1317 3826 1391 3880 tem·

77 3932 158 3998 pus
184 3917 343 3978 indicativo
371 3916 460 3978 modo
488 3925 517 3978 et
544 3916 655 3977 iaciunt
676 3915 800 3978 alterum
823 3914 953 3979 modum.
999 3918 1048 3997 qui
1071 3925 1169 3979 autem
1192 3926 1301 3997 negant
1323 3939 1389 3982 eum

77 4019 226 4087 mortum
248 4036 321 4089 esse,
345 4018 401 4080 hoc
430 4025 579 4089 astruunt,
607 4036 662 4099 per
684 4037 782 4080 rerum
812 4031 947 4080 naturam
969 4019 1034 4079 lieri
1056 4036 1115 4079 non
1137 4038 1224 4100 posse
1245 4029 1279 4082 ut
1298 4039 1388 4084 unum
1403 4044 1428 4085 ss

73 4127 220 4204 tempus
242 4118 349 4182 habeat
371 4118 459 4201 aliqui
481 4120 596 4182 modus.
620 4119 726 4181 deinde
748 4121 797 4200 qui
821 4120 922 4181 dicunt
943 4139 1010 4183 eum
1034 4119 1153 4182 modum
1176 4140 1249 4194 esse,
1273 4121 1390 4207 nelgant

172 4310 186 4362 l
207 4306 300 4359 locutio
318 4323 405 4359 ιιιιιιιιιι
423 4308 500 4358 uerbo
519 4307 653 4375 coniungit
671 4315 696 4358 et
708 4307 733 4357 L
752 4305 865 4371 loquutio
884 4305 1008 4374 (elocutio
1024 4309 1056 4371 S)
1071 4323 1175 4358 casuum
1189 4310 1267 4361 irerbo
1285 4313 1389 4361 conlun-

75 4384 172 4451 gitur
190 4378 272 4431 ortvs
356 4378 391 4430 10
408 4376 504 4442 adquin
519 4379 544 4429 L
562 4386 588 4428 at
603 4377 671 4441 quod
689 4378 711 4431 S
727 4385 770 4426 aut
786 4379 845 4442 qula
862 4378 888 4428 F
964 4378 993 4430 ll
1010 4377 1152 4443 philocalus
1171 4379 1324 4447 Fillogalus
1344 4382 1390 4433 ts

171 4449 204 4500 ld
222 4456 327 4498 naturae
345 4446 430 4498 danda
447 4454 507 4497 sunt
522 4444 545 4500 b
563 4456 668 4498 naturae
687 4447 771 4496 danna
789 4457 848 4496 suut
862 4446 888 4496 F
898 4457 987 4497 nautru
1002 4449 1110 4497 dicenda
1127 4458 1185 4499 suist
1203 4449 1223 4500 S
1293 4451 1324 4500 15
1343 4466 1388 4515 per

76 4528 221 4575 naturam
231 4518 338 4569 ueniunt
350 4517 399 4571 1¹8
410 4531 457 4584 por
473 4524 590 4568 usturam
608 4517 729 4568 eueniunt
747 4517 772 4567 L
842 4519 877 4569 22
897 4517 959 4582 quid
974 4518 1060 4567 dicem
1077 4518 1120 4569 FS
1134 4518 1192 4600 quiid
1212 4519 1279 4568 dicet
1300 4520 1322 4569 L

75 4588 132 4645 24
151 4589 239 4656 prima
256 4587 336 4639 umba
352 4601 403 4640 uon
420 4593 481 4643 suni
493 4586 566 4643 m
633 4586 668 4639 25
685 4586 754 4641 modi
772 4595 832 4637 sunt
850 4603 897 4639 sex
913 4588 1068 4637 iudicatiuus
1087 4589 1255 4653 promissiuus
1278 4589 1385 4652 impera·

81 4662 172 4713 tium
188 4670 223 4725 op
223 4658 318 4709 uduo·
334 4648 512 4709 coniunctim
528 4648 679 4713 mutuas.
706 4657 738 4707 de
756 4655 797 4707 hta
813 4672 860 4709 sax
878 4656 994 4739 singulos
1012 4657 1144 4707 uideamus
1162 4659 1187 4706 F
1200 4658 1268 4706 modi
1286 4669 1345 4706 sunt
1361 4658 1386 4708 lsi

80 4736 194 4783 nm
664 4728 750 4779 ἤην
767 4728 896 4793 optatiuus
919 4729 1094 4778 coniunctiuus
1114 4727 1277 4776 iutiuitiuus
1271 4742 1385 4792 superso-

84 4726 377 4921 auum*
720 4792 828 4848 imm
849 4799 880 4849 ab
898 4814 930 4849 eo
949 4797 1017 4861 quod
1036 4797 1136 4847 datiuiat
1153 4795 1221 4859 qtrod
1237 4796 1286 4847 luit
1304 4799 1326 4849 S
1341 4798 1385 4849 de-

780 4866 841 4919 ¹'!ll
853 4882 885 4920 oo
899 4868 968 4934 quod
985 4868 1055 4917 fluint
1072 4866 1133 4929 quid
1147 4865 1175 4914 tir
1194 4865 1217 4914 L
