3314 5506
653 378 861 440 tttTHuttut
884 379 923 440 ΙΙΙ
943 380 1023 444 6-8
1442 387 1482 449 37
1575 453 1580 462 ,

250 494 367 536 aream
382 494 408 536 r.
1289 528 1294 540 .
1350 532 1354 542 .
1422 531 1428 543 .

190 507 288 627 doceat
316 567 476 627 rationem.
520 585 554 626 e:
575 575 605 626 et
628 566 705 627 hanc
721 566 849 628 litteram
875 577 942 628 ante
966 588 1003 629 uo
1026 571 1130 631 tertiae
1151 501 1481 651 eorrepdelssegedem

190 666 272 730 rerba
292 669 426 747 repperi,
448 669 496 729 cui
517 669 671 730 facientem
691 670 721 730 iu
742 670 840 746 specie
859 670 1000 746 perlecta,
1022 679 1054 732 ut
1072 690 1145 731 acuo
1162 674 1243 735 acuis
1258 674 1334 733 acui.
1366 672 1400 735 d:
1424 693 1479 737 nec

188 768 259 831 iano
277 769 410 830 litteram
432 780 499 831 ante
515 789 553 831 uo
577 772 701 849 positam
721 779 873 848 regentem
894 771 982 833 rerba
1008 774 1120 850 primae
1136 775 1350 850 coniugationis
1372 768 1479 846 iuveni,

186 871 232 932 red
254 873 361 932 tertiae
382 880 538 950 correptae
560 873 609 934 dui
631 874 787 933 facientem
807 875 837 932 iu
859 875 956 952 specie
979 875 1124 952 perfecta,
1156 875 1245 935 induo
1268 876 1365 937 induis
1386 877 1478 940 indui.
1527 947 1532 965 ‚

186 991 260 1042 nam,
283 975 363 1035 sieut
381 981 450 1035 ante
468 974 563 1044 docui,
587 995 607 1036 u
624 983 725 1035 anteo
747 976 839 1052 posita
861 983 913 1036 ant
933 977 1045 1054 primae
1065 977 1278 1052 coniugationis
1294 977 1382 1039 rerba
1402 981 1480 1059 regit
1505 1008 1518 1045 ι

185 1083 232 1136 ant
245 1077 354 1137 tertiae
373 1085 543 1155 correptam
565 1076 712 1138 secundae
731 1095 800 1137 rero
820 1075 865 1138 vel
887 1078 991 1137 tertiae
1011 1077 1183 1157 productae,
1207 1078 1264 1140 hoc
1281 1090 1325 1140 est
1345 1090 1478 1159 quartae,

185 1195 354 1254 nmquam.
379 1197 412 1239 e:
431 1178 518 1240 huius
533 1178 649 1240 litterae
663 1187 731 1239 ante
747 1198 785 1239 uo
802 1181 912 1256 positae
929 1178 1050 1239 verbum
1068 1180 1172 1240 tertiae
1191 1190 1348 1260 correptae
1360 1185 1479 1261 repperi

186 1280 208 1339 ri
228 1279 344 1341 iaciens
365 1281 465 1359 specie
487 1281 632 1359 perlecta,
662 1299 732 1341 rero
754 1282 831 1341 ceris
854 1282 930 1341 ceri:
961 1281 1086 1343 Persius.
1101 1288 1236 1360 ternpore
1258 1282 1360 1344 tuturo
1382 1286 1480 1362 posuit

185 1382 259 1450 ἀι,
289 1380 460 1450 Romule,
493 1384 656 1444 ceresi’:
684 1383 829 1461 significat
860 1390 959 1445 autem
991 1401 1058 1444 cum
1089 1384 1270 1462 turpitudine
1299 1385 1406 1448 cedere
1433 1385 1478 1448 rel

185 1485 310 1562 turpiter
339 1484 496 1545 incurvari.
541 1486 653 1562 primae
681 1485 896 1561 coniugationis
924 1484 1045 1546 verbum
1075 1505 1091 1545 e
1118 1494 1186 1546 ante
1215 1504 1253 1546 un
1280 1488 1393 1548 liumus
1418 1506 1478 1549 nou
1493 1516 1517 1556 ιι

185 1587 293 1647 inveni
338 1586 366 1646 i:
389 1586 466 1646 harro
484 1585 612 1647 litteram
635 1594 704 1647 aute
723 1605 760 1647 no
783 1588 906 1666 positam
931 1585 1018 1647 rerba
1041 1602 1147 1663 regere
1175 1605 1233 1647 non
1260 1588 1371 1656 iureui;
1402 1608 1478 1649 noro

184 1706 267 1749 nore
288 1705 379 1748 unam
402 1685 627 1749 declinationem
650 1706 685 1750 er
708 1688 763 1749 hac
782 1689 865 1775 quasi
887 1688 1115 1750 descendentem
1137 1687 1193 1765 legi
1211 1689 1288 1767 apud
1305 1690 1476 1752 Terentium

185 1790 282 1850 ‘lora
319 1790 400 1851 luat
431 1788 522 1868 pol’‚
550 1791 579 1850 in
602 1791 714 1870 Hecyra
742 1778 864 1852 seilicet.
909 1808 942 1869 g:
969 1790 1057 1851 liuius
1080 1789 1195 1851 litterae
1215 1799 1283 1852 ante
1305 1810 1344 1853 uo
1366 1795 1477 1870 positae

185 1891 306 1953 rerbum
331 1892 444 1969 primae
466 1892 681 1968 coniugationis
702 1910 761 1953 non
784 1877 896 1962 inveni,
918 1892 970 1953 sed
993 1893 1097 1955 tertiae
1118 1902 1275 1971 correptae
1298 1896 1347 1972 gui
1368 1896 1477 1957 iaciens

184 1995 281 2072 aperie
304 1993 446 2072 perlecta,
471 2003 502 2054 ut
518 2012 611 2072 arguo
626 1997 726 2073 arguis
742 1997 826 2073 argui
849 2003 879 2057 et
900 2011 1001 2072 unguo
1017 1995 1122 2072 unguis
1141 1997 1225 2055 unxi:
1245 1992 1251 2077 Ι
1271 2013 1338 2057 nam
1359 2015 1475 2075 unguen
1490 2025 1514 2065 ιι

185 2094 332 2172 conlegi.
378 2096 414 2156 lr:
445 2095 521 2157 lianc
542 2096 669 2158 litteram
691 2103 758 2157 aute
781 2116 818 2157 uo
841 2098 966 2174 positam
988 2105 1141 2173 regentem
1162 2096 1251 2158 rerba
1280 2116 1339 2159 nou
1369 2099 1474 2161 iuveni.

185 2198 275 2259 laute
293 2217 334 2258 uo
348 2199 443 2276 posita
463 2200 589 2275 primam
608 2200 684 2275 regit
701 2200 936 2278 coniugationem
958 2208 989 2259 et
1002 2199 1130 2276 speciem
1151 2200 1312 2276 perlectam
1331 2201 1377 2260 ari
1397 2202 1475 2271 iacit,

185 2299 283 2360 derivo
305 2298 422 2360 derivas
442 2300 577 2361 derivari.
622 2299 729 2361 kaute
752 2320 791 2361 uo
813 2303 906 2378 posita
928 2299 1043 2361 nrrllmn
1064 2300 1185 2362 uerbum
1208 2302 1294 2380 regit.
1322 2301 1421 2364 lanto
1435 2321 1476 2375 po

185 2404 276 2480 posita
308 2403 426 2462 tertiam
456 2410 623 2481 correptam
650 2404 741 2480 regit,
767 2402 807 2464 lui
834 2405 904 2464 iacit
930 2404 961 2463 iu
988 2403 1087 2480 specie
1114 2404 1259 2480 perlecta,
1288 2402 1367 2465 diluo
1389 2403 1477 2477 diluis

184 2501 261 2565 tunt.
308 2520 339 2563 m
366 2510 434 2564 ante
464 2521 503 2565 uo
531 2506 656 2581 positam
690 2522 748 2563 non
778 2506 884 2566 inveni.
929 2523 965 2564 u:
994 2504 1068 2565 liaeo
1101 2504 1197 2565 littera
1219 2506 1311 2582 posita
1341 2514 1410 2567 ante
1437 2527 1514 2577 nom

185 2606 299 2666 tertiam
332 2606 568 2683 coniugatiouem
601 2615 766 2683 correptam
800 2608 876 2683 regit
909 2615 938 2666 et
962 2608 1091 2684 speciem
1120 2607 1281 2684 perlectam
1312 2598 1381 2669 lacit
1413 2609 1474 2678 nui,

185 2708 273 2767 innuo
295 2708 396 2767 munis
416 2708 510 2773 innui,
526 2703 540 2789 ΙΙ
554 2725 652 2768 annuo
672 2710 771 2776 annui,
792 2725 886 2769 renuo
907 2710 1002 2770 renui.
1046 2727 1064 2768 o
1087 2716 1154 2769 ante
1176 2727 1213 2771 uo
1235 2711 1330 2788 posita
1349 2711 1475 2788 primam

185 2811 260 2888 regit
288 2810 525 2898 coniurationem
552 2818 582 2870 et
600 2811 730 2887 speciem
759 2811 919 2888 perlectam
945 2811 1006 2870 rori
1028 2811 1179 2879 terminat,
1205 2817 1237 2871 ut
1258 2829 1333 2870 noro
1355 2829 1474 2880 renovo,

184 2912 284 2972 uorari
308 2912 457 2971 renovari.
500 2929 520 2990 p
539 2920 607 2972 ante
630 2930 668 2971 uo
695 2913 789 2989 posita
817 2914 933 2973 tertiam
953 2912 1187 2989 rouirrgatiouem
1210 2921 1377 2991 correptam
1400 2913 1477 2990 regit

184 3021 212 3074 et
229 3013 364 3092 speciem
383 3014 543 3091 perlectam
565 3014 631 3092 spui
655 3014 737 3082 lacit,
769 3023 800 3074 ut
822 3031 896 3092 spuo
915 3031 1041 3091 respuo,
1065 3015 1132 3092 spui
1154 3016 1261 3092 respui.
1306 3023 1414 3094 qanto
1436 3033 1512 3085 nom
1606 3017 1619 3042 '

184 3117 275 3192 posita
297 3123 328 3176 et
351 3115 476 3192 primam
499 3116 734 3192 coniurationem
757 3118 834 3194 regit
852 3124 882 3177 et
905 3117 1020 3177 tertiam
1041 3125 1225 3194 correptam:
1254 3119 1368 3197 primae
1389 3119 1477 3198 quari

184 3205 251 3279 iacit
271 3218 405 3296 speciem
427 3217 596 3294 perlectam,
620 3234 715 3296 aequo
732 3235 841 3296 aequas
861 3220 998 3298 aequari,
1022 3237 1152 3297 exaequo
1175 3221 1347 3296 exaequari;
1371 3221 1476 3281 tertiae

184 3336 250 3380 rero
272 3325 434 3398 correptae
455 3320 519 3397 qui,
551 3325 584 3379 ut
605 3318 741 3409 relinquo
763 3319 905 3399 relinquis
927 3318 1041 3400 reliqui.
1087 3339 1119 3379 r:
1142 3331 1172 3381 ct
1193 3319 1267 3382 liaeo
1287 3320 1385 3381 littera
1407 3328 1475 3381 ante

185 3438 220 3481 no
246 3423 348 3500 posita
370 3427 402 3480 et
426 3421 551 3499 primam
579 3422 815 3500 coniugationem
845 3423 922 3499 regit
948 3430 978 3483 et
1005 3422 1120 3483 tertiam
1147 3431 1329 3501 correptam:
1362 3423 1476 3501 primae

184 3525 281 3601 speeie
302 3522 434 3601 perlecta
457 3525 500 3585 avi
521 3524 705 3593 terminatur,
726 3525 830 3586 tertiae
851 3526 893 3593 ui,
917 3532 950 3584 ut
971 3541 1059 3592 servo
1076 3541 1175 3607 serras
1195 3526 1315 3594 serrari,
1339 3542 1395 3584 ruo
1411 3523 1474 3583 ruis
1487 3550 1513 3590 ιι

185 3626 235 3687 nri.
274 3632 380 3686 sente
401 3642 440 3686 uo
460 3627 552 3704 posita
578 3626 695 3687 tertiam
717 3633 885 3705 correptam
904 3627 988 3703 regit,
1011 3643 1065 3685 suo
1079 3626 1142 3685 suis
1154 3627 1209 3694 sui,
1230 3643 1341 3687 consuo
1361 3626 1474 3687 oonsul.

186 3734 285 3788 tante
306 3744 347 3788 uo
375 3727 470 3805 posita
502 3727 627 3806 primam
656 3728 890 3806 coniugationem
919 3730 995 3805 regit
1024 3736 1056 3787 et
1081 3729 1210 3805 speciem
1240 3728 1403 3807 perlectam
1430 3728 1476 3788 ari

186 3828 265 3899 latit,
288 3828 401 3890 lluctrro
420 3829 545 3890 lluctnas
567 3830 713 3891 fluctuari.
758 3849 776 3890 1
800 3850 817 3910 y
838 3848 869 3890 z:
893 3829 946 3891 has
967 3829 1080 3890 litteras
1102 3838 1171 3890 ante
1192 3848 1231 3890 no
1251 3831 1363 3907 positae
1387 3827 1474 3889 rerba

185 3948 288 4009 regere
306 3949 366 3991 uon
389 3932 496 3992 inveni.
531 3931 588 3992 hoc
607 3932 697 3992 morlo
718 3931 944 3993 declinabuntur
963 3934 1061 3993 omnia
1083 3932 1171 3994 rerba
1193 3950 1210 3991 u
1233 3931 1387 3993 terminata
1407 3938 1475 3991 ante

185 4052 246 4095 arn
264 4031 406 4094 habentia
428 4031 542 4107 uocales
563 4033 636 4102 illas,
659 4052 732 4113 quas
753 4035 1031 4111 supramemoravi,
1052 4036 1182 4112 exceptis
1204 4035 1364 4095 deiectius.
1487 4056 1514 4098 rs

264 4134 352 4196 Nunc
373 4134 409 4195 ad
433 4132 559 4214 syllabas
586 4138 811 4196 consonantium
834 4136 993 4197 veniamus.
1038 4155 1113 4216 quae
1142 4144 1337 4198 consonantes
1364 4134 1389 4195 si
1416 4134 1476 4194 sint

185 4246 249 4301 ante
276 4232 467 4299 novissimam
492 4235 619 4299 litteram
637 4256 669 4303 o.
698 4245 749 4297 aut
771 4238 883 4337 primae
904 4239 1117 4326 coniugatiouis
1145 4238 1249 4300 iacieut
1277 4235 1399 4298 rerltum
1425 4244 1476 4295 aut

247 4460 384 4510 inante
400 4473 415 4506 o
434 4455 563 4508 Sacerdos
577 4473 606 4522 p.
624 4458 659 4510 od
683 4459 709 4507 ul
727 4466 785 4509 autc
803 4474 818 4509 o
837 4458 862 4508 B
945 4460 960 4509 7
985 4474 1119 4523 numquam
1138 4474 1185 4509 om.
1204 4459 1243 4515 B.
1268 4458 1330 4508 add.
1347 4455 1478 4507 Sacerdos

179 4542 205 4592 p·
223 4528 258 4582 dd
328 4529 549 4580 emarcescere
567 4531 638 4580 raeiri
657 4528 682 4578 B
741 4527 854 4596 Persius]
877 4539 928 4580 aar.
949 4529 972 4592 l,
993 4528 1026 4579 ut
1078 4528 1206 4580 dcaeues
1223 4530 1249 4636 Bt
1266 4606 1294 4635 na
1318 4526 1351 4578 10
1369 4528 1477 4594 turpiter

1231 4608 1264 4636 ΗΙ

180 4626 296 4702 indam
315 4649 440 4716 incupnri
459 4648 557 4715 primae
577 4649 601 4699 B
670 4649 768 4700 habens
785 4665 831 4701 om.
850 4650 884 4712 B,
903 4651 965 4701 add.
985 4664 1003 4708 ς
1082 4649 1114 4703 13
1132 4649 1187 4701 lore
1205 4649 1259 4701 tort
1274 4647 1317 4716 pol
1333 4649 1359 4698 in
1375 4662 1474 4714 cepres.

180 4723 219 4786 eli.
236 4755 254 4806 g
269 4739 308 4790 B:
328 4739 357 4787 in
376 4736 479 4800 liecpra
496 4735 594 4785 seilicet
612 4737 805 4787 hiudemonmre.
827 4736 928 4789 Terent.
949 4738 1014 4790 Her.
1032 4738 1078 4787 llll
1097 4736 1123 4796 3,
1141 4740 1157 4789 t
1246 4738 1278 4788 15
1303 4733 1377 4801 unxi]
1395 4736 1476 4801 ungui

178 4808 301 4861 Sacerdos
316 4825 345 4874 p.
366 4807 421 4860 67:
447 4819 507 4854 narn
525 4818 612 4872 unguo
629 4806 706 4856 Nisus
724 4810 827 4870 quidem
846 4818 870 4857 et
888 4809 1038 4874 i'apirianus
1065 4815 1091 4857 et
1108 4807 1206 4858 Probus
1230 4816 1281 4857 tam
1300 4807 1382 4872 ungui
1399 4820 1474 4867 quant

179 4882 237 4929 anri
256 4882 346 4932 dieunt
365 4877 457 4928 iacere
475 4878 639 4942 praeteritum
659 4877 916 4941 Priarioaurp.881
985 4879 1020 4928 ‘2⁶2
1038 4892 1118 4927 renuo
1136 4892 1183 4927 om.
1202 4876 1228 4926 B
1291 4877 1387 4926 -rennui
1404 4873 1429 4923 B
