3314 5506
224 356 265 422 26
814 358 925 419 l’liOBl

293 473 410 516 .1uau
423 474 448 516 n.
1318 473 1424 516 ,liunt
1438 472 1461 514 ι.

224 487 401 607 bisptertiae
426 553 494 607 sunt
522 545 732 606 declinationis.
766 563 832 605 narn
865 544 912 605 bis
933 545 1043 604 iaciunt
1072 546 1222 622 genetivo,
1255 484 1442 606 hiepduubis
1467 541 1503 605 ud

225 647 359 716 chrbis
379 647 464 709 huius
482 646 596 707 Anubis
617 647 661 708 rel
682 646 815 738 Veurbis,
838 665 947 707 uonrsn
970 648 1093 708 enitatis
1113 646 1223 708 lectum
1244 648 1275 708 iu
1295 645 1440 714 Sallustio,
1463 645 1503 706 bic

224 749 338 811 scrobis
353 749 441 811 huius
455 748 568 810 scrobis
582 766 692 825 genere
708 748 884 817 masculino;
901 751 945 823 sie
958 749 1079 810 Plautus
1093 742 1313 827 ‘sexagenos
1328 746 1503 809 scrobes'*

223 851 297 912 baec
318 849 451 914 Saetabis
473 851 560 912 bilius
580 850 727 912 Saetabis:
749 850 797 910 bic
820 859 850 911 et
872 851 946 912 baec
967 850 1084 930 inpubis
1102 851 1189 915 buius
1212 850 1345 929 inpubis;
1368 848 1502 926 Vergiiiu

197 955 482 1034 s‘comitemque
503 953 649 1033 inpubis
672 952 769 1014 luli’.
796 955 906 1031 poterit
925 961 955 1012 et
975 952 1093 1033 inpubis
1114 952 1282 1032 inpuberis,
1303 954 1379 1014 sicut
1400 949 1502 1012 Tutin

223 1056 435 1136 ‘liliumque
466 1056 543 1115 eius
573 1053 814 1132 inpuberem’.
857 1053 913 1116 bos
938 1057 1093 1116 terminata
1120 1055 1325 1135 producuntur
1351 1062 1381 1116 et
1408 1054 1502 1115 tertia

223 1168 292 1220 suut
313 1157 524 1220 declinationis.
556 1157 721 1218 visetenim
738 1154 847 1217 iaciunt
864 1157 1006 1234 petrellae,
1028 1157 1076 1217 hic
1099 1157 1216 1218 ethaeo
1234 1155 1289 1217 bos
1312 1156 1398 1218 buius
1414 1155 1502 1217 boiis

222 1260 361 1321 Horatius
383 1261 561 1319 ‘intactas
588 1256 727 1327 boves';
753 1258 798 1319 bis
820 1267 850 1318 et
871 1257 907 1318 ab
928 1258 973 1318 his
996 1258 1106 1327 bobus,
1136 1277 1194 1320 uou
1214 1258 1346 1320 bovibus.
1391 1257 1501 1338 quidun

223 1362 272 1422 bic
290 1360 373 1422 labos
394 1369 423 1422 et
440 1361 514 1421 baec
534 1359 624 1421 arbos
645 1359 873 1430 declinaverunt,
896 1360 949 1420 sed
971 1360 1074 1421 melius
1097 1378 1131 1420 or
1152 1360 1403 1430 terminabuntur,
1427 1358 1501 1420 labor

185 1487 209 1527 n
223 1463 322 1525 arbor.
356 1463 463 1531 Stobos
479 1461 588 1522 lectum
607 1463 636 1521 in
653 1460 799 1533 Sallustio,
823 1480 947 1523 numero
968 1481 1086 1541 semper
1107 1461 1222 1544 plurali,
1244 1463 1273 1522 bi
1290 1461 1381 1530 Stobi,
1403 1480 1501 1522 nomer

223 1567 356 1627 civitatis.
389 1564 502 1636 Erebos
524 1565 668 1626 Graecum
692 1571 744 1635 est,
767 1564 848 1644 quod
866 1567 974 1642 proterit
988 1566 1088 1625 Latine
1105 1563 1220 1625 Erebus
1242 1563 1308 1625 dici.
1338 1562 1395 1623 bns
1414 1564 1500 1624 omnia

222 1667 369 1729 secundae
387 1674 456 1727 suut
478 1666 689 1736 declinationis,
712 1665 743 1727 bi
759 1667 869 1728 iaciunt
891 1669 1033 1745 genetivo,
1057 1666 1176 1727 nimbus
1196 1665 1279 1726 cibus
1301 1664 1395 1736 albus,
1419 1664 1500 1729 nimb

223 1769 279 1831 eibi
302 1756 370 1839 albi,
393 1779 422 1831 et
444 1771 527 1850 siqua
550 1767 627 1829 talia.
776 1836 782 1848 .

307 1873 361 1933 Cas
384 1890 476 1933 unum
496 1872 613 1951 repperi
632 1871 819 1930 terminatum
836 1873 937 1930 tertiae
954 1870 1156 1931 declinationis
1177 1870 1222 1929 dis
1240 1869 1351 1930 iaciens
1365 1871 1499 1947 genetivo

187 1997 210 2037 u
224 1976 314 2035 Arcas
333 1974 463 2034 Arcadis,
509 1992 559 2033 ces
587 1975 684 2033 oninia
710 1972 931 2050 producuntur,
961 1972 1013 2032 sed
1036 1972 1136 2033 batiua
1159 1973 1203 2032 dis
1230 1971 1343 2031 iaciunt
1364 1975 1498 2049 genetivo

222 2077 294 2137 baec
320 2094 435 2136 merces
464 2074 624 2171 mercedis,
656 2077 768 2135 Graeca
796 2075 853 2142 cis,
880 2073 1009 2134 Drances
1032 2074 1166 2144 llranciS,
1196 2072 1240 2133 rel
1266 2075 1316 2141 tis,
1348 2073 1499 2134 llraueetis

223 2180 312 2240 Saces
334 2178 415 2239 Sacis
434 2176 478 2248 rel
497 2176 616 2237 Sacetis.
647 2177 745 2236 cunda
768 2184 864 2235 tamen
886 2170 1097 2255 declilnationis
1117 2177 1227 2237 tertiae.
1263 2176 1304 2236 eis
1321 2177 1425 2236 tertiae
1444 2193 1496 2236 suu

223 2280 440 2341 declinationis:
474 2296 541 2339 narn
570 2279 612 2338 eis
641 2277 749 2338 iaciunt
776 2278 925 2354 gernetivo,
954 2277 1002 2337 hic
1030 2284 1059 2338 et
1079 2276 1152 2338 baec
1174 2278 1268 2338 dulcis
1295 2277 1381 2338 buius
1407 2276 1498 2338 dulcis

222 2382 341 2462 quidam
363 2387 467 2458 putmn
495 2380 567 2440 baec
589 2378 675 2440 calcis
702 2379 811 2441 debere
834 2379 904 2447 dici,
933 2397 992 2439 non
1014 2379 1086 2440 baec
1109 2378 1186 2448 calx,
1214 2380 1265 2440 sed
1289 2388 1397 2440 errant.
1443 2396 1498 2441 nau

183 2485 265 2545 aucis
293 2484 464 2551 terminata,
492 2483 518 2542 si
546 2480 742 2542 nominarint
768 2482 886 2558 generis
911 2483 1091 2553 connnunis,
1117 2483 1230 2543 Graeca
1257 2489 1340 2549 sunt,
1365 2480 1414 2542 bie
1434 2481 1498 2541 Acis

222 2603 330 2645 nomeu
350 2585 429 2644 ilnrii
452 2586 481 2644 iu
504 2582 609 2644 Sicilia.
655 2602 705 2643 cos
730 2567 841 2643 nullum
864 2602 970 2644 nomeu
994 2584 1127 2644 Latinum
1158 2585 1277 2662 repperi
1304 2584 1492 2644 terminatum

221 2687 356 2746 incentor
392 2686 429 2744 sit
453 2687 539 2745 etiarn
574 2684 677 2745 doctor
709 2687 832 2745 rationis
867 2685 1040 2746 declinandi.
1085 2703 1175 2746 orrum
1209 2689 1332 2762 repperi
1363 2687 1497 2746 Graecam

220 2789 370 2849 secundae
391 2786 591 2848 declinationis
610 2788 636 2847 ci
659 2788 767 2848 iaciens
784 2790 927 2866 genetivo,
947 2788 1105 2848 llamascos
1121 2787 1262 2856 Damasci,
1284 2789 1360 2848 sicut
1374 2787 1497 2848 Lucania

221 2891 395 2949 ‘ventura
423 2888 652 2957 Damascos',
691 2907 798 2949 nornen
833 2891 962 2950 civitatis.
1013 2888 1181 2972 cusallbac
1210 2888 1317 2969 syllaba
1355 2891 1497 2949 terminat·

182 2989 380 3052 asmasoulina
421 2991 539 3070 quidem
576 2993 673 3051 omnia
708 2991 854 3052 secundae
885 3000 951 3052 saint
988 2991 1203 3060 declinationis;
1241 3010 1309 3051 nam
1341 2992 1367 3050 ci
1400 2990 1496 3051 saciuu

221 3094 371 3178 geuptiro,
394 3093 512 3152 Marcus
528 3110 631 3152 saccus
657 3111 764 3170 porcus
787 3103 925 3162 truncus,
953 3094 1042 3154 llarci
1065 3095 1148 3172 porci
1174 3096 1251 3154 sacci
1279 3097 1387 3154 traieci.
1432 3093 1496 3152 cxci

220 3194 341 3273 piuntur
362 3195 417 3255 tria
438 3203 560 3273 quartae
578 3193 788 3264 declinationis,
807 3214 894 3255 arcus
909 3194 989 3256 lacus
1010 3215 1095 3258 aetra:
1119 3196 1279 3256 ilenrinutio
1294 3212 1388 3271 gertus
1404 3203 1496 3256 serrat

221 3296 268 3371 bic
288 3296 424 3367 aculeus,
448 3316 506 3356 iton
527 3296 600 3358 llaec
623 3295 733 3356 aculeo.
779 3298 919 3358 ienriuiua
949 3316 1016 3358 vero
1046 3317 1098 3358 cus
1126 3300 1281 3358 terminata
1309 3305 1431 3376 quartae
1458 3316 1493 3357 cn

221 3399 354 3461 lacienlia
390 3401 540 3478 genetivo,
575 3402 650 3462 llaec
679 3417 807 3479 quercus
839 3399 927 3460 huius
955 3417 1099 3479 querum,
1132 3399 1205 3459 baec
1233 3400 1306 3459 neos
1338 3399 1426 3458 buius
1452 3400 1495 3459 bei

181 3512 357 3578 coponium:
380 3502 422 3562 sic
444 3500 581 3562 Martialis

291 3688 303 3736 1
324 3687 366 3736 bie
388 3688 485 3737 durabis
505 3689 543 3737 uel
564 3689 671 3740 Curubis
695 3689 770 3740 buius
786 3691 876 3740 narrabis
903 3689 943 3738 uel
961 3690 1063 3739 curubis
1083 3704 1114 3753 ς’,
1139 3687 1206 3754 qnod
1223 3689 1337 3754 defendit
1352 3687 1494 3740 Kritziusi

220 3756 323 3805 Sallust.
340 3757 397 3806 biri.
414 3759 506 3821 [ratpot.
527 3773 555 3819 p.
572 3759 615 3811 36.
650 3758 758 3809 chrbis
783 3762 823 3808 vel
839 3760 935 3808 Veubis
957 3768 1039 3809 tuetur
1058 3760 1241 3809 Lirnlcmonnua
1263 3763 1328 3811 conl.
1352 3761 1425 3810 Coeo.
1452 3761 1494 3810 oet

220 3827 294 3888 Hirp.
315 3826 329 3874 7
401 3826 417 3874 3
435 3827 522 3874 scrobs
541 3827 616 3876 liuius
635 3829 746 3878 scrobis:
766 3831 802 3877 sic
820 3830 880 3889 alii;
899 3830 945 3878 sed
963 3830 1058 3879 Probus
1076 3831 1258 3879 nominativum
1277 3830 1382 3894 protulit
1397 3831 1494 3880 similer

220 3897 347 3959 genetivo,
367 3896 434 3958 qnod
453 3895 556 3943 Plantas
575 3898 715 3947 masculino
733 3915 826 3961 gernere
844 3899 949 3963 protulit
968 3900 993 3947 in
1009 3899 1193 3963 Amphitrione,
1213 3899 1264 3948 ‘ibi
1284 3901 1386 3948 scrobes
1404 3900 1491 3949 allodii

221 3974 246 4012 tu
270 3965 328 4031 plns
354 3979 496 4029 sexagenos
521 3965 546 4012 in
571 3967 641 4015 dies’
666 3968 814 4016 Priscianus
836 3983 863 4030 p.
885 3968 1004 4031 751:cf.
1024 3970 1059 4017 nl.
1080 3987 1107 4033 p.
1125 3970 1185 4024 657,
1211 3969 1276 4020 Noa.
1298 3986 1326 4035 p.
1345 3971 1405 4032 225,
1425 3971 1450 4019 6.
1484 3986 1494 4019 r

219 4034 324 4084 Plautus
342 4034 377 4082 ait
395 4049 538 4098 sexagenus
556 4037 658 4085 scrobes
680 4035 784 4085 Seruius
799 4039 823 4086 in
843 4037 922 4109 Vera..
945 4053 1032 4102 peorp.
1055 4040 1076 4088 ll
1094 4040 1145 4089 288
1170 4040 1257 4090 Plauti
1272 4041 1349 4089 uerbo
1372 4041 1396 4088 in
1415 4042 1494 4089 nostri

219 4103 344 4153 codicibus
362 4103 548 4165 Anrpbitrooaia
563 4123 611 4155 aon
629 4108 745 4169 leputatur
813 4107 909 4157 ‘illaec
928 4109 1038 4157 Saetabis
1057 4108 1133 4158 lulius
1151 4110 1262 4158 sacrabis
1281 4123 1298 4165 ς
1317 4110 1378 4159 baec
1397 4110 1493 4159 raetabi

220 4173 296 4222 boios
313 4174 423 4224 nectabis
441 4174 467 4223 B
536 4173 650 4242 inpubis]
669 4176 795 4225 Priscian.
813 4192 840 4239 p.
861 4177 911 4227 707
982 4175 1123 4243 Vergilius]
1144 4179 1210 4234 Aen.
1232 4182 1251 4228 V
1268 4181 1319 4232 aaa
1398 4180 1415 4230 b
1435 4182 1493 4245 iupu

220 4277 339 4328 berisicut
356 4277 443 4326 tullius
463 4250 580 4344 iiliudbue
599 4279 644 4331 B:
664 4279 714 4329 Cic.
735 4283 760 4329 in
780 4281 853 4334 Catil.
874 4282 917 4330 llll
934 4282 959 4340 6,
981 4281 1013 4332 13
1101 4283 1116 4330 7
1140 4284 1164 4331 ic
1182 4293 1205 4332 et
1222 4283 1284 4333 baec
1309 4293 1332 4332 et
1351 4282 1399 4332 boc
1419 4284 1493 4334 bosi

219 4358 246 4396 nt
265 4348 306 4396 bic
322 4357 347 4395 et
363 4345 425 4396 baec
445 4349 523 4413 bosp
592 4347 753 4414 Sileratius]
773 4352 847 4413 epod.
866 4350 890 4415 tl,
911 4353 944 4401 22
1005 4351 1045 4400 bis
1062 4352 1175 4416 bobusp
1194 4360 1219 4401 et
1236 4354 1386 4405 Priscianus
1401 4369 1428 4416 p.
1448 4354 1493 4407 iii

219 4419 270 4468 rto
289 4417 330 4466 bis
350 4418 430 4467 bubus
447 4419 472 4467 B
553 4419 585 4471 10
604 4420 690 4470 arbor.
710 4420 765 4469 bes.
784 4420 875 4469 lectum
893 4423 979 4471 srobos
998 4421 1088 4471 lectum
1109 4425 1133 4471 in
1153 4423 1258 4472 salustio
1274 4424 1300 4473 B
1318 4424 1400 4474 arbor.
1422 4423 1493 4474 Tabo

221 4488 311 4536 lectiun
330 4489 409 4536 estin
427 4489 578 4552 sallustiop
647 4490 673 4539 bi
693 4491 758 4539 stobi
777 4490 802 4540 B
820 4491 856 4541 bii
875 4492 988 4553 tubosp
1078 4492 1106 4542 ll
1136 4492 1242 4541 berebns
1260 4494 1286 4543 B
1356 4495 1493 4544 lierebusl

289 4560 322 4607 ‘22
340 4557 495 4609 declinandi.
514 4575 590 4608 utinm
606 4562 707 4625 repperi
720 4575 839 4626 graecum
857 4561 984 4610 secundae
999 4560 1176 4611 declinationis
1194 4562 1323 4612 Paatsclriaar
1341 4563 1493 4614 declinanda

220 4627 441 4680 declinationisB
518 4630 551 4680 23
569 4628 698 4695 Lucanus]
719 4632 839 4681 Plrnraal.
860 4633 893 4680 lll
913 4632 963 4680 215
1048 4633 1178 4680 liltorrnci
1200 4648 1247 4686 ona.
1268 4633 1292 4681 B
1379 4636 1412 4683 27
1432 4650 1493 4686 aeus

220 4697 346 4748 Priscian.
362 4712 389 4759 p.
411 4700 471 4750 bat.
492 4701 564 4750 712:
585 4717 656 4759 acus,
675 4716 756 4764 gertus
774 4715 823 4749 rrou
843 4710 928 4749 serrat
946 4702 1096 4750 diminutivo
1116 4702 1248 4752 Puteolanas
1269 4718 1330 4751 aens
1349 4703 1493 4754 derninutiu

219 4781 300 4830 geritis
326 4782 373 4815 non
395 4779 479 4818 serrat
504 4770 688 4820 Lirralcnaanuuo
773 4771 808 4822 29
831 4769 894 4819 hauc
918 4779 976 4820 urite
997 4787 1104 4834 qumans
1127 4788 1172 4821 nnn
1198 4773 1223 4821 B
1312 4772 1345 4822 30
1372 4773 1493 4824 llartialis

218 4840 299 4902 rplpr.
321 4838 380 4887 165
