3314 5506
555 113 753 195 insulatus
772 113 913 175 ARTIVM
937 113 1103 176 346-357
1417 115 1474 176 tus

233 230 393 283 amun
641 258 644 263 .
1268 231 1424 284 oman

185 319 259 381 quae
278 300 429 362 interdum
452 309 575 380 propter
598 307 690 361 metra
714 298 758 360 vel
779 308 945 362 structuras
974 320 1008 362 er
1032 300 1156 362 ablativo
1180 320 1250 362 casu
1274 302 1392 391 numeri
1415 303 1486 362 sin·.

182 401 325 481 gulariso
344 401 479 464 ultimum
499 411 529 464 et
548 393 644 464 in‘um
662 402 773 463 litteras
795 409 975 472 convertant,
998 409 1031 464 ut
1051 405 1220 482 genetivum
1234 421 1335 465 casum
1358 403 1475 463 numeri

180 504 304 582 pluralis
326 504 470 572 efficiant,
502 512 533 565 ut
556 512 624 583 puta
651 503 689 564 ab
709 504 766 564 lruc
788 504 887 566 [lanan
914 504 1020 566 horum
1041 505 1181 566 Danaum.
1227 505 1278 566 secl
1301 487 1474 584 liaec'quae

178 608 238 666 sint
260 607 380 667 nomina
400 614 429 667 et
448 625 504 684 qua
521 605 534 688 Η
548 607 585 669 ‹le
607 625 694 667 causa
718 626 753 668 cx
776 607 959 685 supradicto
982 626 1052 668 casu
1074 607 1220 668 interilum
1237 614 1358 686 propter
1380 613 1473 667 metra

179 707 224 769 vel
246 717 413 769 structuras
434 727 451 768 o
473 707 607 769 ultimum
631 717 660 769 ct
682 710 710 768 in
731 726 779 768 um
798 706 909 769 litteras
931 716 1110 777 convertant,
1132 717 1164 769 ut
1184 710 1348 786 genetivum
1373 727 1472 770 casum
1500 736 1511 772 ,ι

178 813 300 872 numeri
320 809 441 888 pluralis
463 811 599 879 alliciant,
623 810 680 870 hoc
703 812 732 870 in
753 812 855 871 metris
878 809 923 872 vel
943 813 1098 872 structuris
1120 818 1312 889 conpetenter
1335 810 1472 871 tractabi-

178 932 257 974 mus.
302 915 373 972 itcm
404 914 435 973 in
463 911 519 973 hac
546 930 634 990 supra
661 915 770 992 scripta
800 912 894 973 lurma
922 914 1039 990 generis
1065 912 1234 982 masculini,
1263 932 1320 992 (pua
1347 913 1474 973 diximus

179 1014 312 1083 ablativo
334 1032 404 1076 casu
433 1016 549 1075 irrtmeri
575 1013 732 1093 singularis
760 1015 880 1075 nomina
901 1034 919 1074 o
942 1013 1039 1076 littura
1064 1015 1216 1076 terminari
1246 1022 1275 1074 ot
1297 1015 1474 1075 nominativo
1566 1092 1573 1099 ⁸

180 1135 252 1177 casu
272 1118 389 1177 numeri
412 1114 568 1192 singularis
587 1134 640 1177 aus
660 1115 764 1178 litteris
785 1116 908 1184 ‹lelrniri
931 1117 986 1177 lroc
1006 1134 1170 1187 monemus,
1193 1116 1271 1196 qoou
1295 1135 1329 1176 ex
1353 1135 1387 1177 ea
1409 1115 1473 1195 plu·

181 1219 249 1279 rimi
271 1220 353 1288 soni,
381 1217 438 1278 lroc
461 1225 505 1278 est
527 1216 652 1298 plurima
678 1219 812 1287 nomina,
842 1220 955 1296 possint
982 1211 1134 1279 exlriberi.
1169 1218 1205 1279 dc
1235 1219 1329 1278 torma
1356 1220 1474 1297 generis
1488 1242 1512 1281 io

181 1318 347 1389 masculini,
369 1337 426 1398 qua
442 1319 565 1381 ablativo
584 1337 653 1380 casu
676 1321 792 1380 numeri
810 1319 967 1398 singularis
988 1322 1104 1380 nomina
1125 1320 1252 1381 alittera
1276 1322 1473 1381 terminantur

181 1430 211 1482 et
230 1423 410 1483 nominativo
433 1439 502 1482 casu
526 1424 641 1483 numeri
663 1420 819 1499 singularis
834 1439 887 1481 aus
909 1421 1012 1482 litteris
1027 1422 1214 1490 deliniuntur,
1238 1429 1379 1500 ‹puautum
1397 1423 1471 1483 ratio

182 1522 334 1602 poscebat,
354 1524 552 1585 tractavimus.

267 1625 310 1687 Ite
332 1644 394 1687 eus.
440 1644 643 1706 quaecumque
665 1627 784 1687 nomina
806 1627 923 1704 generis
943 1624 1094 1687 masculini
1116 1625 1241 1685 ablativo
1263 1644 1333 1686 casu
1356 1628 1472 1687 numeri

182 1727 380 1805 singularisu
407 1726 502 1788 littera
530 1729 724 1788 terminantur
750 1733 780 1787 ct
803 1729 979 1789 nominativo
1003 1746 1072 1788 casu
1102 1717 1218 1788 numeri
1237 1727 1393 1805 singularis
1419 1747 1472 1790 eus
1486 1750 1510 1789 rs

182 1828 288 1890 litteris
320 1829 516 1899 deliniuntur,
550 1839 581 1890 ut
611 1837 680 1907 puta
713 1828 750 1889 ab
779 1829 835 1891 huc
857 1827 969 1890 lliuneo
997 1831 1045 1889 hic
1072 1828 1215 1898 lliuneus,
1250 1829 1323 1888 hacc
1352 1829 1388 1888 ad
1415 1828 1472 1889 hoc

184 1930 350 2009 exemplum
373 1929 572 1991 declinantur:
605 1933 720 1991 numeri
749 1931 905 2008 singularis
935 1932 983 1992 hic
1005 1931 1132 1993 llioneus
1161 1931 1249 1991 huius
1270 1929 1372 1991 llionei
1399 1930 1473 1992 lruic

184 2031 292 2093 llioneo
320 2032 401 2093 hunc
423 2031 565 2093 llioneum
588 2052 605 2092 o
628 2032 737 2094 llionce
759 2032 873 2093 abhoc
896 2033 1022 2101 llioneo,
1045 2036 1159 2095 numeri
1179 2030 1302 2112 pluralis
1323 2033 1354 2093 lii
1372 2032 1474 2094 llionei

185 2134 288 2196 horum
309 2133 489 2195 llioneorum
518 2134 566 2194 his
588 2134 705 2195 llioncis
737 2135 792 2195 hos
816 2134 940 2196 llioncos
970 2135 1110 2196 ollionci
1141 2135 1177 2195 ab
1197 2135 1242 2195 his
1261 2133 1386 2196 llioncis.
1431 2137 1472 2195 sic

186 2237 438 2317 etalia‘geuelris
460 2234 613 2297 masculini
635 2237 768 2306 nomina,
798 2256 873 2317 (puae
893 2237 1018 2298 ablativo
1042 2256 1112 2298 casu
1139 2238 1254 2297 numeri
1277 2219 1432 2316 singularis
1455 2257 1511 2298 oro

186 2338 277 2401 littera
302 2339 500 2400 terminantur
521 2346 552 2399 et
573 2338 751 2400 nominativo
774 2358 842 2400 casu
871 2341 986 2401 numeri
1015 2339 1171 2419 singularis
1197 2358 1249 2400 eris
1276 2338 1380 2401 litteris
1402 2339 1473 2400 dell-

185 2443 320 2510 iviuatur,
346 2440 383 2501 ad
408 2439 575 2520 exemplum
597 2440 699 2501 llionei
721 2460 775 2521 per·
797 2459 899 2502 omnes
920 2460 1006 2503 casus
1028 2440 1221 2503 declinantur.
1266 2459 1345 2502 nunc
1368 2441 1397 2500 in
1418 2441 1474 2501 hac

186 2562 270 2619 supra
294 2544 404 2620 scripta
429 2540 522 2603 lorma
547 2544 716 2622 quaeritur,
743 2563 800 2623 qua
826 2543 863 2604 dc
884 2562 971 2604 causa
996 2546 1141 2604 vocativus
1163 2563 1248 2605 casus
1277 2544 1392 2603 numeri
1414 2544 1473 2610 siu·

186 2644 292 2721 girlaris
314 2662 370 2723 per
393 2643 465 2704 duas
484 2663 500 2704 e
520 2643 633 2712 litteras
651 2647 817 2722 reperiatur
838 2645 937 2707 scribi.
974 2646 1030 2706 hac
1052 2647 1203 2715 (lacense,
1228 2649 1364 2727 quoniam
1384 2663 1473 2723 quiae·

187 2765 310 2829 namque
331 2746 452 2806 nomina
474 2747 590 2824 generis
613 2744 766 2808 masculini
789 2746 912 2810 ablativo
935 2767 1003 2809 casu
1024 2748 1139 2810 numeri
1161 2749 1317 2828 singularis
1338 2769 1356 2807 o
1376 2745 1512 2807 littereas

188 2850 380 2912 terminantur
408 2855 437 2909 et
461 2850 637 2909 nominativo
665 2867 734 2910 casu
764 2851 879 2911 numeri
901 2849 1058 2929 singularis
1080 2868 1133 2911 eus
1153 2849 1258 2911 litteris
1284 2850 1472 2918 deliniuntur,

187 2949 253 3013 laea
273 2957 402 3029 exceptu
425 2951 558 3028 genetivo
577 2970 647 3012 casu
671 2954 786 3012 numeri
807 2950 929 3031 pluralis
949 2970 1002 3030 per
1024 2960 1139 3014 ceteros
1161 2971 1246 3012 casus
1267 2952 1330 3030 pari
1349 2969 1473 3011 numero

187 3052 363 3133 syllabarum
397 3050 576 3113 scribuntur.
622 3054 691 3114 item
724 3055 754 3112 iu
782 3053 838 3114 liac
865 3072 954 3132 supra
982 3054 1059 3114 dicta
1095 3054 1189 3114 lornra
1223 3053 1280 3112 lrvvc
1308 3070 1472 3120 monemus,

188 3155 259 3234 quod
283 3155 345 3216 sint
367 3151 464 3233 aliqua
487 3154 620 3224 uomina,
648 3174 724 3235 quae
748 3156 896 3216 interdum
918 3163 1041 3234 propter
1066 3165 1159 3217 irretra
1183 3154 1227 3216 vel
1251 3163 1415 3216 structuras
1437 3173 1472 3214 ex

189 3255 308 3319 abblivn
336 3273 407 3316 casu
436 3257 551 3315 numeri
578 3255 737 3332 singularis
761 3278 779 3317 o
803 3257 938 3318 ultimum
966 3265 996 3319 et
1022 3259 1052 3318 in
1075 3276 1124 3317 ιιιιι
1150 3256 1261 3318 litteras
1288 3263 1470 3323 convertant,
1487 3275 1512 3314 so

190 3365 217 3417 ut
233 3354 412 3440 genetilvum
434 3374 533 3418 casum
556 3360 673 3419 numeri
695 3357 816 3439 pluralis
839 3361 975 3429 elliciant,
999 3367 1121 3439 utputa
1144 3360 1180 3421 ab
1203 3358 1261 3419 lroc
1283 3358 1339 3420 loo
1364 3359 1472 3418 horum

192 3457 280 3520 teum
326 3458 379 3519 secl
402 3457 474 3519 haec
500 3478 576 3539 quae
596 3459 654 3521 sint
678 3462 797 3521 uomina
827 3469 856 3521 et
877 3481 934 3542 qua
957 3462 993 3523 oe
1017 3480 1102 3523 causa
1132 3480 1167 3522 ex
1190 3479 1279 3539 supra
1302 3460 1378 3521 dicto
1404 3478 1472 3520 casu

192 3559 333 3622 murnum
355 3568 479 3639 propter
504 3569 600 3622 metra
622 3561 667 3623 vel
694 3571 860 3625 structuras
882 3585 899 3625 o
922 3564 1059 3625 ultimum
1087 3572 1116 3622 ct
1139 3564 1166 3622 in
1190 3582 1239 3623 uva
1262 3563 1375 3623 litteras
1402 3581 1474 3622 con·

194 3671 307 3726 rulant.
332 3670 364 3724 ut
385 3664 550 3740 genetivum
573 3682 673 3725 casum
701 3668 818 3726 numeri
846 3666 967 3752 pluralis
995 3667 1137 3735 efficiant,
1166 3665 1223 3725 lroc
1251 3665 1281 3724 in
1304 3666 1408 3726 metris
1430 3664 1474 3725 vol

197 3766 343 3826 smaorts
364 3772 557 3844 conpetenter
580 3766 780 3828 tractabimus.
977 3775 988 3794 ⁹
1488 3776 1513 3816 ³⁵

269 3867 342 3928 item
375 3868 404 3926 in
429 3866 487 3945 pac
519 3869 740 3949 suprascripta
774 3871 868 3930 lorma
893 3871 958 3948 ⁴hoc
979 3888 1150 3938 coronemus,
1181 3870 1261 3950 ‹prrod
1292 3869 1349 3929 hoc
1383 3887 1474 3929 unum

201 3981 292 4030 umen
321 3977 446 4057 propter
466 3969 610 4030 rationem
638 3988 780 4032 sonorum
807 3974 986 4034 nominativo
1014 3972 1109 4033 dativo
1136 3973 1267 4032 vocativo
1296 3981 1326 4033 et
1350 3970 1475 4032 ablativo

203 4083 257 4130 taso
276 4073 393 4133 numeri
413 4068 535 4148 pluralis
555 4073 598 4131 sic
620 4073 754 4135 anomale
777 4073 884 4135 debeat
903 4073 1051 4143 declinari,
1073 4074 1103 4133 iil
1124 4081 1168 4134 est
1190 4072 1272 4134 deus.
1307 4074 1376 4134 lacit
1397 4074 1474 4133 enim

203 4164 274 4232 hidii
291 4172 338 4234 his
359 4171 416 4233 diis
438 4192 455 4233 o
475 4172 514 4234 dii
536 4182 566 4234 el
588 4173 625 4235 ab
642 4174 688 4235 his
703 4176 766 4237 uiis.
797 4194 876 4237 nunc
896 4196 953 4257 qua
974 4176 1011 4236 tle
1035 4193 1122 4237 causa
1145 4175 1203 4235 hoc
1222 4193 1311 4255 supra
1332 4175 1474 4253 scriptum

214 4437 218 4449 ι
242 4377 271 4435 ,o
286 4377 451 4426 tractabimus
467 4393 481 4426 r
500 4379 663 4429 tractauimus
678 4380 727 4431 aa
796 4381 864 4431 ilex
882 4396 911 4429 ou
930 4395 979 4429 non
998 4395 1028 4430 en
1047 4379 1151 4445 plurimi
1171 4381 1227 4429 anui
1246 4379 1295 4431 hoc
1313 4389 1351 4428 est
1369 4396 1400 4428 eo
1420 4380 1475 4445 plu-

205 4448 401 4497 ttnanomiaau
488 4445 520 4498 18
546 4449 686 4517 ollionee]
714 4452 840 4501 Priscian.
855 4467 883 4515 p.
903 4450 954 4502 738
1041 4448 1075 4500 32
1100 4449 1225 4500 sedhoec
1243 4450 1408 4500 Bsedctll

206 4507 384 4567 ilcouvertaat
399 4533 415 4565 r
433 4507 585 4568 conuertunt
602 4519 652 4570 RB
748 4520 782 4573 35
797 4523 961 4572 tractabimus
977 4537 992 4569 r
1010 4521 1174 4571 tractauimus
1191 4519 1239 4570 RB
1337 4520 1370 4572 37
1389 4521 1475 4570 dativo

207 4586 300 4638 ltrcativo
316 4602 363 4639 am.
382 4587 413 4649 R,
436 4587 497 4636 add.
515 4587 554 4636 Br
