3314 5506
512 405 516 409 ·
573 375 623 437 DE
646 372 792 436 NOMINE
815 371 1010 433 nxcnnn'rt
1034 374 1160 434 56-77
1455 376 1515 435 215

1304 502 1325 540 p.
1341 489 1422 529 ncta
1439 490 1463 529 l‘.

236 571 299 619 nunc
320 562 412 623 Gaius
433 580 449 623 c
469 561 566 624 littera
594 568 705 621 servata
736 568 866 620 veterum
895 560 1109 620 cousuetudine
1136 559 1285 620 scribitur.
1332 561 1382 620 sed
1413 569 1514 638 postea

239 655 478 725 indiscretionem
503 681 523 740 g
548 662 662 723 litterae
686 679 775 739 apex,
804 664 853 740 qui
875 679 981 722 sonum
1005 663 1189 740 liguramque
1218 668 1349 731 notaret,
1379 664 1514 721 inventus

241 765 284 828 hl,
311 782 368 842 quo
397 765 498 826 addito
526 764 633 826 melius
660 765 689 823 in
714 781 819 824 sonum
853 764 931 823 vocis
958 762 1065 824 borum
1096 766 1247 825 nominum
1276 763 1379 841 regula
1406 782 1513 824 souare

245 867 412 943 conspicitur.

308 967 513 1046 Quaecumque
532 968 652 1028 nomina
673 966 834 1028 masculina
868 965 975 1046 plurali
999 985 1123 1028 numero
1146 968 1224 1045 apud
1247 969 1378 1029 Graecos
1400 969 1429 1027 iu
1452 990 1513 1047 ρων
1539 999 1552 1036 5

243 1063 360 1140 syllabam
382 1075 499 1137 exeunt,
524 1068 598 1129 haec
620 1069 760 1130 translata
782 1071 811 1128 in
835 1069 969 1129 Latinum
993 1090 1035 1127 ων
1058 1072 1086 1128 iu
1110 1088 1158 1129 um
1183 1076 1305 1130 mutant.
1339 1087 1399 1129 non
1421 1073 1514 1148 magis

237 1179 261 1223 ⁸0
278 1187 361 1246 mam
382 1169 547 1232 litterarum
576 1188 733 1231 numerum
761 1171 910 1231 custodire
933 1171 1083 1238 videntur,
1112 1178 1144 1230 ut
1171 1178 1215 1231 est
1231 1163 1380 1248 Ἑκτόρων
1404 1167 1514 1231 Νεστό-

231 1284 297 1342 ρων,
316 1271 379 1333 lacit
399 1271 561 1332 lleclorum
583 1272 750 1334 Nestorntn.
795 1273 836 1331 sic
860 1289 931 1346 crgo
956 1281 985 1331 et
1007 1266 1196 1348 τορευμᾶτων
1215 1264 1389 1348 ποιημάτων
1408 1270 1513 1350 ἐμβλη·

222 1363 323 1435 μίτον
345 1391 398 1432 nos
425 1381 506 1434 recte
529 1380 726 1434 toreumatum
749 1380 918 1452 poematum
942 1372 1053 1455 emblet}
1061 1381 1171 1434 matum
1200 1374 1336 1435 dicimus.
1381 1374 1513 1435 similiter

218 1464 242 1526 ¹⁹⁰
271 1476 405 1548 genetivo
433 1493 552 1554 qnoque
579 1474 720 1552 singulari
745 1477 890 1537 Graecum
915 1496 931 1532 o
958 1476 987 1534 iu
1010 1474 1143 1535 Latinam
1164 1477 1172 1534 i
1195 1474 1324 1558 litteram
1352 1484 1510 1545 mutamus,
1529 1503 1552 1544 ro

214 1576 240 1625 ΙΙΙ
262 1567 451 1654 ἕμβὶήματος
471 1575 559 1637 huius
573 1576 765 1647 emblematis,
788 1570 959 1654 κηρώματος
982 1578 1148 1646 ceromatis,
1171 1570 1335 1655 ποιήματος
1358 1580 1511 1657 poematis,

209 1661 368 1751 δήγματος
386 1680 539 1757 pegmatis.

300 1778 380 1858 Apes
408 1780 526 1858 generis
555 1787 599 1840 est
620 1779 790 1850 masculini,
821 1783 960 1858 quoniam
988 1779 1096 1858 plurali
1118 1800 1243 1842 numero
1270 1782 1337 1849 bos,
1369 1800 1429 1842 non
1457 1781 1510 1841 bas

202 1868 315 1940 dl’isscs
338 1881 471 1943 dicimus
514 1881 567 1942 sed
589 1900 656 1942 cum
679 1880 859 1960 singularem
882 1900 1040 1942 numerum
1059 1889 1153 1951 sonat,
1176 1883 1301 1944 alicuius
1319 1885 1363 1945 rei
1384 1902 1508 1944 acumen

199 1964 374 2073 §suinae
404 1991 437 2043 ut
456 1983 631 2044 ‘sundere
659 1982 781 2044 lumen
808 1988 935 2061 apex';
967 2001 1033 2044 cum
1056 2003 1126 2045 rero
1154 1984 1314 2063 pluralem,
1344 1984 1507 2046 litterarum
1524 2010 1548 2048 rs

197 2067 324 2143 indicat
344 2102 470 2154 nomen,
494 2087 578 2146 cuius
600 2084 708 2146 locutio
732 2087 760 2146 in
784 2085 995 2147 cousuetudine
1019 2092 1077 2154 est,
1108 2087 1227 2162 quando
1248 2087 1371 2147 dicimus
1397 2087 1510 2147 divinos

194 2169 311 2241 'lices
335 2195 365 2248 et
385 2187 584 2266 significamus
605 2186 726 2248 litteras.
1140 2256 1143 2261 ,

289 2284 371 2350 Cum
403 2290 502 2350 omnia
530 2291 647 2349 nomina
675 2290 808 2365 genetivo
837 2287 979 2365 singulari
1004 2288 1113 2369 syllaba
1143 2298 1278 2350 crescant
1308 2298 1359 2351 aut
1385 2299 1509 2368 aequata

190 2380 395 2452 ¹¹⁰¹uiuanvo
419 2391 608 2459 conveniant,
632 2398 728 2451 nmen
753 2391 884 2470 luppiter
907 2397 936 2451 et
960 2390 1090 2451 calamus
1113 2393 1142 2450 in
1165 2394 1299 2470 genetivo
1323 2393 1508 2452 decrescunt.

186 2464 262 2580 ¹³?st
293 2493 381 2553 euim
405 2491 494 2553 buius
516 2492 591 2553 loris
609 2499 639 2552 et
660 2493 747 2553 buius
768 2511 878 2553 cannae
907 2500 1029 2571 propter
1049 2494 1261 2571 cacenphaton.
1306 2495 1356 2556 sed
1384 2494 1456 2556 haec
1479 2500 1508 2555 et
1521 2520 1547 2560 uo

184 2563 241 2632 ³¹¹⁸
266 2592 419 2654 anomala
440 2591 636 2672 appellantur,
657 2595 685 2655 id
709 2602 753 2654 est
775 2614 850 2674 quae
872 2612 927 2672 per
949 2612 1036 2654 casus
1058 2594 1207 2655 deliciunt.

284 2689 422 2757 Nomina
446 2704 544 2773 aptota
567 2695 738 2768 masculina,
762 2697 790 2756 id
812 2703 856 2757 est
874 2714 949 2774 quac
972 2714 1026 2773 per
1049 2715 1153 2757 omnes
1175 2716 1269 2766 casus,
1294 2707 1352 2758 tarn
1376 2697 1504 2774 siugula-

180 2783 232 2832 [Β
258 2807 369 2867 *luam
393 2796 532 2875 plurales,
554 2795 688 2858 similiter
708 2805 855 2875 aptantur,
880 2806 911 2857 ut
928 2816 1055 2877 nequam
1078 2816 1172 2876 nugas
1195 2800 1262 2860 tabo
1284 2801 1361 2877 lrugi
1379 2799 1471 2859 nihili.

287 2895 420 2960 Nomina
444 2899 584 2961 arborum
614 2901 731 2977 generis
761 2899 929 2967 masculini,
958 2908 990 2959 ut
1018 2899 1144 2960 oleaster
1171 2910 1199 2960 et
1228 2900 1336 2969 nialus,
1367 2900 1418 2961 sed
1446 2920 1505 2961 uon

177 2973 298 3053 ”bssr
324 3003 413 3069 ilaris
438 3012 467 3061 et
489 3001 666 3081 cyparissus.
1519 3026 1544 3066 as

289 3099 412 3163 l‘eritus
433 3103 506 3163 iuris
526 3103 649 3172 dicitur;
672 3104 775 3163 Cicero
800 3111 896 3163 tamen
920 3102 1171 3164 iureconsultum
1194 3103 1273 3163 dixit.

288 3204 440 3265 Chremes
463 3202 594 3282 regulam
617 3202 820 3265 declinationis
844 3203 989 3283 triplicem
1011 3204 1108 3274 babet,
1132 3224 1219 3266 unam
1243 3213 1274 3264 ut
1295 3205 1342 3264 bic
1365 3205 1507 3266 Chremes

178 3272 298 3392 buius
322 3306 474 3375 Chremes,
494 3305 579 3367 aliam
599 3315 631 3367 ut
653 3306 701 3366 bic
723 3307 864 3368 Chremes
886 3306 973 3365 buius
994 3306 1167 3376 Chremetis,
1188 3309 1257 3367 item
1283 3305 1379 3375 aliam,
1404 3315 1435 3366 ut
1456 3307 1505 3367 bic

179 3373 353 3469 “tremes
373 3407 462 3469 buius
481 3407 623 3469 Chromis.

293 3507 437 3590 [Generis
465 3509 610 3589 deminici]
647 3512 765 3570 nomina
793 3510 912 3587 generis
936 3508 1069 3569 leminini
1091 3528 1125 3569 us
1149 3507 1255 3569 litteris
1277 3511 1448 3577 toruriuata,
1473 3519 1542 3572 uteo

183 3575 314 3671 venus
334 3631 408 3673 anns
431 3611 548 3681 humus,

297 3712 431 3781 Nomina,
453 3731 528 3792 quae
551 3714 580 3773 in
604 3721 648 3775 tas
669 3712 782 3774 litteras
800 3723 917 3781 exeunt,
943 3721 974 3773 ut
996 3714 1089 3791 pietas
1110 3715 1215 3783 veritas
1233 3714 1366 3791 aequitas
1388 3712 1506 3773 liorritas

184 3779 350 3900 [elicitam
377 3817 446 3876 item
470 3816 500 3875 in
521 3822 583 3883 tus,
607 3824 640 3875 ut
660 3817 751 3875 virtus
770 3823 897 3893 myrtus;
929 3823 979 3877 aut
1001 3817 1029 3876 in
1052 3835 1083 3885 e,
1103 3823 1136 3874 ut
1157 3815 1255 3876 llanae
1276 3815 1398 3894 [laplrne
1415 3806 1505 3875 ⁴Circe

186 3878 300 3972 nffsse
319 3916 411 3984 llere:
438 3919 537 3977 autin
560 3935 621 3985 cus,
645 3925 676 3977 nt
697 3937 768 3978 acus
789 3935 917 3997 quercus
934 3919 1008 3978 sicus
1030 3919 1129 3985 incus;
1157 3919 1258 3977 autin
1280 3936 1343 3996 nys,
1365 3925 1394 3977 et
1414 3919 1504 3978 Grae-

185 3997 271 4108 ⁰¹¹f¹¹
303 4029 352 4086 est,
374 4027 406 4079 ut
420 4018 561 4098 Erinnys;
585 4026 635 4079 aut
655 4018 865 4098 monosyllaba,
889 4027 921 4079 ut
941 4038 1009 4099 spes
1033 4039 1080 4081 res
1101 4038 1195 4097 grus„
1212 4021 1280 4080 item
1303 4018 1503 4099 monosyllaba
1518 4037 1544 4076 as

185 4098 309 4178 ³⁰th
330 4121 475 4188 carentia,
496 4140 571 4199 quae
592 4140 610 4180 x
632 4119 728 4181 littera
749 4122 960 4189 terminantur,
984 4129 1016 4181 nt
1038 4121 1100 4182 calx
1126 4141 1198 4182 crux
1219 4123 1266 4182 sax
1289 4119 1345 4180 lalx
1366 4119 1431 4180 laen
1453 4119 1503 4180 lux

185 4197 260 4263 '¹¹¹¹
297 4237 349 4298 pax
371 4240 442 4291 vox,
473 4238 549 4299 quae
577 4220 731 4283 observata
754 4220 874 4282 ultimae
893 4222 1008 4285 litterae
1035 4231 1118 4301 parte
1142 4226 1255 4284 Graeco
1285 4222 1342 4283 ritu
1370 4223 1504 4299 genetivo

186 4468 202 4498 ι
229 4470 236 4480 ,
265 4420 298 4495 ,1
316 4424 437 4492 veterum]
452 4440 540 4475 nerum
559 4426 584 4474 B
647 4427 777 4475 2notcret
794 4425 836 4477 B:
855 4422 910 4492 ‘cpi
929 4434 938 4473 t
955 4431 1035 4488 priato
1051 4435 1168 4489 punctura
1183 4427 1349 4490 aubamiptum
1366 4434 1392 4474 et
1410 4427 1504 4489 signum

192 4475 315 4568 ssffieu'
329 4510 421 4560 crepero
436 4503 541 4545 accentu
559 4505 633 4546 acuto
655 4497 737 4546 iuncto
759 4498 838 4546 simile
859 4498 1009 4558 iarpositwu,
1029 4499 1151 4558 fortassis
1169 4499 1245 4546 uoluit
1266 4501 1389 4545 mutaret’
1420 4495 1505 4545 editor

189 4551 415 4644 mfflodoaensia
520 4567 536 4616 5
560 4565 739 4630 Quaecumque
757 4594 785 4600 —
811 4567 840 4615 12
865 4569 992 4632 pegmatis
1011 4568 1109 4616 Choria.
1129 4582 1156 4629 p.
1175 4566 1209 4616 38
1314 4567 1331 4615 o
1352 4578 1393 4611 ων
1413 4564 1438 4611 iu
1460 4581 1501 4612 criu

218 4615 311 4679 “lim
331 4634 461 4686 Charinus
489 4636 597 4696 itrorr.
618 4637 643 4683 in
663 4634 720 4698 um)
740 4636 880 4684 mutantB
982 4637 999 4686 8
1022 4652 1162 4687 noeriorum
1190 4637 1213 4686 B
1323 4635 1351 4683 to
1375 4641 1503 4683 mritaurus

186 4730 229 4786 23
290 4703 342 4753 ''ua
366 4713 482 4753 notamus
500 4705 526 4754 B
633 4704 661 4754 ll
683 4705 860 4755 urieuarocB
967 4706 998 4755 15
1019 4705 1135 4769 lundene]
1160 4708 1238 4772 Verp.
1261 4708 1324 4755 Aen.
1346 4701 1432 4752 11683

184 4811 225 4858 st
249 4757 355 4836 Cicero]
373 4775 408 4837 cs,
426 4774 526 4825 coare.
544 4790 572 4837 p.
587 4776 622 4824 62
691 4774 726 4825 ’28
742 4774 818 4823 buius
836 4772 967 4839 Chremes]
983 4777 1097 4838 sortasse
1115 4776 1190 4824 buius
1210 4775 1320 4834 Chremi,
1338 4788 1403 4838 quoe
1416 4773 1502 4833 [ormo

225 4829 318 4890 *elici
332 4851 369 4894 eat
386 4846 410 4894 ia
427 4847 557 4907 excerptis
573 4845 740 4910 prummoticia
757 4847 806 4894 uol.
824 4844 833 4892 l
850 4861 878 4908 p.
896 4844 956 4906 art,
975 4845 1009 4896 38
1079 4846 1112 4897 34
1132 4847 1205 4894 iucus
1224 4862 1239 4895 u
1257 4858 1336 4895 encus
1354 4841 1380 4890 B
