3346 5506
533 370 749 454 'lhsrltv'la
766 392 908 454 tantvm
930 390 1098 455 act-219
1430 390 1468 454 81

246 507 384 553 .mmn
1009 539 1015 553 .
1260 506 1421 563 amma

199 523 318 661 cadolane
336 580 383 641 sie
401 580 448 641 uti
468 596 558 658 supra
573 578 737 647 docuimus,
758 579 837 658 quod
859 596 1062 659 quaecumque
1080 580 1200 639 nomina
1223 581 1341 657 generis
1356 596 1471 641 mascu-

198 680 235 741 ini
255 683 420 743 accusativo
449 698 522 742 casu
549 681 666 742 numeri
694 680 850 758 singularis
879 699 917 741 au
945 678 1051 741 litteris
1083 680 1278 753 deliniuntur,
1311 681 1385 743 haec
1416 690 1472 761 per

198 790 289 845 caeos
309 800 399 845 casus
419 781 457 843 ad
479 781 606 843 formam
623 782 740 843 Aeneae
760 782 953 844 declinantur.
997 784 1066 844 item
1089 784 1249 863 quaeritur,
1273 782 1311 844 ab
1333 801 1369 844 eo
1391 781 1471 862 quod

198 885 252 945 dixit
268 884 415 964 Vergilius
444 894 450 906 ’

786 998 1014 1065 segnemque
1035 986 1230 1049 Menoeten

199 1096 219 1149 et
786 1087 873 1165 iugc
894 1106 995 1160 saxa,
1017 1088 1185 1149 llenoete

198 1189 225 1249 ad
240 1206 321 1268 quarn
340 1188 468 1249 lormam
489 1194 625 1265 oporteat
642 1187 791 1249 declinare
814 1190 979 1251 llenoeten.
1012 1193 1113 1269 utique
1135 1191 1171 1251 ad
1187 1189 1340 1257 Anchisae,
1362 1187 1474 1249 seilicet

199 1292 337 1369 quoniam,
358 1292 403 1351 sic
420 1292 464 1350 uti
483 1308 572 1368 supra
595 1289 763 1359 docuimus,
787 1292 865 1370 quod
888 1310 1091 1371 quaecumque
1115 1293 1233 1357 nomina
1261 1291 1379 1369 generis
1396 1290 1473 1349 nias-

199 1390 271 1452 rolini
295 1394 462 1453 accusativo
485 1409 554 1451 casu
582 1393 699 1452 numeri
717 1393 873 1471 singularia
896 1412 932 1455 en
954 1392 1060 1455 litteris
1085 1395 1265 1456 deliniuntur
1293 1400 1322 1454 ct
1344 1392 1474 1453 vocativo

199 1510 253 1554 osu
278 1496 394 1555 numeri
420 1492 580 1573 singularis
607 1510 624 1554 e
650 1492 745 1555 littera
771 1497 982 1565 terminantur,
1013 1495 1087 1557 haec
1114 1497 1151 1557 ad
1180 1496 1306 1556 iormam
1328 1492 1474 1555 Anchisae
1488 1516 1512 1557 ro

199 1612 240 1673 per
260 1604 373 1657 ceteros
393 1613 480 1656 casus
501 1595 694 1657 declinantur.
739 1596 809 1657 item
832 1599 994 1674 quaeritur,
1018 1598 1055 1659 ah
1078 1618 1113 1659 eo
1135 1598 1213 1678 quod
1236 1598 1309 1659 dixit
1329 1596 1475 1673 Vergilius

331 1699 399 1759 iam
418 1696 575 1758 validam
594 1696 730 1758 Ilionei
753 1715 892 1768 navem,
916 1700 985 1759 iarn
1008 1700 1120 1761 fortis
1141 1699 1303 1761 Achatae
1322 1695 1328 1781 Ι

200 1796 323 1860 ahhtirus
344 1816 432 1860 casus
458 1800 576 1860 numeri
595 1796 753 1875 singularis
780 1818 838 1879 qua
864 1800 959 1862 littera
990 1800 1096 1863 debeat
1121 1802 1283 1863 terminari.
1328 1801 1430 1878 utique
1447 1818 1474 1869 a,

200 1900 289 1962 scilicet
304 1902 454 1981 quoniam,
477 1902 521 1962 sic
537 1901 578 1959 uti
594 1916 685 1977 supra
702 1899 865 1973 docuimus,
888 1920 1094 1981 quaecumque
1114 1904 1233 1963 nomina
1254 1903 1388 1979 genetiuo
1404 1919 1474 1977 casu

202 2004 297 2063 numeri
317 2001 476 2081 singularis
498 2021 533 2063 ae
551 2000 655 2063 litteris
677 2001 872 2075 deliniuntur,
900 2004 974 2065 llaec
995 2003 1121 2066 ablativo
1143 2022 1212 2065 casu
1234 2005 1352 2065 numeri
1373 2004 1473 2079 singu·
1488 2024 1512 2066 rs
1546 2048 1549 2055 .

204 2101 292 2165 larisa
314 2104 410 2167 littera
430 2106 636 2165 terminantur.
681 2105 749 2165 item
771 2108 932 2186 quaeritur,
955 2105 992 2167 ah
1015 2124 1050 2167 eo
1073 2106 1151 2186 quod
1175 2106 1247 2166 dixit
1267 2104 1413 2184 Vergilius

586 2204 779 2285 quisliiam
800 2205 922 2277 locus,
945 2208 1083 2287 inquit,
1105 2207 1244 2270 Achate

204 2306 325 2387 adquam
347 2308 474 2369 iormam
498 2305 636 2368 declinari
659 2316 801 2386 oporteat.
845 2310 947 2389 utique
969 2310 1005 2370 ad
1023 2310 1181 2382 Anchisae,
1203 2308 1316 2371 scilicet
1336 2307 1474 2387 quoniam

206 2422 388 2492 quaecumque
414 2411 533 2471 nomina
561 2410 679 2487 generis
705 2409 858 2471 masculini
885 2413 1016 2471 vocativo
1044 2430 1114 2473 casu
1140 2413 1257 2473 numeri
1281 2408 1475 2489 singularisc

205 2507 495 2595 ittera-terminantur
515 2518 544 2571 et
563 2514 697 2589 genetivo
714 2530 785 2573 casu
804 2513 920 2573 numeri
935 2511 1091 2591 singularis
1112 2533 1147 2575 ae
1165 2513 1270 2574 litteris
1284 2512 1473 2584 dcllniuntur,
1487 2532 1513 2571 so

205 2608 261 2673 haec
290 2632 343 2693 por
369 2620 485 2675 ceteros
512 2630 598 2673 casus
630 2612 666 2673 ad
700 2614 826 2674 sormam
853 2613 998 2675 Anchisae
1030 2615 1224 2676 declinantur.
1270 2633 1328 2695 qua
1361 2614 1474 2675 ratione

205 2711 264 2776 idem
284 2714 425 2793 Vergilius
447 2715 506 2775 hoc
526 2716 621 2795 ipsum
645 2714 843 2776 corroborans
860 2724 1038 2795 prosecutus
1061 2724 1115 2788 est,
1137 2717 1238 2778 dicens

331 2816 505 2895 rapidum
528 2815 572 2877 ad
594 2817 701 2877 navis
721 2819 936 2897 praemittit
956 2818 1136 2889 Achatem

204 2914 291 2979 scilicet
310 2920 460 2998 quoniam,
483 2919 525 2979 sic
548 2920 589 2979 uti
611 2936 702 2998 supra
724 2920 903 2988 monuimus,
928 2920 1005 2998 quod
1027 2938 1232 3000 quaecumque
1249 2920 1368 2979 nomina
1384 2935 1473 2997 gene·

203 3016 245 3077 liro
263 3038 331 3081 casu
351 3022 469 3081 numeri
490 3018 647 3099 singularis
668 3040 702 3082 ae
724 3020 828 3081 litteris
855 3021 1034 3082 deliniuntur
1062 3030 1091 3081 et
1113 3023 1243 3082 vocativo
1261 3039 1331 3082 casu
1355 3020 1471 3081 numeri
1486 3038 1512 3079 rs

202 3119 338 3199 doguhrts
361 3142 378 3185 e
400 3121 498 3183 littera
519 3124 724 3193 terminantur,
747 3123 821 3184 haec
843 3125 1008 3184 accusativo
1030 3142 1099 3185 casu
1123 3126 1240 3184 numeri
1262 3120 1418 3200 singularis
1437 3139 1474 3181 en

201 3214 284 3284 litteris
302 3225 485 3286 deliniuntur
507 3233 536 3285 et
556 3243 610 3303 per
630 3232 746 3287 ceteros
767 3244 854 3287 casus
875 3226 911 3287 ad
931 3228 1056 3287 sormam
1078 3216 1223 3286 Anchisae
1244 3223 1437 3286 declinantur.

265 3326 306 3389 Ile
323 3326 451 3388 ahlativo
473 3344 541 3388 casu
561 3329 677 3388 numeri
698 3326 868 3405 singularis,
894 3330 944 3407 qm
969 3348 1004 3388 ox
1025 3344 1136 3404 genere
1157 3325 1319 3386 masculino
1340 3344 1357 3384 a
1378 3324 1473 3386 littera

198 3430 365 3499 lerninatur,
388 3435 530 3508 quantum
550 3428 625 3489 ratio
647 3428 796 3507 poscebat,
820 3432 1017 3491 tractavimus.

263 3530 305 3594 lle
329 3548 441 3611 genere
473 3530 623 3591 feminino.
669 3532 800 3592 leminini
827 3533 945 3609 generis
973 3532 1109 3597 nomina,
1145 3547 1221 3607 quae
1251 3527 1375 3589 ablativo
1403 3545 1513 3587 casum

194 3634 294 3695 mmeri
315 3630 477 3709 singularis
497 3650 514 3693 a
535 3631 631 3693 littera
653 3634 863 3703 terminantur,
885 3633 959 3694 haec
980 3632 1159 3693 nominativo
1181 3648 1250 3692 casu
1280 3632 1396 3691 numeri
1415 3630 1473 3689 sin-

192 3732 288 3809 niara
306 3732 423 3796 duabus
445 3733 490 3795 his
511 3735 614 3795 formis
635 3735 815 3797 definiuntur
836 3741 994 3807 tantuma
1018 3743 1047 3795 et
1066 3735 1102 3794 ia.

261 3837 305 3899 lle
325 3854 352 3897 a.
397 3854 601 3916 quaecumque
634 3838 753 3897 nomina
785 3840 902 3916 generis
933 3836 1065 3898 seminini
1098 3833 1223 3896 ahlatiro
1258 3852 1327 3895 casu
1359 3833 1475 3893 numeri

190 3938 335 4019 hamalaris
363 3958 380 3999 a
409 3937 505 3999 littera
533 3940 730 4000 terminantur
764 3947 793 4001 et
821 3939 999 3999 nominativo
1025 3956 1095 3999 casu
1125 3938 1243 3997 numeri
1271 3933 1428 4013 singularis
1458 3952 1474 3994 a

190 4036 273 4103 littera
296 4040 489 4109 definiuntur,
511 4048 633 4119 utputa
657 4040 694 4100 ah
716 4040 773 4101 hac
792 4041 898 4101 misera
922 4042 994 4101 hacc
1016 4043 1131 4108 misera,
1153 4039 1226 4100 haec
1245 4026 1282 4098 ad
1302 4037 1357 4096 hoc
1375 4053 1474 4097 exom-
1488 4054 1513 4095 ss

190 4140 480 4218 numdectinaotur:
509 4143 625 4203 numeri
644 4142 802 4221 singularis
820 4142 894 4204 haec
917 4143 1024 4203 misera
1046 4142 1133 4201 huius
1154 4141 1279 4200 miserae
1300 4137 1370 4198 huic
1388 4138 1475 4197 misc·

189 4259 229 4307 ne
254 4245 333 4307 hanc
352 4244 494 4305 mucram
521 4240 664 4306 omisere
692 4243 730 4305 ab
752 4243 809 4305 hac
829 4245 951 4314 misera,
979 4244 1095 4305 numeri
1121 4239 1244 4322 pluralis
1270 4240 1327 4301 hae
1350 4241 1475 4300 miserae

245 4449 349 4513 lquod
367 4464 416 4503 ortt.
435 4464 464 4507 u,
482 4448 586 4502 addid
672 4446 876 4515 daegnemque]
896 4448 978 4514 Vero.
996 4446 1064 4498 Aen.
1083 4448 1107 4493 V
1128 4446 1176 4497 tta
1260 4440 1368 4507 dirige]
1394 4444 1474 4508 Vero.

190 4520 243 4571 Aea.
262 4520 283 4569 V
304 4520 357 4571 tud
446 4520 462 4569 7
487 4520 520 4567 ad
536 4516 656 4569 anchisae
673 4518 700 4569 B
721 4520 755 4569 ad
773 4518 936 4571 anchisenll
1025 4517 1056 4569 ll
1078 4511 1220 4581 Vergilius]
1241 4514 1307 4566 :lem
1329 4512 1406 4563 1120

190 4588 216 4639 tt
226 4590 353 4639 ahlatiuua
364 4602 443 4639 meas
460 4588 484 4639 lt
500 4587 614 4638 ablatluo
626 4601 689 4637 caeru
705 4584 733 4639 B
796 4590 828 4639 14
842 4588 979 4639 docuimus
997 4586 1023 4637 B
1040 4584 1221 4635 monuimualt
1274 4582 1306 4633 th
1324 4582 1390 4631 dixit
1408 4582 1475 4632 idom

187 4658 302 4727 uergllius
320 4660 365 4711 B:
383 4658 455 4709 idem
471 4672 518 4709 em.
535 4658 570 4709 R.
587 4658 655 4709 Aca.
675 4656 755 4711 ttae
811 4656 845 4711 17
863 4658 922 4723 qnia
938 4658 964 4709 R
981 4656 1026 4719 qul
1041 4654 1070 4707 B
1120 4654 1153 4707 21
1174 4654 1283 4704 lormam
1302 4652 1326 4701 ll
1343 4666 1433 4701 sonum
1453 4652 1477 4701 B

245 4732 278 4781 ²²
295 4728 469 4781 corroborans
482 4726 506 4779 ll
521 4740 585 4795 pom
597 4724 767 4791 concliorum
777 4726 805 4781 B
821 4740 898 4772 mm
909 4722 1079 4779 ῶπώοηιιι
1095 4738 1112 4775 a
1165 4724 1255 4775 dicem
1269 4738 1316 4774 om.
1329 4722 1361 4785 n,
1377 4722 1438 4771 add.
1452 4721 1477 4770 B

187 4862 193 4875 Ι
219 4794 431 4919 Βῖδιτκιῗιάιιιι]
456 4798 534 4865 Vem.
554 4790 737 4869 mitta·
766 4796 813 4904 ᾖ]
977 4792 1247 4871 Ιίνιὶιιτᾱὶιιιιιηι·
1264 4792 1289 4843 li
1365 4790 1400 4842 32
1419 4806 1433 4839 a
1451 4800 1476 4839 et

186 4878 208 4915 tt
256 4882 272 4919 e
298 4883 314 4920 a
769 4878 784 4897 ··
1096 4892 1099 4897 -

230 4974 397 5017 amaruan.
412 4970 488 5015 aar.
503 4972 582 5017 ura..
1251 4948 1272 5010 d
