3314 5506
260 390 322 455 570
671 388 718 452 DE
740 387 978 452 intonantuvs
998 389 1143 453 CASVVM

260 574 429 655 χαροποιω
451 569 564 653 αὐτόν,
588 576 763 656 congredior
786 584 882 639 tonum
897 573 1079 657 συμβάλλω
1101 591 1167 657 σοι,
1189 577 1319 659 confligo
1338 587 1429 644 ίοοοω
1445 593 1506 662 σιμ·

261 674 427 757 πλίκομυί
458 692 529 757 σοι,
562 672 711 759 μάχομαί
736 691 789 739 σοι
796 722 806 757 ,
835 679 967 741 abstineo
994 698 1042 740 me
1071 677 1222 760 pulmento
1250 674 1407 762 άπίχομαι
1432 676 1506 757 ὅροι,

260 779 354 841 fretus
375 798 441 841 sum
463 782 627 860 patrocinio
650 790 699 843 tuo
720 779 841 862 θαρρῶ
861 780 903 862 τῇ
924 781 1111 864 συνηγορίᾳ
1131 797 1206 862 σου,
1230 782 1321 845 ardeo
1342 802 1434 846 amora
1449 781 1508 866 γλί-

199 934 202 939 .
261 901 360 961 γομαι
392 883 439 965 τῷ
471 881 585 962 ἔρωτι,
622 883 751 944 nouando
785 885 911 944 amicum
944 882 1163 964 pulchritudine
1198 879 1338 963 ἐρεθίζω
1369 880 1510 968 ἐκκύοτχλ

236 975 378 1044 σκύλλει
394 977 464 1044 ’τὸν
492 984 609 1065 φίλον,
638 1002 693 1044 uro
719 983 802 1046 iilum
831 982 967 1065 suburbia
997 1003 1062 1046 mea
1090 984 1189 1060 κνίζω
1212 981 1351 1068 ἐρεθίζω
1370 981 1426 1048 τδν
1441 984 1510 1049 iun

261 1085 303 1166 τῇ
323 1077 556 1169 ὑπερηφανίᾳ,
585 1085 677 1148 laetor
699 1105 751 1167 spe
773 1104 839 1148 moa
862 1074 994 1159 εὔελπίς
1016 1084 1098 1166 είμι,
1117 1086 1221 1148 'laetor
1242 1087 1319 1149 festo
1339 1089 1385 1150 die
1404 1081 1510 1169 ἅμιλλα

261 1206 321 1266 μαι
354 1181 408 1248 ἐπὶ
440 1187 481 1268 τῇ
516 1183 629 1268 ἑορτῇ,
657 1187 759 1248 imbuo
791 1186 899 1250 malum
932 1187 1016 1250 malis
1044 1183 1172 1268 ἐμποιεῖ
1197 1182 1258 1250 τὸν
1285 1183 1389 1252 κακὸν
1416 1197 1512 1267 κακοίς,

263 1289 400 1369 agredior
428 1291 542 1351 civitate
571 1287 672 1369 ἔξειμι
700 1289 755 1368 τῆς
784 1286 928 1369 πόλεως,
958 1290 1116 1370 degredios
1143 1298 1244 1352 monte
1271 1285 1514 1372 παραπορούομω

263 1385 300 1452 τὸ
322 1384 417 1469 ὄρος,
441 1386 570 1471 κάτειμι
593 1390 653 1451 τοῦ
674 1384 790 1472 ὅρους,
819 1409 919 1472 pugno
946 1410 1013 1453 oum
1036 1390 1171 1453 hostibus
1192 1389 1418 1474 συμπλέκομαι
1436 1388 1515 1472 μάχο-

178 1503 191 1524 ·
225 1503 250 1546 ¹⁰
263 1513 322 1572 μαι
343 1500 412 1564 τοῖς
433 1491 613 1572 πολεμίοις,
636 1499 792 1554 contentus
814 1512 877 1554 sum
895 1512 953 1555 uuo
976 1512 1096 1555 nummo
1119 1483 1285 1573 ἀρκοῦμαι
1304 1492 1443 1575 βραχέσι,
1462 1490 1515 1554 ίκι-

264 1586 326 1656 νύν
346 1594 406 1674 μοί
425 1590 518 1656 ἐστιν
540 1591 577 1654 ἓν
599 1587 774 1674 ἀργύριον,
798 1582 845 1666 εἷς
866 1588 985 1674 ὀβολὸς
1006 1589 1201 1676 ἀρκούντως
1223 1592 1303 1675 ἔχει,
1332 1595 1407 1657 orbo
1422 1613 1515 1657 monus

264 1697 333 1758 sinte
355 1691 529 1776 ἀποστερῶ
550 1695 608 1775 τῆς
629 1692 755 1776 φίρνης
774 1689 848 1776 ἤτοι
871 1690 1008 1776 προικὸς
1036 1690 1098 1775 τήν
1119 1703 1281 1775 γυναῖκα,
1305 1699 1471 1759 οοιοιούοοι
1487 1704 1516 1757 λε

265 1818 330 1860 susm
354 1796 535 1877 κοινοῦμαί
560 1811 630 1874 σοι,
660 1794 857 1878 διαλέγομαί
881 1812 951 1876 σοι,
981 1797 1072 1859 λαλοῖ
1094 1810 1165 1876 σοι,
1189 1789 1294 1877 ὁμιλεῖ
1314 1810 1383 1877 σοι,
1404 1797 1517 1860 ἰοῑιτδίω

265 1903 493 1978 ignominiosum
517 1901 580 1960 iuro
603 1893 801 1979 ἀπαγορεύω
816 1897 863 1984 τῷ
884 1895 990 1982 ἀτίμῳ
1011 1899 1070 1979 τῆς
1091 1893 1226 1978 ἀγορᾶς,
1250 1895 1369 1961 κωλύω
1390 1896 1444 1961 τδν
1461 1894 1518 1959 ἀδο-

227 2012 251 2054 15
265 2000 324 2076 ξον
346 2009 559 2081 συνηγορεῖν,
584 2001 657 2062 cado
680 2004 855 2080 cogitatione
878 1995 1058 2081 ἁμαρτάνω
1080 2000 1137 2080 τῆς
1158 1999 1302 2080 βουλῆς,
1326 1996 1463 2064 ἐκπίπτω
1479 2000 1520 2080 τῆς

266 2097 497 2182 ἐνθυμήσεως,
538 2103 611 2164 ουδο
649 2105 737 2164 animi
772 2114 915 2181 conceptu
949 2092 1187 2182 ἀλλοτριοῦμαι
1219 2102 1282 2163 τοῦ
1319 2099 1520 2184 ἐνθυμήματος

263 2199 336 2286 ἤτοι
358 2204 418 2264 τού
441 2201 623 2284 ἐνθυμίου,
647 2204 744 2266 exulto
767 2206 885 2265 victoria
909 2204 1012 2284 χαίρω
1035 2200 1160 2283 σκιρτῶ
1188 2198 1243 2266 ἐπὶ
1265 2202 1308 2286 τῇ
1327 2205 1417 2287 νίκῃ,
1438 2220 1520 2285 soporo

266 2318 294 2366 te
317 2308 383 2367 vino
406 2306 539 2386 κοιμίζω
561 2320 600 2366 σε
621 2306 668 2389 τῷ
690 2309 785 2389 otoo),
808 2298 983 2368 ύπνοποιοί
1004 2319 1042 2367 σε
1065 2308 1157 2389 uiuo),
1180 2305 1294 2384 gaudeo
1318 2306 1449 2368 felicitate
1466 2304 1520 2385 χαί·

267 2427 314 2486 ρω
342 2408 383 2488 τῇ
411 2400 524 2488 ἀγαθῇ
550 2403 648 2489 τύχῃ,
677 2402 800 2488 ἄγαμαι
829 2408 870 2489 τῇ
898 2402 1047 2491 εὐτυχίᾳ,
1075 2408 1160 2468 iruon
1189 2408 1333 2470 industria
1363 2407 1522 2488 καρποῦμαι

228 2532 254 2573 ιο
267 2503 328 2589 τὴν
356 2504 525 2589 σπουδήν,
554 2528 627 2589 opus
655 2519 700 2570 est
727 2512 799 2572 unibi
828 2510 884 2571 hac
912 2528 944 2571 ne
979 2505 1094 2589 δέομαι
1122 2503 1229 2591 χρῄζω
1257 2509 1319 2571 τοῦ
1351 2505 1521 2590 πράγματος,

266 2631 337 2672 vano
359 2610 460 2673 militia
484 2604 631 2691 εύκαιρω
652 2607 798 2692 σχολάζω
821 2612 863 2694 τῇ
884 2611 1032 2693 στρατιᾷ.

351 2714 392 2774 De
421 2716 554 2791 genetivo
582 2723 615 2774 et
638 2715 732 2776 dativo
766 2732 845 2775 casu.
889 2712 992 2775 similis
1019 2731 1082 2773 sum
1111 2712 1163 2774 tibi
1191 2713 1286 2774 ionma
1316 2708 1456 2794 ἐμφερής
1478 2707 1526 2789 είμί

267 2827 320 2876 σοι
343 2809 426 2876 κατὰ
454 2808 516 2896 τήν
545 2809 639 2895 ὄψιν,
668 2815 770 2878 similis
799 2834 863 2877 sum
892 2816 933 2876 tui
962 2814 1095 2876 moribus
1117 2809 1210 2875 ἕοικά
1232 2827 1287 2875 σοι
1313 2822 1382 2887 τοῖς
1408 2810 1525 2896 ἐμαυτοῦ

266 2913 417 2997 τρόποις;
442 2918 533 2979 avoiio
556 2921 620 2979 seni
642 2927 671 2978 et
693 2920 771 2979 senis
794 2935 910 2978 caseum
935 2928 963 2977 et
984 2934 1083 2980 casam
1103 2909 1314 2998 ἀφαιροῦμαι
1335 2911 1394 2978 τὸν
1413 2913 1526 2996 γέροντι

229 3019 328 3084 astos]
350 3019 455 3100 τυροῦ
480 3011 503 3100 ἢ
531 3020 588 3099 τῆς
610 3019 732 3092 οἰκίας,
756 3021 919 3080 discrucior
942 3019 1030 3078 animi
1053 3011 1137 3078 κατά
1158 3012 1271 3099 ψυχὴν
1294 3016 1447 3100 [loevam]
1466 3010 1526 3095 ιρύ

268 3141 366 3201 χομαι
389 3131 417 3182 et
440 3125 538 3183 auimo
562 3122 719 3184 obcnueiou
742 3120 950 3202 τιμωρούμαι
972 3113 1034 3199 τήν
1056 3116 1179 3199 ψυχήν,
1202 3118 1277 3181 vallo
1299 3123 1410 3182 iuuenis
1429 3117 1526 3181 barban

158 3232 162 3243 “
267 3213 408 3284 ἀνασπῶ
430 3223 530 3285 τίλλω
558 3223 620 3284 τού
640 3221 720 3285 νέου
742 3218 802 3303 τήν
823 3219 927 3302 γε’νυν
953 3215 1025 3301 ἤτοι
1051 3216 1109 3280 τὸν
1136 3216 1282 3299 πώγωνα
1311 3233 1342 3282 ot
1362 3221 1433 3283 vello
1451 3219 1527 3281 iuveni

269 3325 389 3386 barbanu
422 3325 523 3387 τίλλω
556 3325 617 3386 τοῦ
649 3320 729 3387 νέον
763 3319 821 3385 τὸν
849 3319 1010 3402 πώγωνα,
1039 3323 1142 3401 frango
1170 3325 1246 3383 sessi
1274 3332 1363 3402 caput
1384 3317 1528 3383 anassiaco

268 3427 329 3488 τού
349 3423 558 3507 θεράποντος
580 3423 641 3507 τήν
663 3421 815 3507 κεφαλήν
846 3435 875 3487 et
897 3426 1001 3504 frango
1023 3442 1107 3485 servo
1128 3432 1216 3504 caput
1231 3424 1373 3485 συνθλω
1387 3420 1528 3501 συντρίβει

230 3529 330 3595 αυτοῦ
358 3525 484 3590 δούλου
512 3523 550 3589 τό
578 3529 735 3607 κρανίον,
762 3545 781 3581 a
816 3546 921 3607 rumpo
950 3546 1034 3586 servo
1064 3534 1151 3604 caput
1179 3519 1293 3604 ῥήσσω
1320 3525 1382 3587 τοῦ
1400 3521 1529 3605 μαστιγία

268 3625 330 3711 τήν
359 3627 528 3711 κεφαλήν,
557 3632 654 3694 studio
682 3631 736 3692 tibi
767 3630 822 3691 ieci
851 3624 1027 3703 σπουδάζω
1056 3641 1125 3706 σοι,
1154 3636 1253 3689 metuo
1283 3627 1336 3689 tibi
1363 3623 1486 3690 δέδοικα
1502 3636 1530 3684 σε

270 3728 363 3794 δέδια
386 3727 462 3813 περὶ
484 3733 557 3810 σού,
582 3742 679 3794 metuo
702 3731 756 3793 tibi
779 3733 835 3793 ieci
858 3726 992 3791 δέδοικα
1016 3724 1091 3809 περὶ
1114 3728 1188 3807 σού,
1211 3729 1307 3791 fidens
1329 3750 1395 3793 sum
1415 3728 1529 3791 auimiet

269 3837 367 3896 auimo
393 3831 513 3915 θαρρῶ
540 3835 581 3916 τῇ
609 3834 700 3916 ψυχῇ
726 3853 802 3913 μου.
848 3842 878 3893 et
909 3834 992 3911 siqua
1021 3833 1146 3892 inveniri
1174 3841 1299 3910 possunt
1328 3827 1529 3913 [assistam

271 3929 479 4016 εὑρίσκοιντο
503 3934 627 4016 Saeuo}
651 3939 693 3998 sio
716 3938 879 4013 figurantur
902 3926 1039 4015 [ὁμοίως
1058 3923 1081 4013 ἢ
1103 3926 1208 4005 οὕτως
1229 3931 1475 4013 σχηματίζειαι]

232 4061 256 4103 so
355 4040 480 4099 Genitivi
509 4048 537 4099 ot
565 4039 681 4099 ablativi
709 4057 793 4099 casus
821 4035 970 4118 [γενικῆς
992 4028 1048 4095 καὶ
1070 4030 1204 4114 δοτικῆς
1225 4031 1412 4117 πτύσεως];
1445 4028 1529 4110 imple

271 4138 427 4201 saccellum
456 4143 569 4218 argenti
597 4149 626 4202 et
654 4148 776 4219 argento
810 4133 926 4218 πληρω
951 4136 1045 4218 γομω
1077 4126 1245 4216 ἀργυρίου
1273 4131 1312 4198 τὸ
1343 4131 1529 4218 βαλλάντιον,

342 4327 493 4392 loouiligor
511 4328 535 4376 P
551 4330 659 4395 eouiiigo
679 4341 759 4381 tecum
778 4326 907 4377 Charisius
925 4326 984 4389 295,
1007 4323 1041 4374 23
1059 4325 1192 4375 Diomedes
1209 4322 1270 4389 316,
1289 4328 1301 4377 i
1374 4329 1390 4377 2
1409 4317 1531 4374 assues?

340 4398 531 4448 nasamonas
549 4401 573 4448 Ρ
642 4392 793 4466 Ἱέμποιῶ]
815 4411 883 4446 nonu
903 4396 928 4444 Ρ
998 4395 1030 4445 10
1051 4409 1261 4447 annunciamus
1279 4396 1305 4445 P
1374 4395 1405 4447 lb
1421 4401 1530 4443 sannaus

272 4468 355 4518 uasP
427 4467 455 4518 17
473 4482 550 4534 sopor
568 4478 592 4518 te
614 4470 638 4517 Ρ
707 4469 739 4520 19
760 4466 929 4518 sanonuauP
997 4463 1030 4513 21
1050 4464 1172 4514 uacuoP
1242 4467 1278 4515 22
1295 4475 1414 4529 uuonuuc
1434 4477 1470 4514 cos
1490 4469 1529 4510 uu

272 4551 313 4589 οοι
331 4553 479 4589 aanunonus
500 4552 539 4589 οοι
558 4540 648 4588 similis
663 4555 718 4588 sum
738 4538 791 4587 suis
811 4538 924 4586 moribus
942 4547 1014 4584 nouas
1029 4549 1086 4585 τοιο
1103 4534 1126 4583 Ρ
1194 4537 1227 4584 24
1244 4533 1344 4602 cusum]
1363 4549 1456 4586 οιοειω
1472 4533 1493 4582 Ρ

272 4610 305 4658 ‘25
324 4609 446 4659 discutior
465 4609 502 4659 P:
519 4609 552 4670 cf.
571 4611 682 4663 Dionea.
702 4608 763 4671 318,
777 4610 810 4658 25
879 4604 913 4656 30
931 4606 1053 4668 lacunam,
1073 4619 1122 4670 qua
1140 4607 1250 4669 genetivi
1266 4621 1343 4656 susus
1361 4607 1486 4671 τωαιμίι·
1499 4611 1530 4648 (ἒ

271 4679 341 4740 cidit,
360 4680 468 4731 indicaui
537 4677 567 4728 31
583 4677 678 4745 studio]
699 4688 819 4741 εοιτοιρία
837 4677 931 4728 codicis
948 4676 1077 4737 scriptura
1089 4677 1126 4724 sic
1142 4675 1242 4726 videtur
1255 4677 1413 4727 εποιιάοπδο
1427 4688 1483 4732 esse,
1496 4680 1530 4742 ⁵¹²1

272 4749 360 4799 diosus
378 4751 412 4798 tui
433 4764 488 4797 sum
510 4757 534 4797 et
559 4748 604 4796 tibi
622 4742 770 4810 σπουδάζω
788 4761 849 4809 σοι,
869 4756 982 4794 metuens
997 4745 1033 4793 tui
1055 4745 1102 4794 ieci
1118 4737 1240 4795 δὲδοικά
1260 4760 1305 4807 σε,
1325 4758 1437 4797 metuens
1449 4741 1487 4793 ubi
1500 4737 1531 4788 iffi

273 4811 391 4869 δέδοικα
410 4815 545 4879 nantoani
564 4811 647 4866 δέδια
664 4813 729 4878 περὶ
747 4814 799 4868 σού
849 4816 881 4866 33
900 4812 967 4881 μου]
991 4829 1041 4865 unu
1061 4816 1086 4864 Ρ
1128 4813 1162 4865 35
1181 4813 1294 4866 Genitiui
1314 4827 1340 4867 et
1359 4802 1533 4868 antistamus?

342 4888 375 4941 36
393 4887 513 4939 sacellum
532 4887 556 4935 Ρ
571 4886 698 4935 saccutum
719 4885 850 4936 Charisius
862 4885 922 4949 295,
940 4883 975 4935 34
