3346 5506
225 367 285 429 aaa
798 363 940 446 [eueni]

292 482 430 524 ‚tamara
1343 480 1468 525 .u.vau.

226 553 239 612 l
247 495 367 613 espsis'.
388 549 392 634 l
412 554 575 614 accusativo
594 551 768 612 trochaeum
788 553 908 630 recipit,
930 552 1026 613 dativo
1043 547 1057 635 ΙΙ
1071 557 1102 612 ct
1121 549 1247 613 ablativo
1267 493 1445 632 spoddium,
1468 553 1516 614 tali

226 661 256 715 et
276 653 363 733 quali.
407 652 515 732 plurali
534 671 660 715 numero
680 655 876 715 nominativus
897 653 1062 715 masculino
1080 661 1109 715 et
1133 653 1274 715 feminino
1296 671 1409 733 genere
1429 670 1517 733 spon·

226 755 305 816 dium
334 755 452 833 recipit,
484 763 590 816 neutro
619 754 781 835 dactylum,
814 762 847 816 ut
873 753 985 816 ‘talia
1015 772 1083 834 per
1113 755 1278 817 Latium'
1312 763 1342 818 et
1374 755 1517 835 ‘qualia

225 855 337 916 nrulta
363 857 454 916 arari
482 861 644 917 nautae’.
690 855 872 918 accusativus
899 854 1054 917 masculini
1087 862 1118 917 et
1151 856 1252 918 leuvini
1279 857 1400 935 generis
1430 874 1518 937 spou-

199 956 306 1024 sdium
327 956 425 1026 habet,
450 965 483 1018 ut
504 956 570 1017 talis
591 963 620 1017 et
641 956 749 1038 qualis;
772 958 865 1018 ceteri
885 975 987 1019 ontncs
1007 956 1155 1038 dactylum
1176 958 1333 1036 recipiunt
1446 1032 1452 1043 .

310 1059 383 1121 item
403 1061 501 1120 minus
519 1077 606 1138 quam
635 1059 733 1120 finitae
761 1058 907 1137 qualitatis
932 1059 1108 1136 pronomina
1130 1059 1208 1120 isca
1230 1058 1275 1120 id:
1304 1056 1471 1121 masculino
1490 1067 1520 1121 et

226 1169 332 1221 neutro
360 1177 472 1238 genere
499 1161 694 1222 nominativus
721 1158 881 1236 singularis
909 1157 1030 1221 brevem
1059 1159 1201 1241 syllabam
1225 1161 1346 1240 recipit,
1379 1158 1517 1223 lominica

226 1270 365 1341 utrasque
387 1262 494 1323 brevis.
538 1264 690 1338 genetivus
714 1263 846 1322 omnium
874 1261 1048 1323 trochaeum
1070 1261 1163 1340 capit,
1197 1263 1275 1331 eius;
1304 1261 1421 1324 (latinas
1447 1264 1518 1325 iam

227 1362 307 1431 bum,
331 1364 373 1432 ei;
396 1365 579 1425 accusativus
601 1363 793 1443 pyrrichium,
816 1381 884 1425 eum
906 1361 952 1425 vel
973 1381 1055 1433 eam;
1077 1361 1220 1424 ablativus
1240 1363 1389 1434 iambum,
1412 1363 1452 1427 ab
1472 1382 1516 1427 eo

190 1491 214 1530 ro
227 1466 296 1526 item
318 1463 470 1542 pluraliter
491 1466 668 1526 nominativo
690 1483 760 1526 casu
781 1464 944 1526 masculino
965 1464 1086 1545 quidem
1106 1481 1215 1542 genere
1235 1450 1389 1544 longeest
1413 1472 1445 1529 et
1461 1484 1518 1528 una

120 1615 123 1619 ,
226 1568 260 1626 lit
276 1565 385 1645 syllaba
407 1567 444 1629 de
466 1565 580 1628 duabus
603 1565 764 1637 vocalibus,
786 1574 819 1627 ut
839 1566 874 1627 ii:
897 1584 1008 1646 genere
1030 1566 1171 1628 feminino
1193 1565 1323 1629 iambum
1344 1569 1467 1649 recipit,
1487 1575 1520 1629 ut

227 1687 293 1737 eac,
312 1677 418 1728 neutro
439 1668 636 1748 pyrrichium;
668 1670 820 1746 genetivus
845 1686 931 1729 casus
956 1669 986 1727 in
1005 1667 1144 1729 omnibus
1163 1666 1323 1746 generibus
1350 1668 1518 1749 amphibra-

228 1769 330 1849 chym;
366 1771 548 1831 accusativus
577 1768 739 1831 masculino
771 1776 801 1831 et
830 1770 972 1832 feminino
1001 1768 1148 1841 iambum,
1180 1776 1288 1832 neutro
1319 1770 1518 1853 pyrrichium

228 1872 342 1932 dativus
363 1878 393 1933 et
412 1871 555 1933 ablativus
574 1870 713 1933 iambum.

190 1997 215 2038 ra
311 1974 386 2035 ltem
408 1976 583 2053 pronomina
605 1975 687 2034 linita
708 1974 762 2035 iste
784 1975 837 2034 ista
857 1974 950 2036 istud:
982 1974 1179 2036 nominativus
1200 1972 1360 2052 singularis
1386 1975 1520 2037 omnium

227 2093 370 2153 generum
391 2077 578 2137 novissimam
600 2074 719 2137 brevem
744 2077 855 2155 recipit.
900 2076 1053 2153 genetivus
1071 2073 1276 2154 paliubacchio
1296 2084 1415 2140 constat
1430 2080 1521 2139 iuter·

228 2161 307 2246 vlunt,
330 2178 370 2238 ita
393 2185 425 2238 ut
443 2178 539 2238 media
560 2177 647 2254 longa
666 2179 712 2247 sit,
734 2179 833 2246 istius;
856 2177 1004 2239 interdum
1027 2176 1159 2258 dactylus
1181 2179 1251 2257 poni
1271 2184 1383 2258 potest,
1407 2185 1441 2241 ut
1459 2197 1520 2242 me·

228 2277 274 2339 dia
297 2277 408 2358 syllaba
432 2280 625 2357 corripiatur,
660 2287 693 2339 ut
726 2278 851 2341 ‘illius
880 2283 994 2340 avam’
1017 2286 1047 2341 ct
1075 2281 1214 2360 ‘ipsius
1245 2286 1330 2342 ante
1357 2279 1521 2342 oculos'.

228 2380 341 2441 dativus
363 2380 520 2459 spondium
541 2379 638 2453 habet,
661 2383 846 2443 accusativus
866 2382 1049 2450 trochaeum,
1073 2380 1216 2444 ablativus
1236 2381 1407 2459 spondium.
1450 2384 1523 2444 item

190 2507 216 2547 ιι
229 2480 350 2559 pluralis
373 2483 566 2543 nominativus
579 2482 734 2544 masculini
749 2490 779 2543 et
793 2484 927 2544 seminini
939 2483 1045 2560 recipit
1066 2483 1233 2560 spondium,
1257 2490 1366 2545 neutro
1383 2483 1523 2547 trochae-

227 2601 294 2652 um;
317 2584 466 2660 genetivus
488 2583 741 2663 paliubaccbium:
764 2586 948 2647 accusativus
969 2585 1148 2646 nominativo
1169 2587 1328 2649 consentit:
1359 2586 1475 2649 dativus
1494 2594 1525 2649 et

228 2684 371 2747 ablativus
392 2687 518 2765 spondio
540 2695 663 2748 constat.

311 2787 384 2848 ltem
420 2790 594 2865 pronomina
627 2789 792 2868 possessiva
820 2794 923 2849 noster
954 2795 1067 2858 vester,
1102 2796 1204 2850 nostra
1236 2796 1349 2861 vestra,
1383 2801 1522 2855 nostrum

228 2896 371 2949 vestrum:
394 2890 589 2951 nominativus
610 2889 767 2968 singularis
789 2889 898 2968 ubique
921 2891 1095 2953 trochaeum
1117 2891 1232 2969 recipit,
1255 2893 1407 2968 genetivus
1430 2911 1522 2971 spou-

191 3014 216 3053 ιι
230 2992 320 3061 elium,
338 2991 450 3052 dativus
466 2992 602 3060 eundem,
620 2993 801 3052 accusativus
815 2991 998 3062 trochaeum,
1016 2990 1159 3053 ablativus
1173 2991 1338 3070 spondium.
1366 2993 1523 3072 pluraliter

227 3092 390 3153 masculino
413 3100 443 3154 ct
466 3094 605 3154 lcuurrino
628 3111 737 3171 genere
766 3095 962 3154 nominativus
985 3094 1143 3171 spondium
1165 3092 1270 3162 habet,
1296 3101 1403 3155 neutro
1425 3095 1524 3157 trihus

228 3193 345 3254 casibus
364 3194 509 3256 similibus
526 3195 709 3264 trochaeum,
730 3196 882 3274 genetivus
898 3195 1146 3276 paliubaccbium,
1170 3196 1355 3257 accusativus
1369 3199 1524 3279 ceterique

227 3296 393 3374 spondium.

312 3398 384 3459 ltem
418 3401 535 3479 triptota
567 3400 741 3476 pronomina
771 3399 828 3460 sibi
851 3418 883 3461 se
911 3418 991 3461 ase.
1037 3399 1094 3460 sibi
1125 3416 1290 3478 pronomen
1323 3400 1420 3462 dativo
1451 3421 1522 3464 casu

189 3527 213 3566 :n
229 3508 354 3581 utroque
376 3518 500 3563 numero
524 3501 694 3581 frequenter
715 3501 829 3562 duabus
851 3501 991 3563 brevibus
1012 3508 1134 3570 constat,
1159 3510 1191 3562 ut
1206 3498 1219 3585 ll
1234 3501 1323 3564 ‘hoc
1342 3502 1416 3564 sibi
1438 3503 1523 3583 pul·

228 3605 316 3665 chra
337 3607 471 3672 suum’;
494 3603 642 3663 interdum
663 3624 698 3664 cx
721 3603 803 3664 brevi
823 3611 851 3665 ct
874 3603 970 3683 longa,
994 3603 1278 3684 quemadmodum
1300 3611 1346 3665 est
1365 3605 1437 3666 mihi
1459 3606 1522 3675 tibi,

229 3724 355 3784 «pavorum
378 3707 414 3767 de
437 3711 540 3765 uatuva
563 3707 784 3783 supradictum
807 3714 860 3775 cst,
884 3712 917 3766 ut
935 3704 1039 3766 Calvus
1058 3706 1088 3765 iu
1110 3704 1143 3765 lo

380 3824 480 3867 meus
502 3825 580 3867 mea
602 3808 684 3868 dira
706 3807 781 3869 sibi
803 3809 1028 3887 praedicens
1048 3809 1168 3868 omnia
1191 3826 1356 3869 vaecors.
1376 3805 1382 3891 1

228 3928 259 3969 se
280 3919 376 3970 autem
399 3916 427 3969 et
450 3928 465 3968 a
487 3926 518 3969 se
540 3917 665 3988 utroque
688 3910 757 3970 item
780 3928 906 3972 numero
930 3907 1038 3989 syllaba
1061 3907 1149 3988 longa
1172 3917 1297 3971 constat.

189 4028 214 4066 ss
312 4011 384 4071 ltcm
408 4011 581 4089 pronomina
604 4015 771 4086 possessivo
791 4032 863 4075 suus
885 4030 935 4073 sua
957 4030 1043 4073 suum
1066 4013 1242 4072 nominativo
1261 4008 1404 4088 singulari
1426 4014 1521 4093 pyrri·

229 4111 327 4172 clrium
347 4114 510 4192 recipiunt,
542 4121 570 4173 et
591 4121 696 4174 areutro
719 4133 828 4192 genere
850 4135 869 4177 u
890 4115 987 4175 littera
1009 4114 1190 4192 geminatur,
1212 4131 1250 4175 ue
1268 4115 1306 4174 sit
1327 4111 1467 4183 verbum,
1490 4121 1522 4175 ut

229 4213 521 4293 ‘auguriumque
542 4216 676 4276 suum':
698 4219 833 4294 genetivo
856 4218 951 4278 dativo
973 4219 1034 4277 sive
1048 4215 1173 4277 ablativo
1191 4213 1331 4283 iambum,
1353 4217 1521 4277 accusativo

229 4316 420 4393 pyrrichium.
465 4318 534 4379 item
562 4316 716 4395 pluraliter
748 4322 944 4381 nominativus
970 4317 1133 4380 masculino
1164 4324 1193 4378 ct
1221 4316 1362 4379 feminino
1390 4314 1522 4379 iambum

233 4565 310 4627 Ver-p.
331 4563 410 4614 bucol.
431 4566 455 4624 5,
475 4568 508 4615 dli
579 4566 594 4617 3
615 4564 684 4631 talia]
707 4566 864 4630 Verp.Aeu.
879 4564 937 4613 Vlll
959 4564 990 4615 18
1060 4561 1156 4629 qtrvvlia]
1181 4560 1398 4627 Verg.Aeu.Vll
1416 4560 1471 4613 211)

232 4632 262 4682 18
291 4633 369 4697 illiusl
394 4636 472 4698 Vera.
490 4634 570 4684 bercol.
592 4635 614 4695 l,
636 4637 651 4685 7
740 4633 833 4699 ipsius]
858 4635 936 4698 Verp.
958 4637 1021 4685 Aen.
1043 4637 1052 4683 l
1073 4634 1121 4684 lll
1209 4632 1244 4685 30
1268 4630 1328 4697 boc]
1351 4631 1433 4699 Vere.
1451 4630 1518 4687 Aa.

230 4704 259 4751 vt
285 4704 333 4753 142
403 4705 436 4754 32
456 4703 549 4753 t'vvlvvus
566 4705 592 4753 iu
610 4705 668 4761 Χς
738 4704 772 4755 33
791 4705 875 4755 omina
894 4707 1000 4754 corriecit
1020 4704 1180 4755 Weirhertus
1192 4710 1263 4766 poet.
1280 4702 1342 4753 hat.
1359 4704 1410 4753 atel·
1424 4715 1455 4767 p.
1471 4700 1520 4757 1⁴⁴

291 4773 331 4891 35
350 4775 497 4840 possessiva
515 4790 559 4822 ora.
576 4776 600 4825 B
670 4774 703 4825 37
722 4773 919 4840 avrguriumque]
945 4776 1024 4839 Verg.
1036 4775 1101 4824 Aen.
1116 4774 1161 4822 Vll
1175 4774 1227 4826 260
1294 4769 1330 4823 38
1347 4770 1519 4837 nominatim

228 4857 275 4892 ora.
