<?xml version="1.0" encoding="UTF-8"?>
<!DOCTYPE html PUBLIC "-//W3C//DTD XHTML 1.0 Transitional//EN"
    "http://www.w3.org/TR/xhtml1/DTD/xhtml1-transitional.dtd">
<html xmlns="http://www.w3.org/1999/xhtml" xml:lang="en" lang="en">
 <head>
  <title>
</title>
<meta http-equiv="Content-Type" content="text/html;charset=utf-8" />
  <meta name='ocr-system' content='tesseract 3.04.00' />
  <meta name='ocr-capabilities' content='ocr_page ocr_carea ocr_par ocr_line ocrx_word'/>
</head>
<body>
  <div class='ocr_page' id='page_1' title='image "./grammaticilatin05keilgoog/grammaticilatin05keilgoog_0160.png"; bbox 0 0 3314 5506; ppageno 0'>
   <div class='ocr_carea' id='block_1_1' title="bbox 552 361 1469 442">
    <p class='ocr_par' dir='ltr' id='par_1_1' title="bbox 552 361 1469 442">
     <span class='ocr_line' id='line_1_1' title="bbox 552 361 1469 442; baseline -0.001 0"><span class='ocrx_word' id='word_1_1' title='bbox 552 378 749 442; x_wconf 76' lang='lat' dir='ltr'><strong>rnsrnvra</strong></span> <span class='ocrx_word' id='word_1_2' title='bbox 768 361 908 441; x_wconf 82' lang='lat' dir='ltr'><strong>turrvu</strong></span> <span class='ocrx_word' id='word_1_3' title='bbox 932 377 1100 442; x_wconf 79' lang='lat' dir='ltr'><strong>arr-aro</strong></span> <span class='ocrx_word' id='word_1_4' title='bbox 1428 379 1469 441; x_wconf 85' lang='lat' dir='ltr'><strong>or</strong></span> 
     </span>
    </p>
   </div>
   <div class='ocr_carea' id='block_1_2' title="bbox 178 495 1469 648">
    <p class='ocr_par' dir='ltr' id='par_1_2' title="bbox 178 495 1469 648">
     <span class='ocr_line' id='line_1_2' title="bbox 245 495 1419 541; baseline -0.003 0"><span class='ocrx_word' id='word_1_5' title='bbox 245 498 388 541; x_wconf 63' lang='lat' dir='ltr'><strong>meran.</strong></span> <span class='ocrx_word' id='word_1_6' title='bbox 1277 495 1419 539; x_wconf 63' lang='lat' dir='ltr'><strong>aomo.</strong></span> 
     </span>
     <span class='ocr_line' id='line_1_3' title="bbox 178 510 1469 648; baseline -0.002 -17"><span class='ocrx_word' id='word_1_7' title='bbox 178 513 342 648; x_wconf 53' lang='lat' dir='ltr'><strong>bicpsupra</strong></span> <span class='ocrx_word' id='word_1_8' title='bbox 363 569 459 630; x_wconf 85' lang='lat' dir='ltr'><strong>(lictus</strong></span> <span class='ocrx_word' id='word_1_9' title='bbox 481 588 568 630; x_wconf 89' lang='lat' dir='ltr'><strong>casus</strong></span> <span class='ocrx_word' id='word_1_10' title='bbox 587 567 728 629; x_wconf 76' lang='lat' dir='ltr'>ablativus</span> <span class='ocrx_word' id='word_1_11' title='bbox 751 569 758 627; x_wconf 95' lang='lat' dir='ltr'><strong>i</strong></span> <span class='ocrx_word' id='word_1_12' title='bbox 779 568 874 628; x_wconf 91' lang='lat' dir='ltr'><strong>littera</strong></span> <span class='ocrx_word' id='word_1_13' title='bbox 896 568 1085 636; x_wconf 84' lang='lat' dir='ltr'><strong>terminetur,</strong></span> <span class='ocrx_word' id='word_1_14' title='bbox 1109 568 1226 644; x_wconf 83' lang='lat' dir='ltr'><strong>quando</strong></span> <span class='ocrx_word' id='word_1_15' title='bbox 1248 510 1286 628; x_wconf 77' lang='lat' dir='ltr'><strong>al)</strong></span> <span class='ocrx_word' id='word_1_16' title='bbox 1308 567 1353 628; x_wconf 90' lang='lat' dir='ltr'><strong>his</strong></span> <span class='ocrx_word' id='word_1_17' title='bbox 1373 570 1469 629; x_wconf 92' lang='lat' dir='ltr'><strong>nomi·</strong></span> 
     </span>
    </p>
   </div>
   <div class='ocr_carea' id='block_1_3' title="bbox 178 668 1565 2993">
    <p class='ocr_par' dir='ltr' id='par_1_3' title="bbox 178 668 1511 1956">
     <span class='ocr_line' id='line_1_4' title="bbox 178 668 1471 750; baseline -0.002 -18"><span class='ocrx_word' id='word_1_18' title='bbox 178 672 265 733; x_wconf 89' lang='lat' dir='ltr'><strong>nibus</strong></span> <span class='ocrx_word' id='word_1_19' title='bbox 283 672 387 732; x_wconf 89' lang='lat' dir='ltr'><strong>venire</strong></span> <span class='ocrx_word' id='word_1_20' title='bbox 415 673 580 750; x_wconf 88' lang='lat' dir='ltr'><strong>reperitur,</strong></span> <span class='ocrx_word' id='word_1_21' title='bbox 609 688 684 747; x_wconf 86' lang='lat' dir='ltr'><strong>quae</strong></span> <span class='ocrx_word' id='word_1_22' title='bbox 706 671 884 730; x_wconf 92' lang='lat' dir='ltr'><strong>nominativo</strong></span> <span class='ocrx_word' id='word_1_23' title='bbox 906 688 976 730; x_wconf 89' lang='lat' dir='ltr'><strong>casu</strong></span> <span class='ocrx_word' id='word_1_24' title='bbox 1003 668 1121 730; x_wconf 90' lang='lat' dir='ltr'><strong>numeri</strong></span> <span class='ocrx_word' id='word_1_25' title='bbox 1140 670 1297 746; x_wconf 79' lang='lat' dir='ltr'><strong>singularis</strong></span> <span class='ocrx_word' id='word_1_26' title='bbox 1317 671 1342 730; x_wconf 91' lang='lat' dir='ltr'><strong>is</strong></span> <span class='ocrx_word' id='word_1_27' title='bbox 1367 669 1471 730; x_wconf 88' lang='lat' dir='ltr'><strong>litteris</strong></span> 
     </span>
     <span class='ocr_line' id='line_1_5' title="bbox 178 770 1470 852; baseline -0.003 -17"><span class='ocrx_word' id='word_1_28' title='bbox 178 774 362 835; x_wconf 84' lang='lat' dir='ltr'><strong>deliniuntur</strong></span> <span class='ocrx_word' id='word_1_29' title='bbox 388 780 418 834; x_wconf 91' lang='lat' dir='ltr'><strong>et</strong></span> <span class='ocrx_word' id='word_1_30' title='bbox 444 773 594 852; x_wconf 75' lang='lat' dir='ltr'><strong>genetivus</strong></span> <span class='ocrx_word' id='word_1_31' title='bbox 622 789 707 832; x_wconf 87' lang='lat' dir='ltr'><strong>casus</strong></span> <span class='ocrx_word' id='word_1_32' title='bbox 738 773 868 833; x_wconf 82' lang='lat' dir='ltr'><strong>eiusdem</strong></span> <span class='ocrx_word' id='word_1_33' title='bbox 893 774 1011 832; x_wconf 90' lang='lat' dir='ltr'><strong>numeri</strong></span> <span class='ocrx_word' id='word_1_34' title='bbox 1038 770 1196 849; x_wconf 81' lang='lat' dir='ltr'><strong>singularis</strong></span> <span class='ocrx_word' id='word_1_35' title='bbox 1222 772 1332 833; x_wconf 85' lang='lat' dir='ltr'><strong>similes</strong></span> <span class='ocrx_word' id='word_1_36' title='bbox 1360 770 1470 832; x_wconf 89' lang='lat' dir='ltr'><strong>babere</strong></span> 
     </span>
     <span class='ocr_line' id='line_1_6' title="bbox 179 873 1469 955; baseline -0.002 -20"><span class='ocrx_word' id='word_1_37' title='bbox 179 877 389 955; x_wconf 86' lang='lat' dir='ltr'><strong>reperiuntur,</strong></span> <span class='ocrx_word' id='word_1_38' title='bbox 418 882 542 954; x_wconf 88' lang='lat' dir='ltr'><strong>utputa</strong></span> <span class='ocrx_word' id='word_1_39' title='bbox 570 875 618 935; x_wconf 91' lang='lat' dir='ltr'><strong>bic</strong></span> <span class='ocrx_word' id='word_1_40' title='bbox 640 873 734 952; x_wconf 91' lang='lat' dir='ltr'><strong>qualis</strong></span> <span class='ocrx_word' id='word_1_41' title='bbox 759 875 846 936; x_wconf 82' lang='lat' dir='ltr'><strong>liuius</strong></span> <span class='ocrx_word' id='word_1_42' title='bbox 868 873 962 953; x_wconf 86' lang='lat' dir='ltr'><strong>qualis</strong></span> <span class='ocrx_word' id='word_1_43' title='bbox 984 873 1021 935; x_wconf 91' lang='lat' dir='ltr'><strong>ab</strong></span> <span class='ocrx_word' id='word_1_44' title='bbox 1042 873 1099 934; x_wconf 90' lang='lat' dir='ltr'><strong>hoc</strong></span> <span class='ocrx_word' id='word_1_45' title='bbox 1121 873 1200 951; x_wconf 85' lang='lat' dir='ltr'><strong>quali</strong></span> <span class='ocrx_word' id='word_1_46' title='bbox 1227 874 1324 935; x_wconf 86' lang='lat' dir='ltr'><strong>lacere</strong></span> <span class='ocrx_word' id='word_1_47' title='bbox 1353 873 1469 936; x_wconf 89' lang='lat' dir='ltr'><strong>debeat.</strong></span> 
     </span>
     <span class='ocr_line' id='line_1_7' title="bbox 180 976 1510 1056; baseline -0.001 -19"><span class='ocrx_word' id='word_1_48' title='bbox 180 977 230 1038; x_wconf 72' lang='lat' dir='ltr'><strong>secl</strong></span> <span class='ocrx_word' id='word_1_49' title='bbox 251 976 313 1037; x_wconf 93' lang='lat' dir='ltr'><strong>boc</strong></span> <span class='ocrx_word' id='word_1_50' title='bbox 334 993 506 1045; x_wconf 86' lang='lat' dir='ltr'><strong>monemus,</strong></span> <span class='ocrx_word' id='word_1_51' title='bbox 535 976 614 1056; x_wconf 88' lang='lat' dir='ltr'><strong>quod</strong></span> <span class='ocrx_word' id='word_1_52' title='bbox 635 976 693 1036; x_wconf 91' lang='lat' dir='ltr'><strong>boc</strong></span> <span class='ocrx_word' id='word_1_53' title='bbox 714 984 905 1056; x_wconf 89' lang='lat' dir='ltr'><strong>praeceptum</strong></span> <span class='ocrx_word' id='word_1_54' title='bbox 933 994 991 1036; x_wconf 92' lang='lat' dir='ltr'><strong>non</strong></span> <span class='ocrx_word' id='word_1_55' title='bbox 1014 983 1095 1037; x_wconf 88' lang='lat' dir='ltr'><strong>recte</strong></span> <span class='ocrx_word' id='word_1_56' title='bbox 1116 978 1252 1038; x_wconf 78' lang='lat' dir='ltr'><strong>statuisse</strong></span> <span class='ocrx_word' id='word_1_57' title='bbox 1273 977 1469 1056; x_wconf 81' lang='lat' dir='ltr'><strong>reperiantur,</strong></span> <span class='ocrx_word' id='word_1_58' title='bbox 1497 999 1510 1036; x_wconf 82' lang='lat' dir='ltr'><strong>a</strong></span> 
     </span>
     <span class='ocr_line' id='line_1_8' title="bbox 180 1069 1472 1160; baseline -0.002 -20"><span class='ocrx_word' id='word_1_59' title='bbox 180 1079 299 1160; x_wconf 83' lang='lat' dir='ltr'><strong>quando</strong></span> <span class='ocrx_word' id='word_1_60' title='bbox 321 1080 382 1139; x_wconf 82' lang='lat' dir='ltr'><strong>sint</strong></span> <span class='ocrx_word' id='word_1_61' title='bbox 401 1077 455 1139; x_wconf 90' lang='lat' dir='ltr'><strong>alia</strong></span> <span class='ocrx_word' id='word_1_62' title='bbox 478 1080 607 1148; x_wconf 91' lang='lat' dir='ltr'><strong>nomina,</strong></span> <span class='ocrx_word' id='word_1_63' title='bbox 629 1097 705 1156; x_wconf 82' lang='lat' dir='ltr'><strong>quae</strong></span> <span class='ocrx_word' id='word_1_64' title='bbox 727 1079 906 1138; x_wconf 86' lang='lat' dir='ltr'><strong>nominativo</strong></span> <span class='ocrx_word' id='word_1_65' title='bbox 926 1096 996 1138; x_wconf 88' lang='lat' dir='ltr'><strong>casu</strong></span> <span class='ocrx_word' id='word_1_66' title='bbox 1017 1069 1132 1139; x_wconf 86' lang='lat' dir='ltr'><strong>numeri</strong></span> <span class='ocrx_word' id='word_1_67' title='bbox 1155 1077 1311 1155; x_wconf 78' lang='lat' dir='ltr'><strong>singularis</strong></span> <span class='ocrx_word' id='word_1_68' title='bbox 1330 1079 1354 1138; x_wconf 89' lang='lat' dir='ltr'><strong>is</strong></span> <span class='ocrx_word' id='word_1_69' title='bbox 1368 1075 1472 1137; x_wconf 87' lang='lat' dir='ltr'><strong>litteris</strong></span> 
     </span>
     <span class='ocr_line' id='line_1_9' title="bbox 181 1178 1471 1257; baseline -0.001 -16"><span class='ocrx_word' id='word_1_70' title='bbox 181 1181 361 1241; x_wconf 76' lang='lat' dir='ltr'><strong>definiantur</strong></span> <span class='ocrx_word' id='word_1_71' title='bbox 389 1188 420 1242; x_wconf 89' lang='lat' dir='ltr'><strong>et</strong></span> <span class='ocrx_word' id='word_1_72' title='bbox 446 1180 597 1257; x_wconf 77' lang='lat' dir='ltr'><strong>genetivus</strong></span> <span class='ocrx_word' id='word_1_73' title='bbox 625 1199 711 1241; x_wconf 89' lang='lat' dir='ltr'><strong>casus</strong></span> <span class='ocrx_word' id='word_1_74' title='bbox 741 1180 871 1241; x_wconf 89' lang='lat' dir='ltr'><strong>eiusdem</strong></span> <span class='ocrx_word' id='word_1_75' title='bbox 898 1183 1015 1241; x_wconf 93' lang='lat' dir='ltr'><strong>numeri</strong></span> <span class='ocrx_word' id='word_1_76' title='bbox 1041 1179 1198 1257; x_wconf 77' lang='lat' dir='ltr'><strong>singularis</strong></span> <span class='ocrx_word' id='word_1_77' title='bbox 1224 1178 1334 1240; x_wconf 79' lang='lat' dir='ltr'><strong>similes</strong></span> <span class='ocrx_word' id='word_1_78' title='bbox 1361 1178 1471 1240; x_wconf 91' lang='lat' dir='ltr'><strong>babere</strong></span> 
     </span>
     <span class='ocr_line' id='line_1_10' title="bbox 181 1280 1472 1361; baseline -0.002 -19"><span class='ocrx_word' id='word_1_79' title='bbox 181 1284 387 1361; x_wconf 88' lang='lat' dir='ltr'><strong>reperiantur,</strong></span> <span class='ocrx_word' id='word_1_80' title='bbox 416 1300 472 1343; x_wconf 89' lang='lat' dir='ltr'><strong>uec</strong></span> <span class='ocrx_word' id='word_1_81' title='bbox 495 1289 593 1343; x_wconf 70' lang='lat' dir='ltr'><strong>umen</strong></span> <span class='ocrx_word' id='word_1_82' title='bbox 615 1280 741 1343; x_wconf 88' lang='lat' dir='ltr'><strong>ablativo</strong></span> <span class='ocrx_word' id='word_1_83' title='bbox 761 1300 831 1343; x_wconf 87' lang='lat' dir='ltr'><strong>casu</strong></span> <span class='ocrx_word' id='word_1_84' title='bbox 859 1284 975 1342; x_wconf 92' lang='lat' dir='ltr'><strong>numeri</strong></span> <span class='ocrx_word' id='word_1_85' title='bbox 1002 1281 1160 1360; x_wconf 78' lang='lat' dir='ltr'><strong>singularis</strong></span> <span class='ocrx_word' id='word_1_86' title='bbox 1180 1284 1191 1342; x_wconf 91' lang='lat' dir='ltr'><strong>i</strong></span> <span class='ocrx_word' id='word_1_87' title='bbox 1212 1280 1307 1343; x_wconf 88' lang='lat' dir='ltr'><strong>littera</strong></span> <span class='ocrx_word' id='word_1_88' title='bbox 1331 1280 1472 1342; x_wconf 83' lang='lat' dir='ltr'><strong>delinian-</strong></span> 
     </span>
     <span class='ocr_line' id='line_1_11' title="bbox 181 1383 1474 1464; baseline -0.004 -18"><span class='ocrx_word' id='word_1_89' title='bbox 181 1393 246 1454; x_wconf 91' lang='lat' dir='ltr'><strong>tur,</strong></span> <span class='ocrx_word' id='word_1_90' title='bbox 269 1393 304 1446; x_wconf 93' lang='lat' dir='ltr'><strong>ut</strong></span> <span class='ocrx_word' id='word_1_91' title='bbox 326 1390 397 1463; x_wconf 92' lang='lat' dir='ltr'><strong>puta</strong></span> <span class='ocrx_word' id='word_1_92' title='bbox 420 1384 470 1444; x_wconf 90' lang='lat' dir='ltr'><strong>hic</strong></span> <span class='ocrx_word' id='word_1_93' title='bbox 491 1385 603 1445; x_wconf 89' lang='lat' dir='ltr'><strong>iuvenis</strong></span> <span class='ocrx_word' id='word_1_94' title='bbox 622 1385 706 1462; x_wconf 89' lang='lat' dir='ltr'><strong>panis</strong></span> <span class='ocrx_word' id='word_1_95' title='bbox 728 1385 794 1444; x_wconf 86' lang='lat' dir='ltr'><strong>linis</strong></span> <span class='ocrx_word' id='word_1_96' title='bbox 814 1385 918 1452; x_wconf 86' lang='lat' dir='ltr'><strong>crinis,</strong></span> <span class='ocrx_word' id='word_1_97' title='bbox 951 1384 1037 1445; x_wconf 87' lang='lat' dir='ltr'><strong>buius</strong></span> <span class='ocrx_word' id='word_1_98' title='bbox 1055 1385 1168 1445; x_wconf 86' lang='lat' dir='ltr'><strong>iuvenis</strong></span> <span class='ocrx_word' id='word_1_99' title='bbox 1189 1385 1274 1464; x_wconf 93' lang='lat' dir='ltr'><strong>panis</strong></span> <span class='ocrx_word' id='word_1_100' title='bbox 1296 1384 1362 1443; x_wconf 87' lang='lat' dir='ltr'><strong>linis</strong></span> <span class='ocrx_word' id='word_1_101' title='bbox 1383 1383 1474 1443; x_wconf 85' lang='lat' dir='ltr'><strong>crinis</strong></span> 
     </span>
     <span class='ocr_line' id='line_1_12' title="bbox 183 1483 1511 1570; baseline 0 -22"><span class='ocrx_word' id='word_1_102' title='bbox 183 1495 211 1548; x_wconf 89' lang='lat' dir='ltr'><strong>et</strong></span> <span class='ocrx_word' id='word_1_103' title='bbox 227 1495 331 1548; x_wconf 85' lang='lat' dir='ltr'><strong>cetera</strong></span> <span class='ocrx_word' id='word_1_104' title='bbox 359 1485 437 1546; x_wconf 87' lang='lat' dir='ltr'><strong>talia.</strong></span> <span class='ocrx_word' id='word_1_105' title='bbox 483 1487 692 1565; x_wconf 83' lang='lat' dir='ltr'><strong>numquidnam</strong></span> <span class='ocrx_word' id='word_1_106' title='bbox 709 1483 722 1570; x_wconf 77' lang='lat' dir='ltr'><strong>ll</strong></span> <span class='ocrx_word' id='word_1_107' title='bbox 737 1486 775 1547; x_wconf 93' lang='lat' dir='ltr'><strong>ab</strong></span> <span class='ocrx_word' id='word_1_108' title='bbox 798 1485 856 1546; x_wconf 89' lang='lat' dir='ltr'><strong>hoc</strong></span> <span class='ocrx_word' id='word_1_109' title='bbox 877 1488 972 1547; x_wconf 85' lang='lat' dir='ltr'><strong>iuveni</strong></span> <span class='ocrx_word' id='word_1_110' title='bbox 998 1488 1066 1565; x_wconf 93' lang='lat' dir='ltr'><strong>pani</strong></span> <span class='ocrx_word' id='word_1_111' title='bbox 1094 1486 1144 1545; x_wconf 86' lang='lat' dir='ltr'><strong>lini</strong></span> <span class='ocrx_word' id='word_1_112' title='bbox 1166 1487 1240 1547; x_wconf 91' lang='lat' dir='ltr'><strong>crini</strong></span> <span class='ocrx_word' id='word_1_113' title='bbox 1266 1503 1374 1547; x_wconf 85' lang='lat' dir='ltr'><strong>sonare</strong></span> <span class='ocrx_word' id='word_1_114' title='bbox 1400 1502 1471 1563; x_wconf 93' lang='lat' dir='ltr'><strong>pro·</strong></span> <span class='ocrx_word' id='word_1_115' title='bbox 1487 1505 1511 1548; x_wconf 88' lang='lat' dir='ltr'><strong>ro</strong></span> 
     </span>
     <span class='ocr_line' id='line_1_13' title="bbox 182 1585 1474 1666; baseline -0.002 -16"><span class='ocrx_word' id='word_1_116' title='bbox 182 1587 312 1650; x_wconf 73' lang='lat' dir='ltr'><strong>bantur?</strong></span> <span class='ocrx_word' id='word_1_117' title='bbox 330 1586 383 1648; x_wconf 83' lang='lat' dir='ltr'><strong>sed</strong></span> <span class='ocrx_word' id='word_1_118' title='bbox 406 1585 521 1648; x_wconf 89' lang='lat' dir='ltr'><strong>abhoc</strong></span> <span class='ocrx_word' id='word_1_119' title='bbox 543 1590 646 1650; x_wconf 88' lang='lat' dir='ltr'><strong>iuvene</strong></span> <span class='ocrx_word' id='word_1_120' title='bbox 666 1606 743 1666; x_wconf 91' lang='lat' dir='ltr'><strong>pane</strong></span> <span class='ocrx_word' id='word_1_121' title='bbox 765 1589 823 1649; x_wconf 83' lang='lat' dir='ltr'><strong>line</strong></span> <span class='ocrx_word' id='word_1_122' title='bbox 844 1589 926 1657; x_wconf 82' lang='lat' dir='ltr'><strong>crine</strong></span> <span class='ocrx_word' id='word_1_123' title='bbox 950 1588 1047 1649; x_wconf 87' lang='lat' dir='ltr'><strong>lacere</strong></span> <span class='ocrx_word' id='word_1_124' title='bbox 1069 1588 1319 1650; x_wconf 90' lang='lat' dir='ltr'><strong>demonstrantur.</strong></span> <span class='ocrx_word' id='word_1_125' title='bbox 1357 1594 1387 1647; x_wconf 91' lang='lat' dir='ltr'><strong>et</strong></span> <span class='ocrx_word' id='word_1_126' title='bbox 1408 1585 1474 1648; x_wconf 89' lang='lat' dir='ltr'><strong>ideo</strong></span> 
     </span>
     <span class='ocr_line' id='line_1_14' title="bbox 184 1677 1474 1771; baseline -0.002 -20"><span class='ocrx_word' id='word_1_127' title='bbox 184 1709 252 1761; x_wconf 89' lang='lat' dir='ltr'><strong>nos,</strong></span> <span class='ocrx_word' id='word_1_128' title='bbox 276 1709 355 1771; x_wconf 87' lang='lat' dir='ltr'><strong>qnae</strong></span> <span class='ocrx_word' id='word_1_129' title='bbox 375 1691 493 1750; x_wconf 89' lang='lat' dir='ltr'><strong>nomina</strong></span> <span class='ocrx_word' id='word_1_130' title='bbox 515 1697 546 1751; x_wconf 93' lang='lat' dir='ltr'><strong>et</strong></span> <span class='ocrx_word' id='word_1_131' title='bbox 567 1677 623 1769; x_wconf 79' lang='lat' dir='ltr'><strong>qua</strong></span> <span class='ocrx_word' id='word_1_132' title='bbox 645 1690 682 1750; x_wconf 87' lang='lat' dir='ltr'><strong>de</strong></span> <span class='ocrx_word' id='word_1_133' title='bbox 702 1709 788 1752; x_wconf 89' lang='lat' dir='ltr'><strong>causa</strong></span> <span class='ocrx_word' id='word_1_134' title='bbox 815 1691 845 1750; x_wconf 92' lang='lat' dir='ltr'><strong>in</strong></span> <span class='ocrx_word' id='word_1_135' title='bbox 870 1690 973 1751; x_wconf 89' lang='lat' dir='ltr'><strong>codem</strong></span> <span class='ocrx_word' id='word_1_136' title='bbox 996 1688 1120 1751; x_wconf 88' lang='lat' dir='ltr'><strong>ablativo</strong></span> <span class='ocrx_word' id='word_1_137' title='bbox 1143 1709 1212 1752; x_wconf 86' lang='lat' dir='ltr'><strong>casu</strong></span> <span class='ocrx_word' id='word_1_138' title='bbox 1235 1690 1353 1750; x_wconf 86' lang='lat' dir='ltr'><strong>numeri</strong></span> <span class='ocrx_word' id='word_1_139' title='bbox 1374 1691 1474 1768; x_wconf 81' lang='lat' dir='ltr'><strong>singn-</strong></span> 
     </span>
     <span class='ocr_line' id='line_1_15' title="bbox 183 1791 1475 1871; baseline -0.002 -18"><span class='ocrx_word' id='word_1_140' title='bbox 183 1791 252 1853; x_wconf 80' lang='lat' dir='ltr'><strong>laris</strong></span> <span class='ocrx_word' id='word_1_141' title='bbox 285 1812 322 1853; x_wconf 83' lang='lat' dir='ltr'><strong>ex</strong></span> <span class='ocrx_word' id='word_1_142' title='bbox 353 1799 482 1869; x_wconf 87' lang='lat' dir='ltr'><strong>utroque</strong></span> <span class='ocrx_word' id='word_1_143' title='bbox 508 1810 582 1853; x_wconf 88' lang='lat' dir='ltr'><strong>sono</strong></span> <span class='ocrx_word' id='word_1_144' title='bbox 613 1793 756 1871; x_wconf 87' lang='lat' dir='ltr'><strong>permissa</strong></span> <span class='ocrx_word' id='word_1_145' title='bbox 788 1794 846 1854; x_wconf 91' lang='lat' dir='ltr'><strong>sint</strong></span> <span class='ocrx_word' id='word_1_146' title='bbox 877 1794 1074 1871; x_wconf 89' lang='lat' dir='ltr'><strong>pronuntiari,</strong></span> <span class='ocrx_word' id='word_1_147' title='bbox 1108 1794 1138 1853; x_wconf 93' lang='lat' dir='ltr'><strong>in</strong></span> <span class='ocrx_word' id='word_1_148' title='bbox 1169 1794 1250 1854; x_wconf 87' lang='lat' dir='ltr'><strong>souis</strong></span> <span class='ocrx_word' id='word_1_149' title='bbox 1281 1798 1475 1871; x_wconf 84' lang='lat' dir='ltr'><strong>conpetenter</strong></span> 
     </span>
     <span class='ocr_line' id='line_1_16' title="bbox 185 1895 388 1956; baseline 0 -2"><span class='ocrx_word' id='word_1_150' title='bbox 185 1895 388 1956; x_wconf 84' lang='lat' dir='ltr'><strong>tractabimus.</strong></span> 
     </span>
    </p>

    <p class='ocr_par' dir='ltr' id='par_1_4' title="bbox 185 1995 1565 2993">
     <span class='ocr_line' id='line_1_17' title="bbox 266 1995 1513 2075; baseline -0.003 -18"><span class='ocrx_word' id='word_1_151' title='bbox 266 1997 343 2058; x_wconf 90' lang='lat' dir='ltr'><strong>ltem</strong></span> <span class='ocrx_word' id='word_1_152' title='bbox 365 1998 395 2057; x_wconf 96' lang='lat' dir='ltr'><strong>in</strong></span> <span class='ocrx_word' id='word_1_153' title='bbox 417 2014 507 2075; x_wconf 93' lang='lat' dir='ltr'><strong>supra</strong></span> <span class='ocrx_word' id='word_1_154' title='bbox 522 1995 608 2056; x_wconf 83' lang='lat' dir='ltr'><strong>dictis</strong></span> <span class='ocrx_word' id='word_1_155' title='bbox 629 1996 787 2074; x_wconf 77' lang='lat' dir='ltr'><strong>generibus</strong></span> <span class='ocrx_word' id='word_1_156' title='bbox 808 2005 876 2058; x_wconf 93' lang='lat' dir='ltr'><strong>sunt</strong></span> <span class='ocrx_word' id='word_1_157' title='bbox 895 1996 989 2075; x_wconf 89' lang='lat' dir='ltr'><strong>aliqua</strong></span> <span class='ocrx_word' id='word_1_158' title='bbox 1008 1997 1135 2065; x_wconf 92' lang='lat' dir='ltr'><strong>nomina,</strong></span> <span class='ocrx_word' id='word_1_159' title='bbox 1156 2013 1233 2073; x_wconf 86' lang='lat' dir='ltr'><strong>quae</strong></span> <span class='ocrx_word' id='word_1_160' title='bbox 1254 1997 1388 2073; x_wconf 82' lang='lat' dir='ltr'><strong>genetivo</strong></span> <span class='ocrx_word' id='word_1_161' title='bbox 1403 2014 1473 2056; x_wconf 85' lang='lat' dir='ltr'><strong>casu</strong></span> <span class='ocrx_word' id='word_1_162' title='bbox 1489 2014 1513 2054; x_wconf 83' lang='lat' dir='ltr'><strong>rs</strong></span> 
     </span>
     <span class='ocr_line' id='line_1_18' title="bbox 185 2096 1473 2177; baseline -0.003 -17"><span class='ocrx_word' id='word_1_163' title='bbox 185 2100 300 2160; x_wconf 90' lang='lat' dir='ltr'><strong>numeri</strong></span> <span class='ocrx_word' id='word_1_164' title='bbox 322 2096 445 2177; x_wconf 89' lang='lat' dir='ltr'><strong>pluralis</strong></span> <span class='ocrx_word' id='word_1_165' title='bbox 467 2100 526 2158; x_wconf 93' lang='lat' dir='ltr'><strong>ium</strong></span> <span class='ocrx_word' id='word_1_166' title='bbox 547 2096 651 2159; x_wconf 86' lang='lat' dir='ltr'><strong>litteris</strong></span> <span class='ocrx_word' id='word_1_167' title='bbox 672 2097 901 2166; x_wconf 87' lang='lat' dir='ltr'><strong>concludantur,</strong></span> <span class='ocrx_word' id='word_1_168' title='bbox 931 2104 960 2157; x_wconf 91' lang='lat' dir='ltr'><strong>et</strong></span> <span class='ocrx_word' id='word_1_169' title='bbox 980 2105 1050 2158; x_wconf 92' lang='lat' dir='ltr'><strong>sunt</strong></span> <span class='ocrx_word' id='word_1_170' title='bbox 1070 2098 1181 2175; x_wconf 83' lang='lat' dir='ltr'><strong>aliqua,</strong></span> <span class='ocrx_word' id='word_1_171' title='bbox 1215 2116 1291 2177; x_wconf 88' lang='lat' dir='ltr'><strong>quae</strong></span> <span class='ocrx_word' id='word_1_172' title='bbox 1318 2098 1347 2157; x_wconf 94' lang='lat' dir='ltr'><strong>in</strong></span> <span class='ocrx_word' id='word_1_173' title='bbox 1369 2097 1473 2157; x_wconf 88' lang='lat' dir='ltr'><strong>eodem</strong></span> 
     </span>
     <span class='ocr_line' id='line_1_19' title="bbox 185 2199 1475 2277; baseline -0.003 -15"><span class='ocrx_word' id='word_1_174' title='bbox 185 2202 322 2277; x_wconf 72' lang='lat' dir='ltr'><strong>genetivo</strong></span> <span class='ocrx_word' id='word_1_175' title='bbox 344 2218 424 2276; x_wconf 40' lang='lat' dir='ltr'><strong>casu,</strong></span> <span class='ocrx_word' id='word_1_176' title='bbox 438 2201 554 2260; x_wconf 92' lang='lat' dir='ltr'><strong>numeri</strong></span> <span class='ocrx_word' id='word_1_177' title='bbox 576 2200 697 2277; x_wconf 91' lang='lat' dir='ltr'><strong>pluralis</strong></span> <span class='ocrx_word' id='word_1_178' title='bbox 716 2219 764 2260; x_wconf 94' lang='lat' dir='ltr'><strong>um</strong></span> <span class='ocrx_word' id='word_1_179' title='bbox 784 2199 888 2261; x_wconf 88' lang='lat' dir='ltr'><strong>litteris</strong></span> <span class='ocrx_word' id='word_1_180' title='bbox 912 2209 980 2277; x_wconf 90' lang='lat' dir='ltr'><strong>post</strong></span> <span class='ocrx_word' id='word_1_181' title='bbox 999 2207 1209 2262; x_wconf 79' lang='lat' dir='ltr'><strong>consonantem</strong></span> <span class='ocrx_word' id='word_1_182' title='bbox 1232 2200 1418 2268; x_wconf 82' lang='lat' dir='ltr'><strong>deliniantur,</strong></span> <span class='ocrx_word' id='word_1_183' title='bbox 1443 2206 1475 2258; x_wconf 92' lang='lat' dir='ltr'><strong>ut</strong></span> 
     </span>
     <span class='ocr_line' id='line_1_20' title="bbox 186 2299 1476 2381; baseline -0.004 -17"><span class='ocrx_word' id='word_1_184' title='bbox 186 2311 253 2381; x_wconf 86' lang='lat' dir='ltr'><strong>puta</strong></span> <span class='ocrx_word' id='word_1_185' title='bbox 278 2302 387 2363; x_wconf 89' lang='lat' dir='ltr'><strong>barum</strong></span> <span class='ocrx_word' id='word_1_186' title='bbox 416 2302 518 2363; x_wconf 76' lang='lat' dir='ltr'><strong>serlum</strong></span> <span class='ocrx_word' id='word_1_187' title='bbox 546 2308 575 2363; x_wconf 89' lang='lat' dir='ltr'><strong>ct</strong></span> <span class='ocrx_word' id='word_1_188' title='bbox 600 2300 705 2361; x_wconf 89' lang='lat' dir='ltr'><strong>barum</strong></span> <span class='ocrx_word' id='word_1_189' title='bbox 734 2302 858 2368; x_wconf 86' lang='lat' dir='ltr'><strong>aedium.</strong></span> <span class='ocrx_word' id='word_1_190' title='bbox 902 2320 993 2380; x_wconf 86' lang='lat' dir='ltr'><strong>quare</strong></span> <span class='ocrx_word' id='word_1_191' title='bbox 1025 2302 1083 2362; x_wconf 91' lang='lat' dir='ltr'><strong>boc</strong></span> <span class='ocrx_word' id='word_1_192' title='bbox 1110 2320 1279 2371; x_wconf 90' lang='lat' dir='ltr'><strong>monemus,</strong></span> <span class='ocrx_word' id='word_1_193' title='bbox 1309 2299 1389 2379; x_wconf 90' lang='lat' dir='ltr'><strong>quod</strong></span> <span class='ocrx_word' id='word_1_194' title='bbox 1417 2299 1476 2361; x_wconf 84' lang='lat' dir='ltr'><strong>sint</strong></span> 
     </span>
     <span class='ocr_line' id='line_1_21' title="bbox 186 2401 1516 2484; baseline -0.002 -20"><span class='ocrx_word' id='word_1_195' title='bbox 186 2403 287 2484; x_wconf 84' lang='lat' dir='ltr'><strong>aliqui,</strong></span> <span class='ocrx_word' id='word_1_196' title='bbox 317 2405 370 2481; x_wconf 86' lang='lat' dir='ltr'><strong>qui</strong></span> <span class='ocrx_word' id='word_1_197' title='bbox 391 2402 478 2481; x_wconf 78' lang='lat' dir='ltr'><strong>vulgo</strong></span> <span class='ocrx_word' id='word_1_198' title='bbox 500 2403 569 2464; x_wconf 89' lang='lat' dir='ltr'><strong>huic</strong></span> <span class='ocrx_word' id='word_1_199' title='bbox 591 2406 672 2464; x_wconf 89' lang='lat' dir='ltr'><strong>casui</strong></span> <span class='ocrx_word' id='word_1_200' title='bbox 694 2402 751 2464; x_wconf 93' lang='lat' dir='ltr'><strong>hoc</strong></span> <span class='ocrx_word' id='word_1_201' title='bbox 772 2413 965 2483; x_wconf 89' lang='lat' dir='ltr'><strong>praeceptum</strong></span> <span class='ocrx_word' id='word_1_202' title='bbox 987 2412 1116 2466; x_wconf 88' lang='lat' dir='ltr'><strong>statuere</strong></span> <span class='ocrx_word' id='word_1_203' title='bbox 1140 2406 1393 2473; x_wconf 81' lang='lat' dir='ltr'><strong>existimaverunt,</strong></span> <span class='ocrx_word' id='word_1_204' title='bbox 1417 2401 1475 2463; x_wconf 90' lang='lat' dir='ltr'><strong>hoc</strong></span> <span class='ocrx_word' id='word_1_205' title='bbox 1513 2457 1516 2463; x_wconf 88' lang='lat'>.</span> 
     </span>
     <span class='ocr_line' id='line_1_22' title="bbox 187 2504 1514 2585; baseline -0.002 -19"><span class='ocrx_word' id='word_1_206' title='bbox 187 2514 229 2566; x_wconf 82' lang='lat' dir='ltr'><strong>eet</strong></span> <span class='ocrx_word' id='word_1_207' title='bbox 248 2514 283 2567; x_wconf 91' lang='lat' dir='ltr'><strong>nt</strong></span> <span class='ocrx_word' id='word_1_208' title='bbox 305 2524 511 2585; x_wconf 89' lang='lat' dir='ltr'><strong>quaecumque</strong></span> <span class='ocrx_word' id='word_1_209' title='bbox 545 2508 663 2566; x_wconf 92' lang='lat' dir='ltr'><strong>nomina</strong></span> <span class='ocrx_word' id='word_1_210' title='bbox 687 2505 812 2567; x_wconf 82' lang='lat' dir='ltr'><strong>ablativo</strong></span> <span class='ocrx_word' id='word_1_211' title='bbox 832 2526 903 2568; x_wconf 89' lang='lat' dir='ltr'><strong>casu</strong></span> <span class='ocrx_word' id='word_1_212' title='bbox 931 2508 1047 2567; x_wconf 89' lang='lat' dir='ltr'><strong>numeri</strong></span> <span class='ocrx_word' id='word_1_213' title='bbox 1069 2506 1225 2585; x_wconf 84' lang='lat' dir='ltr'><strong>singularis</strong></span> <span class='ocrx_word' id='word_1_214' title='bbox 1248 2525 1264 2566; x_wconf 92' lang='lat' dir='ltr'><strong>e</strong></span> <span class='ocrx_word' id='word_1_215' title='bbox 1288 2504 1385 2566; x_wconf 89' lang='lat' dir='ltr'><strong>littera</strong></span> <span class='ocrx_word' id='word_1_216' title='bbox 1407 2523 1474 2565; x_wconf 90' lang='lat' dir='ltr'><strong>cor·</strong></span> <span class='ocrx_word' id='word_1_217' title='bbox 1487 2524 1514 2565; x_wconf 81' lang='lat' dir='ltr'><strong>ro</strong></span> 
     </span>
     <span class='ocr_line' id='line_1_23' title="bbox 188 2606 1475 2694; baseline 0 -28"><span class='ocrx_word' id='word_1_218' title='bbox 188 2615 267 2687; x_wconf 86' lang='lat' dir='ltr'><strong>repta</strong></span> <span class='ocrx_word' id='word_1_219' title='bbox 293 2609 508 2676; x_wconf 89' lang='lat' dir='ltr'><strong>terminantur,</strong></span> <span class='ocrx_word' id='word_1_220' title='bbox 541 2606 615 2669; x_wconf 89' lang='lat' dir='ltr'><strong>haec</strong></span> <span class='ocrx_word' id='word_1_221' title='bbox 641 2626 677 2668; x_wconf 83' lang='lat' dir='ltr'><strong>ex</strong></span> <span class='ocrx_word' id='word_1_222' title='bbox 705 2609 810 2669; x_wconf 87' lang='lat' dir='ltr'><strong>eodem</strong></span> <span class='ocrx_word' id='word_1_223' title='bbox 838 2627 928 2694; x_wconf 81' lang='lat' dir='ltr'><strong>supra</strong></span> <span class='ocrx_word' id='word_1_224' title='bbox 956 2609 1033 2670; x_wconf 82' lang='lat' dir='ltr'><strong>uicto</strong></span> <span class='ocrx_word' id='word_1_225' title='bbox 1060 2627 1129 2669; x_wconf 91' lang='lat' dir='ltr'><strong>casu</strong></span> <span class='ocrx_word' id='word_1_226' title='bbox 1156 2608 1280 2669; x_wconf 87' lang='lat' dir='ltr'><strong>eandem</strong></span> <span class='ocrx_word' id='word_1_227' title='bbox 1307 2627 1323 2668; x_wconf 90' lang='lat' dir='ltr'><strong>e</strong></span> <span class='ocrx_word' id='word_1_228' title='bbox 1349 2606 1475 2668; x_wconf 83' lang='lat' dir='ltr'><strong>litteram</strong></span> 
     </span>
     <span class='ocr_line' id='line_1_24' title="bbox 190 2707 1565 2794; baseline -0.001 -27"><span class='ocrx_word' id='word_1_229' title='bbox 190 2710 321 2770; x_wconf 83' lang='lat' dir='ltr'><strong>omittant</strong></span> <span class='ocrx_word' id='word_1_230' title='bbox 342 2707 387 2770; x_wconf 86' lang='lat' dir='ltr'><strong>vel</strong></span> <span class='ocrx_word' id='word_1_231' title='bbox 410 2711 439 2768; x_wconf 94' lang='lat' dir='ltr'><strong>in</strong></span> <span class='ocrx_word' id='word_1_232' title='bbox 462 2710 472 2770; x_wconf 95' lang='lat' dir='ltr'><strong>i</strong></span> <span class='ocrx_word' id='word_1_233' title='bbox 493 2717 665 2770; x_wconf 82' lang='lat' dir='ltr'><strong>convertant</strong></span> <span class='ocrx_word' id='word_1_234' title='bbox 685 2717 715 2770; x_wconf 93' lang='lat' dir='ltr'><strong>et</strong></span> <span class='ocrx_word' id='word_1_235' title='bbox 734 2729 783 2771; x_wconf 92' lang='lat' dir='ltr'><strong>um</strong></span> <span class='ocrx_word' id='word_1_236' title='bbox 802 2709 942 2790; x_wconf 74' lang='lat' dir='ltr'><strong>syllabam</strong></span> <span class='ocrx_word' id='word_1_237' title='bbox 963 2711 1116 2788; x_wconf 87' lang='lat' dir='ltr'><strong>accipiant,</strong></span> <span class='ocrx_word' id='word_1_238' title='bbox 1137 2717 1169 2770; x_wconf 94' lang='lat' dir='ltr'><strong>ut</strong></span> <span class='ocrx_word' id='word_1_239' title='bbox 1189 2711 1354 2786; x_wconf 81' lang='lat' dir='ltr'><strong>genetivum</strong></span> <span class='ocrx_word' id='word_1_240' title='bbox 1375 2726 1475 2769; x_wconf 86' lang='lat' dir='ltr'><strong>casum</strong></span> <span class='ocrx_word' id='word_1_241' title='bbox 1551 2772 1565 2794; x_wconf 31' lang='grc' dir='ltr'>κ</span> 
     </span>
     <span class='ocr_line' id='line_1_25' title="bbox 193 2795 1504 2894; baseline 0.001 -25"><span class='ocrx_word' id='word_1_242' title='bbox 193 2813 304 2872; x_wconf 88' lang='lat' dir='ltr'><strong>numeri</strong></span> <span class='ocrx_word' id='word_1_243' title='bbox 324 2809 449 2889; x_wconf 87' lang='lat' dir='ltr'><strong>pluralis</strong></span> <span class='ocrx_word' id='word_1_244' title='bbox 471 2795 608 2882; x_wconf 58' lang='lat' dir='ltr'><strong>alliciant}</strong></span> <span class='ocrx_word' id='word_1_245' title='bbox 633 2819 666 2871; x_wconf 92' lang='lat' dir='ltr'><strong>ut</strong></span> <span class='ocrx_word' id='word_1_246' title='bbox 687 2819 757 2890; x_wconf 95' lang='lat' dir='ltr'><strong>puta</strong></span> <span class='ocrx_word' id='word_1_247' title='bbox 778 2812 815 2873; x_wconf 91' lang='lat' dir='ltr'><strong>ab</strong></span> <span class='ocrx_word' id='word_1_248' title='bbox 833 2811 890 2873; x_wconf 89' lang='lat' dir='ltr'><strong>boc</strong></span> <span class='ocrx_word' id='word_1_249' title='bbox 910 2812 1011 2891; x_wconf 91' lang='lat' dir='ltr'><strong>lepore</strong></span> <span class='ocrx_word' id='word_1_250' title='bbox 1036 2813 1141 2873; x_wconf 92' lang='lat' dir='ltr'><strong>borum</strong></span> <span class='ocrx_word' id='word_1_251' title='bbox 1164 2811 1301 2892; x_wconf 87' lang='lat' dir='ltr'><strong>leporum</strong></span> <span class='ocrx_word' id='word_1_252' title='bbox 1321 2817 1350 2877; x_wconf 78' lang='lat' dir='ltr'><strong>ct</strong></span> <span class='ocrx_word' id='word_1_253' title='bbox 1369 2809 1406 2871; x_wconf 88' lang='lat' dir='ltr'><strong>ab</strong></span> <span class='ocrx_word' id='word_1_254' title='bbox 1420 2811 1477 2871; x_wconf 91' lang='lat' dir='ltr'><strong>bac</strong></span> <span class='ocrx_word' id='word_1_255' title='bbox 1499 2886 1504 2894; x_wconf 19' lang='grc' dir='ltr'><strong>θ</strong></span> 
     </span>
     <span class='ocr_line' id='line_1_26' title="bbox 195 2911 1477 2993; baseline -0.002 -20"><span class='ocrx_word' id='word_1_256' title='bbox 195 2919 268 2974; x_wconf 84' lang='lat' dir='ltr'><strong>turre</strong></span> <span class='ocrx_word' id='word_1_257' title='bbox 290 2913 398 2973; x_wconf 90' lang='lat' dir='ltr'><strong>barum</strong></span> <span class='ocrx_word' id='word_1_258' title='bbox 418 2914 556 2974; x_wconf 88' lang='lat' dir='ltr'><strong>turrium.</strong></span> <span class='ocrx_word' id='word_1_259' title='bbox 600 2914 652 2974; x_wconf 86' lang='lat' dir='ltr'><strong>sed</strong></span> <span class='ocrx_word' id='word_1_260' title='bbox 675 2914 793 2993; x_wconf 90' lang='lat' dir='ltr'><strong>quando</strong></span> <span class='ocrx_word' id='word_1_261' title='bbox 814 2914 890 2974; x_wconf 88' lang='lat' dir='ltr'><strong>idem</strong></span> <span class='ocrx_word' id='word_1_262' title='bbox 912 2912 1054 2975; x_wconf 89' lang='lat' dir='ltr'><strong>ablativus</strong></span> <span class='ocrx_word' id='word_1_263' title='bbox 1076 2933 1161 2975; x_wconf 90' lang='lat' dir='ltr'><strong>casus</strong></span> <span class='ocrx_word' id='word_1_264' title='bbox 1184 2915 1300 2974; x_wconf 90' lang='lat' dir='ltr'><strong>numeri</strong></span> <span class='ocrx_word' id='word_1_265' title='bbox 1321 2911 1477 2991; x_wconf 88' lang='lat' dir='ltr'><strong>singularis</strong></span> 
     </span>
    </p>
   </div>
   <div class='ocr_carea' id='block_1_4' title="bbox 153 3011 1514 3098">
    <p class='ocr_par' dir='ltr' id='par_1_5' title="bbox 153 3011 1514 3098">
     <span class='ocr_line' id='line_1_27' title="bbox 153 3011 1514 3098; baseline -0.001 -22"><span class='ocrx_word' id='word_1_266' title='bbox 153 3068 155 3076; x_wconf 83' lang='lat'>.</span> <span class='ocrx_word' id='word_1_267' title='bbox 200 3011 354 3076; x_wconf 80' lang='lat' dir='ltr'><strong>elitteram</strong></span> <span class='ocrx_word' id='word_1_268' title='bbox 377 3016 491 3074; x_wconf 88' lang='lat' dir='ltr'><strong>omittat</strong></span> <span class='ocrx_word' id='word_1_269' title='bbox 509 3022 539 3075; x_wconf 89' lang='lat' dir='ltr'><strong>et</strong></span> <span class='ocrx_word' id='word_1_270' title='bbox 559 3015 678 3094; x_wconf 78' lang='lat' dir='ltr'><strong>quando</strong></span> <span class='ocrx_word' id='word_1_271' title='bbox 700 3016 823 3076; x_wconf 85' lang='lat' dir='ltr'><strong>eandem</strong></span> <span class='ocrx_word' id='word_1_272' title='bbox 846 3036 862 3077; x_wconf 91' lang='lat' dir='ltr'><strong>e</strong></span> <span class='ocrx_word' id='word_1_273' title='bbox 883 3015 1018 3098; x_wconf 78' lang='lat' dir='ltr'><strong>litlteram</strong></span> <span class='ocrx_word' id='word_1_274' title='bbox 1040 3019 1070 3077; x_wconf 94' lang='lat' dir='ltr'><strong>in</strong></span> <span class='ocrx_word' id='word_1_275' title='bbox 1090 3018 1275 3086; x_wconf 89' lang='lat' dir='ltr'><strong>iconvertat‚</strong></span> <span class='ocrx_word' id='word_1_276' title='bbox 1298 3015 1355 3076; x_wconf 90' lang='lat' dir='ltr'><strong>hoc</strong></span> <span class='ocrx_word' id='word_1_277' title='bbox 1377 3014 1514 3075; x_wconf 73' lang='lat' dir='ltr'><strong>dicerem</strong></span> 
     </span>
    </p>
   </div>
   <div class='ocr_carea' id='block_1_5' title="bbox 203 3113 1516 3602">
    <p class='ocr_par' dir='ltr' id='par_1_6' title="bbox 203 3113 1516 3602">
     <span class='ocr_line' id='line_1_28' title="bbox 203 3113 1477 3198; baseline 0 -24"><span class='ocrx_word' id='word_1_278' title='bbox 203 3113 359 3184; x_wconf 86' lang='lat' dir='ltr'><strong>noluerunt,</strong></span> <span class='ocrx_word' id='word_1_279' title='bbox 378 3123 409 3176; x_wconf 89' lang='lat' dir='ltr'><strong>et</strong></span> <span class='ocrx_word' id='word_1_280' title='bbox 430 3115 506 3185; x_wconf 89' lang='lat' dir='ltr'><strong>ideo,</strong></span> <span class='ocrx_word' id='word_1_281' title='bbox 528 3124 562 3177; x_wconf 90' lang='lat' dir='ltr'><strong>ut</strong></span> <span class='ocrx_word' id='word_1_282' title='bbox 583 3117 827 3196; x_wconf 87' lang='lat' dir='ltr'><strong>supradiximus,</strong></span> <span class='ocrx_word' id='word_1_283' title='bbox 849 3137 955 3180; x_wconf 89' lang='lat' dir='ltr'><strong>vanum</strong></span> <span class='ocrx_word' id='word_1_284' title='bbox 977 3126 1168 3198; x_wconf 91' lang='lat' dir='ltr'><strong>praeceptum</strong></span> <span class='ocrx_word' id='word_1_285' title='bbox 1191 3117 1376 3197; x_wconf 86' lang='lat' dir='ltr'><strong>supradicto</strong></span> <span class='ocrx_word' id='word_1_286' title='bbox 1396 3116 1477 3177; x_wconf 92' lang='lat' dir='ltr'><strong>casui</strong></span> 
     </span>
     <span class='ocr_line' id='line_1_29' title="bbox 207 3212 1476 3299; baseline 0 -22"><span class='ocrx_word' id='word_1_287' title='bbox 207 3212 347 3279; x_wconf 69' lang='lat' dir='ltr'><strong>‘renituisse</strong></span> <span class='ocrx_word' id='word_1_288' title='bbox 368 3234 430 3278; x_wconf 90' lang='lat' dir='ltr'><strong>non</strong></span> <span class='ocrx_word' id='word_1_289' title='bbox 450 3217 664 3279; x_wconf 79' lang='lat' dir='ltr'><strong>intellexerunt.</strong></span> <span class='ocrx_word' id='word_1_290' title='bbox 709 3237 802 3297; x_wconf 90' lang='lat' dir='ltr'><strong>quare</strong></span> <span class='ocrx_word' id='word_1_291' title='bbox 821 3220 878 3281; x_wconf 90' lang='lat' dir='ltr'><strong>boc</strong></span> <span class='ocrx_word' id='word_1_292' title='bbox 899 3239 1062 3290; x_wconf 90' lang='lat' dir='ltr'><strong>monemus,</strong></span> <span class='ocrx_word' id='word_1_293' title='bbox 1086 3220 1163 3299; x_wconf 88' lang='lat' dir='ltr'><strong>quod</strong></span> <span class='ocrx_word' id='word_1_294' title='bbox 1188 3221 1356 3296; x_wconf 77' lang='lat' dir='ltr'><strong>genetivum</strong></span> <span class='ocrx_word' id='word_1_295' title='bbox 1376 3235 1476 3279; x_wconf 91' lang='lat' dir='ltr'><strong>casum</strong></span> 
     </span>
     <span class='ocr_line' id='line_1_30' title="bbox 212 3318 1477 3399; baseline -0.002 -19"><span class='ocrx_word' id='word_1_296' title='bbox 212 3318 441 3383; x_wconf 72' lang='lat' dir='ltr'><strong>nmeneetlicet</strong></span> <span class='ocrx_word' id='word_1_297' title='bbox 458 3320 598 3398; x_wconf 89' lang='lat' dir='ltr'><strong>pluralis,</strong></span> <span class='ocrx_word' id='word_1_298' title='bbox 626 3323 675 3397; x_wconf 89' lang='lat' dir='ltr'><strong>qui</strong></span> <span class='ocrx_word' id='word_1_299' title='bbox 696 3320 733 3381; x_wconf 93' lang='lat' dir='ltr'><strong>ab</strong></span> <span class='ocrx_word' id='word_1_300' title='bbox 756 3320 880 3384; x_wconf 86' lang='lat' dir='ltr'><strong>ablativo</strong></span> <span class='ocrx_word' id='word_1_301' title='bbox 902 3340 972 3383; x_wconf 87' lang='lat' dir='ltr'><strong>casu</strong></span> <span class='ocrx_word' id='word_1_302' title='bbox 994 3323 1110 3383; x_wconf 90' lang='lat' dir='ltr'><strong>numeri</strong></span> <span class='ocrx_word' id='word_1_303' title='bbox 1131 3319 1302 3399; x_wconf 79' lang='lat' dir='ltr'><strong>singularis,</strong></span> <span class='ocrx_word' id='word_1_304' title='bbox 1325 3322 1375 3398; x_wconf 89' lang='lat' dir='ltr'><strong>qui</strong></span> <span class='ocrx_word' id='word_1_305' title='bbox 1394 3339 1410 3381; x_wconf 90' lang='lat' dir='ltr'><strong>c</strong></span> <span class='ocrx_word' id='word_1_306' title='bbox 1431 3319 1477 3379; x_wconf 94' lang='lat' dir='ltr'><strong>lit-</strong></span> 
     </span>
     <span class='ocr_line' id='line_1_31' title="bbox 216 3419 1477 3503; baseline 0.002 -26"><span class='ocrx_word' id='word_1_307' title='bbox 216 3419 258 3477; x_wconf 80' lang='lat' dir='ltr'><strong>lca</strong></span> <span class='ocrx_word' id='word_1_308' title='bbox 276 3428 413 3499; x_wconf 87' lang='lat' dir='ltr'><strong>correpta</strong></span> <span class='ocrx_word' id='word_1_309' title='bbox 433 3423 618 3492; x_wconf 89' lang='lat' dir='ltr'><strong>terminatur,</strong></span> <span class='ocrx_word' id='word_1_310' title='bbox 641 3424 741 3483; x_wconf 87' lang='lat' dir='ltr'><strong>venire</strong></span> <span class='ocrx_word' id='word_1_311' title='bbox 761 3426 924 3502; x_wconf 90' lang='lat' dir='ltr'><strong>reperitur,</strong></span> <span class='ocrx_word' id='word_1_312' title='bbox 949 3425 1067 3503; x_wconf 83' lang='lat' dir='ltr'><strong>quando</strong></span> <span class='ocrx_word' id='word_1_313' title='bbox 1089 3442 1140 3484; x_wconf 86' lang='lat' dir='ltr'><strong>urn</strong></span> <span class='ocrx_word' id='word_1_314' title='bbox 1161 3422 1266 3483; x_wconf 90' lang='lat' dir='ltr'><strong>litteris</strong></span> <span class='ocrx_word' id='word_1_315' title='bbox 1285 3430 1353 3499; x_wconf 89' lang='lat' dir='ltr'><strong>post</strong></span> <span class='ocrx_word' id='word_1_316' title='bbox 1372 3440 1477 3481; x_wconf 89' lang='lat' dir='ltr'><strong>conso-</strong></span> 
     </span>
     <span class='ocr_line' id='line_1_32' title="bbox 220 3523 1516 3602; baseline -0.002 -19"><span class='ocrx_word' id='word_1_317' title='bbox 220 3527 308 3583; x_wconf 81' lang='lat' dir='ltr'><strong>tutem</strong></span> <span class='ocrx_word' id='word_1_318' title='bbox 332 3531 362 3584; x_wconf 89' lang='lat' dir='ltr'><strong>ct</strong></span> <span class='ocrx_word' id='word_1_319' title='bbox 384 3524 504 3601; x_wconf 86' lang='lat' dir='ltr'><strong>quando</strong></span> <span class='ocrx_word' id='word_1_320' title='bbox 527 3525 588 3584; x_wconf 91' lang='lat' dir='ltr'><strong>ium</strong></span> <span class='ocrx_word' id='word_1_321' title='bbox 609 3523 714 3584; x_wconf 89' lang='lat' dir='ltr'><strong>litteris</strong></span> <span class='ocrx_word' id='word_1_322' title='bbox 743 3524 950 3595; x_wconf 90' lang='lat' dir='ltr'><strong>concludatur,</strong></span> <span class='ocrx_word' id='word_1_323' title='bbox 976 3529 1007 3586; x_wconf 92' lang='lat' dir='ltr'><strong>in</strong></span> <span class='ocrx_word' id='word_1_324' title='bbox 1028 3527 1108 3586; x_wconf 89' lang='lat' dir='ltr'><strong>sonis</strong></span> <span class='ocrx_word' id='word_1_325' title='bbox 1129 3531 1322 3602; x_wconf 86' lang='lat' dir='ltr'><strong>conpetenter</strong></span> <span class='ocrx_word' id='word_1_326' title='bbox 1349 3529 1477 3584; x_wconf 85' lang='lat' dir='ltr'><strong>tractare</strong></span> <span class='ocrx_word' id='word_1_327' title='bbox 1490 3538 1516 3580; x_wconf 87' lang='lat' dir='ltr'><strong>ao</strong></span> 
     </span>
    </p>
   </div>
   <div class='ocr_carea' id='block_1_6' title="bbox 222 3613 359 3686">
    <p class='ocr_par' dir='ltr' id='par_1_7' title="bbox 222 3613 359 3686">
     <span class='ocr_line' id='line_1_33' title="bbox 222 3613 359 3686; baseline 0 0"><span class='ocrx_word' id='word_1_328' title='bbox 222 3613 359 3686; x_wconf 59' lang='lat' dir='ltr'><strong>ibamus.</strong></span> 
     </span>
    </p>
   </div>
   <div class='ocr_carea' id='block_1_7' title="bbox 281 3724 1479 3822">
    <p class='ocr_par' dir='ltr' id='par_1_8' title="bbox 281 3724 1479 3822">
     <span class='ocr_line' id='line_1_34' title="bbox 281 3724 1479 3822; baseline 0 -36"><span class='ocrx_word' id='word_1_329' title='bbox 281 3724 346 3787; x_wconf 88' lang='lat' dir='ltr'><strong>ltem</strong></span> <span class='ocrx_word' id='word_1_330' title='bbox 368 3728 502 3822; x_wconf 71' lang='lat' dir='ltr'><strong>insupra</strong></span> <span class='ocrx_word' id='word_1_331' title='bbox 519 3727 603 3789; x_wconf 88' lang='lat' dir='ltr'><strong>dictis</strong></span> <span class='ocrx_word' id='word_1_332' title='bbox 621 3728 780 3805; x_wconf 76' lang='lat' dir='ltr'><strong>generibus</strong></span> <span class='ocrx_word' id='word_1_333' title='bbox 802 3729 860 3790; x_wconf 91' lang='lat' dir='ltr'><strong>boc</strong></span> <span class='ocrx_word' id='word_1_334' title='bbox 878 3748 1042 3800; x_wconf 90' lang='lat' dir='ltr'><strong>monemus,</strong></span> <span class='ocrx_word' id='word_1_335' title='bbox 1065 3729 1143 3808; x_wconf 89' lang='lat' dir='ltr'><strong>quod</strong></span> <span class='ocrx_word' id='word_1_336' title='bbox 1158 3729 1217 3788; x_wconf 94' lang='lat' dir='ltr'><strong>sint</strong></span> <span class='ocrx_word' id='word_1_337' title='bbox 1238 3727 1335 3805; x_wconf 88' lang='lat' dir='ltr'><strong>aliqua</strong></span> <span class='ocrx_word' id='word_1_338' title='bbox 1349 3727 1479 3793; x_wconf 84' lang='lat' dir='ltr'><strong>nomina,</strong></span> 
     </span>
    </p>
   </div>
   <div class='ocr_carea' id='block_1_8' title="bbox 139 3827 1517 4125">
    <p class='ocr_par' dir='ltr' id='par_1_9' title="bbox 139 3827 1517 4125">
     <span class='ocr_line' id='line_1_35' title="bbox 139 3827 1480 3925; baseline -0.003 -34"><span class='ocrx_word' id='word_1_339' title='bbox 139 3899 141 3925; x_wconf 78' lang='lat'>;</span> <span class='ocrx_word' id='word_1_340' title='bbox 226 3832 277 3891; x_wconf 67' lang='lat' dir='ltr'><strong>llil</strong></span> <span class='ocrx_word' id='word_1_341' title='bbox 297 3830 460 3889; x_wconf 83' lang='lat' dir='ltr'><strong>accusativo</strong></span> <span class='ocrx_word' id='word_1_342' title='bbox 482 3846 551 3889; x_wconf 88' lang='lat' dir='ltr'><strong>caso</strong></span> <span class='ocrx_word' id='word_1_343' title='bbox 580 3831 693 3890; x_wconf 90' lang='lat' dir='ltr'><strong>numeri</strong></span> <span class='ocrx_word' id='word_1_344' title='bbox 721 3829 876 3909; x_wconf 85' lang='lat' dir='ltr'><strong>singularis</strong></span> <span class='ocrx_word' id='word_1_345' title='bbox 904 3833 932 3891; x_wconf 90' lang='lat' dir='ltr'><strong>in</strong></span> <span class='ocrx_word' id='word_1_346' title='bbox 956 3850 1016 3893; x_wconf 94' lang='lat' dir='ltr'><strong>uno</strong></span> <span class='ocrx_word' id='word_1_347' title='bbox 1044 3829 1187 3891; x_wconf 87' lang='lat' dir='ltr'><strong>vocabulo</strong></span> <span class='ocrx_word' id='word_1_348' title='bbox 1210 3847 1264 3890; x_wconf 89' lang='lat' dir='ltr'><strong>suo</strong></span> <span class='ocrx_word' id='word_1_349' title='bbox 1292 3827 1407 3890; x_wconf 73' lang='lat' dir='ltr'><strong>(luobus</strong></span> <span class='ocrx_word' id='word_1_350' title='bbox 1432 3827 1480 3888; x_wconf 85' lang='lat' dir='ltr'><strong>bis</strong></span> 
     </span>
     <span class='ocr_line' id='line_1_36' title="bbox 139 3925 1480 4020; baseline 0.004 -35"><span class='ocrx_word' id='word_1_351' title='bbox 139 3930 144 4020; x_wconf 73' lang='grc' dir='ltr'><strong>ΞΓ</strong></span> <span class='ocrx_word' id='word_1_352' title='bbox 228 3925 281 3984; x_wconf 71' lang='lat' dir='ltr'><strong>ttr&#39;e</strong></span> <span class='ocrx_word' id='word_1_353' title='bbox 295 3931 480 4010; x_wconf 86' lang='lat' dir='ltr'><strong>reperiantur</strong></span> <span class='ocrx_word' id='word_1_354' title='bbox 500 3931 624 3998; x_wconf 83' lang='lat' dir='ltr'><strong>deliniri,</strong></span> <span class='ocrx_word' id='word_1_355' title='bbox 646 3933 673 3993; x_wconf 92' lang='lat' dir='ltr'><strong>id</strong></span> <span class='ocrx_word' id='word_1_356' title='bbox 696 3940 806 3994; x_wconf 89' lang='lat' dir='ltr'><strong>estem</strong></span> <span class='ocrx_word' id='word_1_357' title='bbox 831 3935 935 4002; x_wconf 91' lang='lat' dir='ltr'><strong>etim,</strong></span> <span class='ocrx_word' id='word_1_358' title='bbox 959 3942 992 3994; x_wconf 92' lang='lat' dir='ltr'><strong>ut</strong></span> <span class='ocrx_word' id='word_1_359' title='bbox 1014 3941 1083 4013; x_wconf 88' lang='lat' dir='ltr'><strong>puta</strong></span> <span class='ocrx_word' id='word_1_360' title='bbox 1105 3933 1181 3993; x_wconf 91' lang='lat' dir='ltr'><strong>banc</strong></span> <span class='ocrx_word' id='word_1_361' title='bbox 1200 3948 1330 4011; x_wconf 88' lang='lat' dir='ltr'><strong>puppem</strong></span> <span class='ocrx_word' id='word_1_362' title='bbox 1352 3939 1381 3991; x_wconf 91' lang='lat' dir='ltr'><strong>et</strong></span> <span class='ocrx_word' id='word_1_363' title='bbox 1403 3930 1480 3991; x_wconf 92' lang='lat' dir='ltr'><strong>banc</strong></span> 
     </span>
     <span class='ocr_line' id='line_1_37' title="bbox 139 4029 1517 4125; baseline 0.001 -33"><span class='ocrx_word' id='word_1_364' title='bbox 139 4032 146 4125; x_wconf 60' lang='lat' dir='ltr'><strong>‘p</strong></span> <span class='ocrx_word' id='word_1_365' title='bbox 229 4029 323 4108; x_wconf 69' lang='lat' dir='ltr'><strong>lllplu</strong></span> <span class='ocrx_word' id='word_1_366' title='bbox 351 4031 404 4093; x_wconf 81' lang='lat' dir='ltr'><strong>scd</strong></span> <span class='ocrx_word' id='word_1_367' title='bbox 425 4039 456 4093; x_wconf 87' lang='lat' dir='ltr'><strong>et</strong></span> <span class='ocrx_word' id='word_1_368' title='bbox 473 4032 547 4093; x_wconf 89' lang='lat' dir='ltr'><strong>baec</strong></span> <span class='ocrx_word' id='word_1_369' title='bbox 568 4036 687 4095; x_wconf 92' lang='lat' dir='ltr'><strong>nomina</strong></span> <span class='ocrx_word' id='word_1_370' title='bbox 710 4036 824 4113; x_wconf 86' lang='lat' dir='ltr'><strong>quade</strong></span> <span class='ocrx_word' id='word_1_371' title='bbox 844 4055 931 4097; x_wconf 86' lang='lat' dir='ltr'><strong>causa</strong></span> <span class='ocrx_word' id='word_1_372' title='bbox 953 4038 981 4096; x_wconf 95' lang='lat' dir='ltr'><strong>in</strong></span> <span class='ocrx_word' id='word_1_373' title='bbox 1002 4036 1185 4114; x_wconf 86' lang='lat' dir='ltr'><strong>supradicto</strong></span> <span class='ocrx_word' id='word_1_374' title='bbox 1207 4053 1275 4094; x_wconf 84' lang='lat' dir='ltr'><strong>casu</strong></span> <span class='ocrx_word' id='word_1_375' title='bbox 1300 4052 1334 4093; x_wconf 79' lang='lat' dir='ltr'><strong>es</strong></span> <span class='ocrx_word' id='word_1_376' title='bbox 1352 4042 1478 4112; x_wconf 88' lang='lat' dir='ltr'><strong>utraque</strong></span> <span class='ocrx_word' id='word_1_377' title='bbox 1491 4042 1517 4084; x_wconf 77' lang='lat'><strong>³⁵</strong></span> 
     </span>
    </p>
   </div>
   <div class='ocr_carea' id='block_1_9' title="bbox 139 4113 1295 4217">
    <p class='ocr_par' dir='ltr' id='par_1_10' title="bbox 139 4113 1295 4217">
     <span class='ocr_line' id='line_1_38' title="bbox 139 4113 1295 4217; baseline -0.003 -19"><span class='ocrx_word' id='word_1_378' title='bbox 139 4139 146 4211; x_wconf 86' lang='lat' dir='ltr'><strong>i</strong></span> <span class='ocrx_word' id='word_1_379' title='bbox 231 4113 292 4188; x_wconf 68' lang='lat' dir='ltr'><strong>lum</strong></span> <span class='ocrx_word' id='word_1_380' title='bbox 308 4135 454 4212; x_wconf 80' lang='lat' dir='ltr'><strong>permissa</strong></span> <span class='ocrx_word' id='word_1_381' title='bbox 472 4137 530 4194; x_wconf 87' lang='lat' dir='ltr'><strong>sint</strong></span> <span class='ocrx_word' id='word_1_382' title='bbox 552 4134 702 4206; x_wconf 83' lang='lat' dir='ltr'><strong>declinari,</strong></span> <span class='ocrx_word' id='word_1_383' title='bbox 724 4139 754 4197; x_wconf 89' lang='lat' dir='ltr'><strong>in</strong></span> <span class='ocrx_word' id='word_1_384' title='bbox 776 4140 857 4198; x_wconf 89' lang='lat' dir='ltr'><strong>sonis</strong></span> <span class='ocrx_word' id='word_1_385' title='bbox 879 4145 1072 4217; x_wconf 88' lang='lat' dir='ltr'><strong>conpetenter</strong></span> <span class='ocrx_word' id='word_1_386' title='bbox 1093 4135 1295 4197; x_wconf 85' lang='lat' dir='ltr'><strong>tractabimus.</strong></span> 
     </span>
    </p>
   </div>
   <div class='ocr_carea' id='block_1_10' title="bbox 287 4230 1480 4319">
    <p class='ocr_par' dir='ltr' id='par_1_11' title="bbox 287 4230 1480 4319">
     <span class='ocr_line' id='line_1_39' title="bbox 287 4230 1480 4319; baseline 0 -24"><span class='ocrx_word' id='word_1_387' title='bbox 287 4230 320 4295; x_wconf 87' lang='lat' dir='ltr'><strong>lle</strong></span> <span class='ocrx_word' id='word_1_388' title='bbox 344 4234 471 4297; x_wconf 80' lang='lat' dir='ltr'><strong>ablativo</strong></span> <span class='ocrx_word' id='word_1_389' title='bbox 498 4254 583 4304; x_wconf 87' lang='lat' dir='ltr'><strong>casu,</strong></span> <span class='ocrx_word' id='word_1_390' title='bbox 612 4239 661 4317; x_wconf 91' lang='lat' dir='ltr'><strong>qui</strong></span> <span class='ocrx_word' id='word_1_391' title='bbox 690 4258 707 4299; x_wconf 90' lang='lat' dir='ltr'><strong>e</strong></span> <span class='ocrx_word' id='word_1_392' title='bbox 730 4237 825 4300; x_wconf 90' lang='lat' dir='ltr'><strong>littera</strong></span> <span class='ocrx_word' id='word_1_393' title='bbox 855 4249 989 4319; x_wconf 88' lang='lat' dir='ltr'><strong>correpta</strong></span> <span class='ocrx_word' id='word_1_394' title='bbox 1017 4241 1208 4308; x_wconf 90' lang='lat' dir='ltr'><strong>terminatur,</strong></span> <span class='ocrx_word' id='word_1_395' title='bbox 1237 4246 1379 4316; x_wconf 86' lang='lat' dir='ltr'><strong>quantum</strong></span> <span class='ocrx_word' id='word_1_396' title='bbox 1405 4237 1480 4297; x_wconf 91' lang='lat' dir='ltr'><strong>ratio</strong></span> 
     </span>
    </p>
   </div>
   <div class='ocr_carea' id='block_1_11' title="bbox 139 4329 563 4431">
    <p class='ocr_par' dir='ltr' id='par_1_12' title="bbox 139 4329 563 4431">
     <span class='ocr_line' id='line_1_40' title="bbox 139 4329 563 4431; baseline 0.012 -37"><span class='ocrx_word' id='word_1_397' title='bbox 139 4376 144 4431; x_wconf 54' lang='grc' dir='ltr'><strong>Ξ</strong></span> <span class='ocrx_word' id='word_1_398' title='bbox 232 4329 341 4407; x_wconf 68' lang='lat' dir='ltr'><strong>llitcbat,</strong></span> <span class='ocrx_word' id='word_1_399' title='bbox 363 4340 563 4399; x_wconf 85' lang='lat' dir='ltr'><strong>tractavimus.</strong></span> 
     </span>
    </p>
   </div>
   <div class='ocr_carea' id='block_1_12' title="bbox 288 4431 1480 4521">
    <p class='ocr_par' dir='ltr' id='par_1_13' title="bbox 288 4431 1480 4521">
     <span class='ocr_line' id='line_1_41' title="bbox 288 4431 1480 4521; baseline 0 -22"><span class='ocrx_word' id='word_1_400' title='bbox 288 4431 321 4499; x_wconf 82' lang='lat' dir='ltr'><strong>lle</strong></span> <span class='ocrx_word' id='word_1_401' title='bbox 340 4440 358 4500; x_wconf 92' lang='lat' dir='ltr'><strong>i.</strong></span> <span class='ocrx_word' id='word_1_402' title='bbox 404 4439 531 4501; x_wconf 87' lang='lat' dir='ltr'><strong>ilittera</strong></span> <span class='ocrx_word' id='word_1_403' title='bbox 558 4448 670 4502; x_wconf 85' lang='lat' dir='ltr'><strong>tantum</strong></span> <span class='ocrx_word' id='word_1_404' title='bbox 699 4440 840 4503; x_wconf 86' lang='lat' dir='ltr'><strong>ablativus</strong></span> <span class='ocrx_word' id='word_1_405' title='bbox 868 4462 953 4503; x_wconf 87' lang='lat' dir='ltr'><strong>casus</strong></span> <span class='ocrx_word' id='word_1_406' title='bbox 980 4445 1098 4503; x_wconf 90' lang='lat' dir='ltr'><strong>numeri</strong></span> <span class='ocrx_word' id='word_1_407' title='bbox 1124 4441 1280 4521; x_wconf 83' lang='lat' dir='ltr'><strong>singularis</strong></span> <span class='ocrx_word' id='word_1_408' title='bbox 1307 4442 1480 4501; x_wconf 90' lang='lat' dir='ltr'><strong>terminatus</strong></span> 
     </span>
    </p>
   </div>
   <div class='ocr_carea' id='block_1_13' title="bbox 236 4631 1483 4850">
    <p class='ocr_par' dir='ltr' id='par_1_14' title="bbox 236 4631 1483 4850">
     <span class='ocr_line' id='line_1_42' title="bbox 236 4631 1412 4754; baseline 0 -61"><span class='ocrx_word' id='word_1_409' title='bbox 236 4684 247 4732; x_wconf 58' lang='lat'>8</span> <span class='ocrx_word' id='word_1_410' title='bbox 258 4631 427 4754; x_wconf 53' lang='lat' dir='ltr'><strong>dt{ngeuretiuoe</strong></span> <span class='ocrx_word' id='word_1_411' title='bbox 444 4659 519 4726; x_wconf 76' lang='lat' dir='ltr'><strong>casus</strong></span> <span class='ocrx_word' id='word_1_412' title='bbox 537 4644 562 4694; x_wconf 87' lang='lat' dir='ltr'><em>B</em></span> <span class='ocrx_word' id='word_1_413' title='bbox 580 4646 712 4709; x_wconf 84' lang='lat' dir='ltr'><strong>genetiuos</strong></span> <span class='ocrx_word' id='word_1_414' title='bbox 731 4661 822 4728; x_wconf 73' lang='lat' dir='ltr'><strong>castrus</strong></span> <span class='ocrx_word' id='word_1_415' title='bbox 841 4649 863 4699; x_wconf 81' lang='lat' dir='ltr'><strong>lt</strong></span> <span class='ocrx_word' id='word_1_416' title='bbox 950 4651 966 4698; x_wconf 66' lang='lat' dir='ltr'><strong>tt</strong></span> <span class='ocrx_word' id='word_1_417' title='bbox 989 4646 1066 4728; x_wconf 85' lang='lat' dir='ltr'><strong>huius</strong></span> <span class='ocrx_word' id='word_1_418' title='bbox 1085 4646 1168 4710; x_wconf 83' lang='lat' dir='ltr'><strong>qualis</strong></span> <span class='ocrx_word' id='word_1_419' title='bbox 1185 4662 1231 4696; x_wconf 87' lang='lat' dir='ltr'><strong>om.</strong></span> <span class='ocrx_word' id='word_1_420' title='bbox 1252 4648 1287 4708; x_wconf 86' lang='lat' dir='ltr'><strong>ll,</strong></span> <span class='ocrx_word' id='word_1_421' title='bbox 1306 4646 1367 4696; x_wconf 84' lang='lat' dir='ltr'><strong>add.</strong></span> <span class='ocrx_word' id='word_1_422' title='bbox 1388 4646 1412 4694; x_wconf 87' lang='lat' dir='ltr'><em>B</em></span> 
     </span>
     <span class='ocr_line' id='line_1_43' title="bbox 305 4713 1480 4782; baseline 0.003 -22"><span class='ocrx_word' id='word_1_423' title='bbox 305 4725 380 4762; x_wconf 78' lang='lat' dir='ltr'><strong>nurnr</strong></span> <span class='ocrx_word' id='word_1_424' title='bbox 398 4715 422 4764; x_wconf 89' lang='lat' dir='ltr'><em>B</em></span> <span class='ocrx_word' id='word_1_425' title='bbox 440 4713 598 4764; x_wconf 76' lang='lat' dir='ltr'><strong>finianturll</strong></span> <span class='ocrx_word' id='word_1_426' title='bbox 652 4716 684 4766; x_wconf 76' lang='lat'><strong>14</strong></span> <span class='ocrx_word' id='word_1_427' title='bbox 701 4717 1122 4767; x_wconf 81' lang='lat' dir='ltr'><strong>tractabrnruslltractaurmusB</strong></span> <span class='ocrx_word' id='word_1_428' title='bbox 1176 4718 1209 4768; x_wconf 84' lang='grc'><strong>19</strong></span> <span class='ocrx_word' id='word_1_429' title='bbox 1228 4717 1304 4782; x_wconf 82' lang='lat' dir='ltr'><strong>urrlgo</strong></span> <span class='ocrx_word' id='word_1_430' title='bbox 1324 4717 1348 4765; x_wconf 84' lang='lat' dir='ltr'><em>B</em></span> <span class='ocrx_word' id='word_1_431' title='bbox 1366 4713 1480 4781; x_wconf 79' lang='lat' dir='ltr'><strong>uolgoll</strong></span> 
     </span>
     <span class='ocr_line' id='line_1_44' title="bbox 281 4774 1483 4850; baseline 0.002 -19"><span class='ocrx_word' id='word_1_432' title='bbox 281 4774 306 4824; x_wconf 71' lang='lat'><strong>²8</strong></span> <span class='ocrx_word' id='word_1_433' title='bbox 319 4783 346 4831; x_wconf 81' lang='lat' dir='ltr'><strong>ab</strong></span> <span class='ocrx_word' id='word_1_434' title='bbox 362 4800 409 4836; x_wconf 80' lang='lat' dir='ltr'><strong>cor.</strong></span> <span class='ocrx_word' id='word_1_435' title='bbox 431 4784 463 4838; x_wconf 77' lang='lat' dir='ltr'><strong>li,</strong></span> <span class='ocrx_word' id='word_1_436' title='bbox 482 4785 544 4833; x_wconf 81' lang='lat' dir='ltr'><strong>cdd.</strong></span> <span class='ocrx_word' id='word_1_437' title='bbox 562 4784 588 4834; x_wconf 90' lang='lat' dir='ltr'><em>B</em></span> <span class='ocrx_word' id='word_1_438' title='bbox 656 4787 699 4848; x_wconf 90' lang='lat' dir='ltr'><strong>qui</strong></span> <span class='ocrx_word' id='word_1_439' title='bbox 718 4793 776 4836; x_wconf 84' lang='lat' dir='ltr'><strong>cute</strong></span> <span class='ocrx_word' id='word_1_440' title='bbox 794 4804 807 4834; x_wconf 82' lang='lat' dir='ltr'><strong>e</strong></span> <span class='ocrx_word' id='word_1_441' title='bbox 824 4786 907 4836; x_wconf 82' lang='lat' dir='ltr'><strong>littera</strong></span> <span class='ocrx_word' id='word_1_442' title='bbox 921 4803 967 4840; x_wconf 85' lang='lat' dir='ltr'><strong>om.</strong></span> <span class='ocrx_word' id='word_1_443' title='bbox 990 4787 1025 4850; x_wconf 85' lang='lat' dir='ltr'><strong>ll,</strong></span> <span class='ocrx_word' id='word_1_444' title='bbox 1043 4787 1105 4840; x_wconf 81' lang='lat' dir='ltr'><strong>add.</strong></span> <span class='ocrx_word' id='word_1_445' title='bbox 1123 4788 1148 4837; x_wconf 93' lang='lat' dir='ltr'><em>B</em></span> <span class='ocrx_word' id='word_1_446' title='bbox 1233 4786 1268 4838; x_wconf 79' lang='lat' dir='ltr'><strong>ac</strong></span> <span class='ocrx_word' id='word_1_447' title='bbox 1286 4787 1449 4835; x_wconf 82' lang='lat' dir='ltr'><strong>tractabimus</strong></span> <span class='ocrx_word' id='word_1_448' title='bbox 1467 4799 1483 4833; x_wconf 86' lang='lat' dir='ltr'><strong>r</strong></span> 
     </span>
    </p>
   </div>
   <div class='ocr_carea' id='block_1_14' title="bbox 139 4831 395 4903">
    <p class='ocr_par' dir='ltr' id='par_1_15' title="bbox 139 4831 395 4903">
     <span class='ocr_line' id='line_1_45' title="bbox 139 4831 395 4903; baseline 0.035 -9"><span class='ocrx_word' id='word_1_449' title='bbox 139 4834 141 4847; x_wconf 63' lang='lat'><strong>¹</strong></span> <span class='ocrx_word' id='word_1_450' title='bbox 238 4831 395 4903; x_wconf 57' lang='lat' dir='ltr'><strong>Marenen</strong></span> 
     </span>
    </p>
   </div>
   <div class='ocr_carea' id='block_1_15' title="bbox 272 4942 1277 5002">
    <p class='ocr_par' dir='ltr' id='par_1_16' title="bbox 272 4942 1277 5002">
     <span class='ocr_line' id='line_1_46' title="bbox 272 4942 1277 5002; baseline 0.002 -2"><span class='ocrx_word' id='word_1_451' title='bbox 272 4942 408 5001; x_wconf 66' lang='lat' dir='ltr'><strong>littura.</strong></span> <span class='ocrx_word' id='word_1_452' title='bbox 424 4959 497 5001; x_wconf 78' lang='lat' dir='ltr'><strong>car.</strong></span> <span class='ocrx_word' id='word_1_453' title='bbox 514 4960 573 5000; x_wconf 88' lang='lat' dir='ltr'><strong>rur.</strong></span> <span class='ocrx_word' id='word_1_454' title='bbox 1259 4944 1277 5002; x_wconf 83' lang='grc'>7</span> 
     </span>
    </p>
   </div>
   <div class='ocr_carea' id='block_1_16' title="bbox 0 0 1688 5506">
    <p class='ocr_par' dir='ltr' id='par_1_17' title="bbox 0 0 1688 5506">
     <span class='ocr_line' id='line_1_47' title="bbox 0 0 1688 5506; baseline 0 0"><span class='ocrx_word' id='word_1_455' title='bbox 0 0 1688 5506; x_wconf 95' lang='lat' dir='ltr'><strong> </strong></span> 
     </span>
    </p>
   </div>
  </div>
 </body>
</html>
