3314 5506
468 387 668 450 insilivit
689 387 831 449 lillTlVbl
853 385 1016 451 828-841
1327 387 1386 451 185

114 519 149 560 μ
173 507 265 550 amm
280 505 307 546 n.
1177 518 1200 558 ρ,
1214 505 1292 548 Μ
1306 503 1335 546 v.

45 577 174 647 bere,
211 580 325 639 utinam
353 576 530 646 scriberem,
564 594 632 636 cunr
654 574 832 647 scriberem,
860 576 968 637 scribe.
1013 595 1092 638 nunc
1121 596 1188 639 cunr
1217 578 1295 638 dicat
1315 576 1386 639 Ver·

48 676 178 756 gilius

544 781 693 842 foderet
714 780 924 842 calcaribus
946 799 1081 851 armos,

46 881 196 960 utique
215 885 272 945 iam
291 885 462 962 imperativo
484 884 573 944 modo
595 883 672 952 lode,
694 901 754 944 non
775 883 835 943 lodi
852 884 950 945 lacere
973 885 1182 962 pronuntiavit.

174 986 355 1058 Quaeritur,
384 1005 440 1065 qua
470 985 507 1046 de
527 1004 614 1047 causa
642 985 726 1045 traho
754 992 784 1045 et
803 1002 863 1045 non
885 990 950 1045 trao
973 985 1098 1046 dicatur.
1142 986 1199 1046 bac
1226 985 1264 1046 de
1287 1004 1385 1054 causa,
1412 1010 1425 1049 s

49 1087 233 1158 quoniam
259 1087 351 1149 rerba
381 1090 487 1149 tertiae
515 1088 729 1166 coniugationis
761 1095 916 1166 correptae
944 1088 1101 1149 indicativo
1130 1088 1218 1148 morlo
1246 1089 1387 1166 temporis

50 1193 258 1261 praesentis
292 1209 329 1251 ex
362 1191 456 1269 prima
490 1207 619 1270 persona
650 1190 766 1249 numeri
797 1188 956 1267 singularis
988 1190 1183 1268 probibentur
1219 1209 1254 1252 ao
1283 1187 1388 1250 litteris

51 1282 222 1352 definiri.

178 1390 354 1464 Quaeritur,
379 1411 436 1473 qua
458 1394 496 1456 de
517 1412 605 1455 causa
628 1393 704 1455 adno
725 1400 755 1454 et
775 1411 835 1453 non
860 1393 954 1454 adnao
977 1394 1101 1454 dicatur.
1146 1393 1201 1456 hac
1230 1394 1267 1455 de
1290 1396 1387 1462 causa,

52 1495 234 1562 ‘lussniant
256 1495 346 1557 verba
374 1497 487 1574 primae
510 1497 722 1573 coniugationis
749 1495 905 1556 indicativo
928 1495 1016 1555 modo
1039 1497 1138 1573 specie
1159 1496 1330 1574 imperiecta
1353 1515 1388 1556 ex
1403 1515 1428 1555 ro

54 1593 182 1656 tertia
205 1615 331 1676 persona
354 1599 471 1659 numeri
493 1596 615 1676 pluralis
642 1597 776 1657 ultimam
798 1597 938 1677 syllabam
962 1598 1100 1659 omittunt
1127 1605 1156 1660 et
1178 1620 1195 1660 a
1217 1606 1389 1678 sequentem

56 1689 97 1748 in
124 1713 158 1754 o
197 1699 323 1761 litteram
352 1707 528 1761 convertunt
561 1707 591 1762 et
623 1701 747 1779 primam
781 1717 938 1779 personam
970 1702 1086 1760 numeri
1119 1699 1276 1778 singularis
1310 1700 1390 1760 modi

59 1806 190 1870 supra
214 1801 283 1863 dicti
311 1801 487 1870 ostendunt,
516 1808 549 1864 nt
575 1809 645 1880 puta
672 1801 838 1880 probabant
865 1801 970 1881 probo.
1015 1821 1094 1863 nunc
1123 1821 1190 1863 eum
1219 1803 1297 1865 dicat
1317 1803 1389 1862 Ver·

62 1890 187 1964 gilius
213 1903 419 1967 ‘adnabunt
447 1904 625 1983 pariter',
657 1906 759 1983 utique
780 1905 839 1963 iam
859 1902 951 1972 adno,
985 1921 1044 1963 non
1073 1904 1168 1966 ednao
1196 1904 1294 1966 lacere
1319 1922 1389 1984 pro·

67 2005 251 2067 nuntiant
1401 2026 1426 2066 rs

187 2107 357 2180 Quaeritur,
385 2125 444 2187 qua
470 2108 507 2169 de
531 2126 619 2170 causa
644 2108 718 2169 veho
747 2116 776 2169 et
804 2126 862 2168 non
890 2126 945 2168 veo
975 2107 1098 2169 dicatur.
1142 2108 1199 2168 bac
1226 2107 1262 2168 de
1290 2126 1387 2176 musa,

74 2210 236 2274 quoniam
257 2209 349 2272 rerba
380 2212 484 2273 tertiae
511 2211 726 2288 coniugationis
755 2218 911 2289 correptae
940 2209 1097 2271 indicativo
1126 2211 1214 2270 modo
1247 2210 1390 2287 temporis

76 2311 261 2373 orneacus
295 2332 331 2375 ex
351 2311 358 2396 Ι
375 2313 472 2393 prima
503 2331 630 2392 persona
663 2313 780 2374 numeri
811 2313 968 2392 singularis
998 2312 1196 2391 prohibentur
1224 2331 1259 2373 eo
1286 2310 1390 2372 litteris

80 2394 222 2476 definiri.

187 2515 349 2588 Quaeritur,
371 2535 430 2596 qua
453 2517 490 2578 de
505 2535 592 2577 causa
614 2517 718 2596 lugere
741 2524 771 2577 et
789 2533 847 2576 non
870 2516 965 2595 fugire
986 2518 1110 2579 dicatur.
1154 2517 1210 2577 bac
1231 2517 1268 2578 de
1291 2534 1388 2586 causa,
1402 2534 1429 2576 ao

85 2613 235 2680 leonum
262 2637 468 2700 quaecumque
496 2619 586 2680 verba
614 2620 784 2699 imperativo
810 2619 898 2679 modo
927 2620 1068 2698 temporis
1094 2621 1259 2698 praesentis
1286 2638 1322 2681 er
1344 2638 1390 2680 se·

84 2715 197 2782 cond,
219 2739 346 2800 persona
382 2724 499 2783 numeri
527 2721 722 2798 singularise
752 2721 849 2782 littera
878 2723 1091 2792 terminantur,
1124 2722 1199 2783 baec
1231 2723 1261 2781 in
1288 2721 1390 2783 eadem

82 2816 224 2883 l‘l‘sona
252 2841 288 2885 re
316 2821 457 2902 syllabam
489 2825 637 2902 accipiunt
668 2830 696 2885 et
728 2824 872 2884 inlinitum
903 2825 1023 2885 modum
1053 2826 1195 2902 temporis
1227 2825 1391 2902 praesentis

81 2917 170 3014 ”ifle
193 2924 337 3006 qualitatis
364 2925 539 2994 ostendunt,
567 2931 599 2984 ut
619 2933 689 3004 puta
717 2924 815 2986 scribe
838 2925 980 2986 scribere.
1026 2944 1106 2987 nunc
1129 2945 1195 2987 cum
1219 2926 1297 2986 dicat
1318 2925 1390 2984 Ver·

78 3002 189 3085 eliu„
204 3025 306 3106 ‘luge
327 3026 421 3088 litus
444 3028 621 3096 ararum’,
644 3027 745 3106 utique
765 3029 823 3088 iam
846 3015 959 3088 infinito
974 3028 1062 3089 modo
1081 3029 1193 3106 lugere,
1214 3046 1273 3088 non
1295 3028 1390 3106 fugire
1403 3043 1428 3084 rs

78 3101 199 3188 heere
217 3130 435 3208 pronuntiatur.

187 3230 350 3302 Quaeritur,
373 3249 431 3310 qua
453 3231 490 3292 de
508 3249 597 3292 causa
619 3249 739 3292 sensum
762 3232 805 3291 ire
828 3239 857 3293 et
876 3250 936 3292 non
958 3232 1096 3293 sentilam
1116 3234 1162 3293 irc
1183 3232 1306 3293 dicatur.
1335 3232 1391 3292 hac

75 3306 106 3368 ὼ
152 3346 262 3404 uum,
285 3334 425 3413 quonum
444 3333 570 3412 gerundi
593 3335 782 3395 novissimum
808 3335 852 3394 ire
874 3333 987 3395 litteras
1008 3335 1165 3411 accipitet
1186 3335 1289 3394 infiniti
1310 3332 1392 3394 modi

28 3488 29 3493 ,
75 3405 230 3495 'ulmum
250 3442 370 3514 tempus
391 3435 527 3496 ostendit.
1332 3503 1334 3507 ,

187 3533 349 3607 Quaeritur,
372 3555 431 3617 qua
452 3537 489 3599 de
505 3556 593 3599 causa
616 3536 717 3598 lerbeo
740 3545 770 3599 et
791 3557 850 3599 non
873 3538 972 3598 ferveo
992 3539 1115 3598 dicatur.
1131 3534 1144 3618 ΙΙ
1160 3538 1216 3599 hac
1233 3537 1271 3599 de
1290 3556 1387 3606 causa,
1401 3551 1429 3594 ao

73 3629 237 3726 ‘bmnium
269 3657 475 3719 quaecumque
506 3639 593 3701 verba
628 3639 716 3700 modo
748 3640 904 3700 indicativo
936 3641 1034 3718 specie
1062 3641 1192 3717 perlecta
1223 3642 1253 3701 ui
1286 3639 1392 3701 litteris

72 3711 233 3802 Ἦ
253 3741 450 3810 deliniuntur,
478 3741 552 3803 baec
575 3759 734 3820 numquam
763 3743 792 3801 in
819 3743 922 3802 eodem
946 3742 1033 3803 modo
1061 3742 1204 3821 temporis
1228 3742 1392 3822 praesentis

73 3831 114 3876 ⁸¹
169 3844 257 3919 pruna
281 3860 410 3922 persona
439 3845 556 3905 numeri
581 3843 738 3920 singularis
766 3851 833 3905 ante
855 3863 873 3903 o
899 3845 1034 3905 ultimum
1058 3864 1092 3905 ve
1117 3843 1257 3924 syllabam
1282 3844 1392 3905 babent

73 3932 295 4007 mustacem.
339 3962 420 4006 nunc
446 3963 512 4006 cum
543 3953 572 4007 et
596 3946 655 4006 boc
677 3944 799 4007 verbum
824 3946 920 4007 ferbui
943 3947 1041 4008 lacere
1065 3949 1247 4024 reperiatur,
1275 3952 1306 4006 et
1325 3945 1392 4006 ideo

74 4014 212 4114 fe'‘beo,
233 4064 294 4108 uon
316 4047 418 4108 ferveo
439 4047 537 4108 iacere
558 4049 775 4127 pronuntiatur.
1403 4053 1430 4096 ³⁶

189 4145 352 4218 Quaeritur,
376 4166 433 4228 quaa
455 4149 492 4210 de
511 4167 601 4211 causa
623 4169 712 4230 serpo
740 4157 770 4212 et
788 4168 847 4211 non
867 4152 965 4230 serpio
987 4150 1111 4211 dicatur.
1157 4149 1213 4210 bac
1234 4149 1271 4210 de
1292 4168 1391 4220 causa,

78 4234 238 4312 quum
266 4269 472 4332 quaecumque
498 4250 589 4313 verba
617 4251 737 4312 abillis
763 4254 926 4332 participiis
953 4255 1053 4314 venire
1077 4254 1282 4331 reperiuntur,
1317 4270 1392 4330 quae

82 4338 276 4414 ”munaum
306 4371 376 4415 casu
403 4356 521 4415 numeri
544 4354 703 4433 singularis
724 4373 777 4414 ens
804 4352 907 4414 litteris
936 4360 1004 4429 post
1031 4362 1243 4415 consonantem
1272 4351 1391 4413 conclu·

87 4421 225 4523 dmum,
253 4455 330 4517 haec
351 4454 441 4516 modo
461 4455 617 4517 indicativo
638 4457 781 4534 temporis
804 4457 968 4534 praesentis
989 4457 1105 4516 numeri
1128 4455 1284 4534 singularis
1305 4471 1392 4514 num·

110 4697 143 4746 V
177 4652 312 4725 bloderet]
338 4657 629 4727 Verp.Aen.V1882
701 4657 891 4724 traductam]
917 4661 997 4725 Verp.
1014 4660 1080 4711 Aeo,
1102 4659 1126 4708 X
1144 4661 1195 4711 222
1264 4660 1299 4709 25
1319 4655 1391 4722 luge]

111 4728 649 4850 &perdonettyyylremeycntasprpworpi
668 4729 818 4849 bbnabbrulb
834 4800 859 4850 B
889 4729 1392 4851 ῗέτῖῗεῖῃΙείῑιιὲἑηῆῐεξὲἓῃῗὲἓὲξηγξιόο-

117 4837 218 4917 bonvcia
284 4866 319 4918 bb
338 4866 424 4918 ierbeo
440 4883 492 4918 non
510 4869 597 4919 lerueo
614 4869 638 4920 lt
655 4869 741 4920 leruec
758 4884 807 4919 non
827 4868 899 4920 leruo
915 4870 940 4919 B
