3314 5506
169 349 209 412 84
757 344 872 407 Pnoal

168 464 336 621 ultilnalwlll
351 464 421 595 llnte
437 531 567 594 ultimam
590 530 731 612 syllabam
751 549 805 610 per
826 531 989 608 geminatas
1006 539 1202 595 consonantes
1221 466 1412 613 sepribllnllul:
1432 554 1462 607 et

169 637 235 700 ideo
254 637 291 698 ab
313 653 418 716 aspera
439 653 545 713 asprus
566 634 630 695 lieri
652 632 836 714 prohibetur.
881 638 997 692 atvero
1020 630 1058 692 ab
1080 651 1184 712 aspera
1207 635 1255 697 bic
1277 657 1403 719 asperus
1424 662 1461 706 au

169 757 255 818 asper
277 738 400 806 dicatur,
419 736 476 796 boc
498 737 528 797 in
550 743 654 797 natura
673 733 851 815 syllabarum
874 740 1065 811 conpetenter
1086 736 1286 802 tractabimus.

252 839 337 901 Nunc
358 838 416 899 hoc
438 856 592 898 monemus
616 839 646 896 in
662 837 719 898 bac
739 836 833 896 iorma
858 835 976 913 generis
999 835 1139 905 lemioini,
1163 856 1221 917 qua
1240 839 1370 905 diximus
1384 845 1465 908 abla-

143 943 226 1006 stim
246 960 317 1003 casu
340 940 458 1001 numeri
481 937 638 1018 singularis
661 939 779 999 nomina
802 957 817 998 a
844 920 1116 999 litteraterminari
1142 944 1171 999 et
1192 943 1373 1006 nominativo
1393 965 1464 1011 casu

168 1047 284 1106 numeri
305 1041 461 1121 singularis
482 1060 499 1102 a
522 1040 620 1102 littera
639 1040 769 1107 deliniri,
792 1037 871 1119 quod
894 1056 929 1098 ex
951 1057 985 1098 ea
1007 1057 1095 1117 quam
1115 1037 1216 1118 plures
1236 1044 1315 1114 soni,
1338 1045 1398 1109 boe
1418 1056 1462 1109 eat

168 1164 256 1226 quam
278 1142 402 1224 plurima
424 1145 560 1213 nomina,
587 1143 700 1220 possint
722 1139 864 1202 exhiberi.
910 1140 1060 1201 deforma
1088 1143 1205 1220 generis
1226 1144 1376 1217 feminini,
1405 1168 1460 1229 qua

168 1246 292 1308 ablativo
314 1263 384 1306 casu
406 1246 521 1306 numeri
544 1243 700 1322 singularis
723 1245 839 1303 nomina
863 1262 879 1303 a
900 1241 996 1302 littera
1018 1245 1213 1304 terminantur
1235 1251 1266 1305 et
1282 1251 1460 1312 nominativo
1487 1282 1491 1289 ·

168 1367 239 1411 casu
262 1347 378 1409 urrmeri
399 1346 555 1424 singularis
575 1364 592 1405 a
615 1344 709 1406 littera
728 1344 924 1415 deliniuntur,
955 1351 1096 1423 quantum
1117 1347 1192 1406 ratio
1213 1348 1372 1426 poscebat,
1402 1359 1457 1414 tra
1491 1356 1506 1365 ”

95 1483 99 1489 ·
131 1472 157 1515 n
170 1452 321 1512 ctavimos.
1028 1530 1033 1536 .
1101 1447 1104 1452 ’

33 1540 35 1545 ’
254 1552 296 1613 lle
322 1553 359 1612 ia.
405 1566 607 1628 quaecumque
636 1549 753 1609 nomina
789 1549 907 1626 generis
934 1546 1064 1608 seminini
1096 1546 1329 1628 ablativoeasu
1348 1557 1460 1619 numeri
1488 1560 1493 1567 “

169 1652 325 1733 singularis
354 1671 371 1713 a
391 1650 486 1713 littera
510 1652 707 1712 terminantur
736 1656 766 1710 et
793 1650 971 1709 nominativo
998 1666 1068 1710 casu
1096 1652 1213 1711 numeri
1229 1646 1242 1735 Η
1256 1652 1416 1732 singularis
1436 1659 1462 1719 ia

169 1753 273 1816 litteris
295 1755 431 1815 discretis
452 1754 645 1819 deliniuntur,
670 1759 702 1811 ut
723 1757 792 1831 puta
810 1750 848 1812 ab
868 1751 923 1811 hac
945 1751 1063 1811 miseria
1081 1749 1155 1812 baec
1175 1752 1307 1825 miseria,
1331 1755 1406 1819 haee
1425 1760 1460 1820 ad

170 1857 227 1917 hoc
249 1856 416 1935 exemplum
438 1854 638 1916 declinantur:
667 1854 783 1915 ntrrneri
803 1851 960 1930 singularis
981 1851 1056 1913 baec
1077 1853 1195 1913 miseria
1217 1852 1305 1917 buius
1326 1859 1463 1922 miseriae

134 1957 242 2021 rehuic
263 1958 397 2019 miseriae
428 1958 504 2018 hanc
526 1958 674 2017 miseriam
702 1975 719 2015 ο
743 1956 860 2032 miseria
890 1954 926 2014 ab
950 1953 1005 2013 hac
1028 1955 1160 2024 miseria,
1195 1959 1312 2019 numeri
1341 1958 1463 2038 pluralis

170 2059 227 2121 bae
246 2061 382 2122 miseriae
410 2060 515 2119 barum
539 2059 723 2118 miseriarum
756 2055 802 2116 his
821 2056 946 2115 miseriis
975 2054 1029 2116 has
1051 2057 1183 2117 miserias
1215 2075 1238 2129 o,
1255 2060 1395 2123 miseriae
1426 2061 1463 2124 ab

171 2162 217 2222 bis
237 2162 374 2223 miseriis.
420 2161 513 2221 sicet
536 2157 592 2220 alia
616 2159 734 2238 generis
756 2157 886 2217 leminini
910 2158 1042 2226 nornine,
1072 2176 1147 2236 quae
1169 2158 1294 2220 ablativo
1316 2180 1387 2224 casu
1410 2182 1464 2226 uu·

171 2265 245 2325 meri
265 2261 423 2340 singularis
445 2281 460 2321 a
483 2259 579 2322 littera
600 2262 797 2321 terminantur
822 2266 851 2320 et
872 2260 1049 2318 nonrinativo
1072 2278 1143 2319 casu
1167 2263 1284 2322 numeri
1307 2263 1466 2342 singularis

171 2367 199 2425 ia
222 2363 342 2433 litteris,
366 2381 426 2425 oon
447 2364 472 2423 ia
491 2361 616 2441 syllaba,
646 2361 840 2429 deliniuntur,
866 2361 903 2421 ad
925 2359 1091 2439 exemplum
1114 2362 1251 2423 miseriae
1280 2382 1336 2443 per
1363 2385 1465 2431 omnes

135 2484 260 2528 aocasus
282 2464 476 2526 declinantur.
521 2481 601 2524 nunc
629 2462 735 2544 in'hac
764 2462 953 2541 supradicta
980 2463 1074 2522 iorma
1104 2463 1160 2523 boc
1188 2482 1358 2536 monemus,
1386 2469 1465 2548 quod

172 2584 376 2647 quaecumque
403 2567 523 2626 nomina
552 2566 669 2643 generis
695 2565 806 2625 scilicet
834 2564 966 2625 seminini
989 2582 1081 2625 unum
1111 2563 1272 2644 quemlibet
1299 2585 1403 2631 casum
1429 2569 1466 2633 atl

171 2669 298 2729 sormam
318 2658 453 2730 miseriae
477 2668 574 2728 iacere
600 2668 802 2735 inveniuntur,
830 2666 902 2726 haec
930 2665 1025 2727 dativo
1052 2674 1081 2727 et
1103 2665 1227 2727 abtauro
1250 2686 1321 2729 casu
1349 2672 1467 2733 numeri

173 2768 294 2848 pluralis
322 2776 391 2830 ante
419 2768 551 2829 ultimam
580 2775 792 2830 consonantem
819 2786 873 2847 per
900 2767 973 2857 duas
995 2768 1004 2826 i
1031 2768 1143 2829 litteras
1169 2768 1350 2833 scribuntur.
1395 2791 1466 2835 saue

172 2875 203 2932 in
224 2871 393 2950 hacsupra
413 2869 488 2931 dicta
508 2871 604 2930 lorma
626 2869 684 2930 hoc
707 2889 875 2939 monemus,
901 2869 980 2948 quod
1009 2868 1066 2930 hoc
1091 2888 1183 2931 unum
1201 2874 1320 2933 'nomen
1342 2880 1466 2946 tantum,

87 3003 112 3034 s·
134 2991 161 3034 aa
174 2972 203 3034 ic
219 2981 263 3034 est
277 2972 341 3042 alia,
365 2991 453 3051 quam
476 2973 601 3032 manme
623 2979 746 3049 propter
767 2978 931 3035 structuras
953 2973 1087 3049 genetivo
1102 2978 1132 3033 et
1146 2972 1242 3034 dativo
1260 2992 1330 3036 casu
1351 2979 1467 3039 numeri

174 3073 331 3153 singularis
352 3076 394 3135 sic
416 3072 549 3135 anomale
568 3074 774 3135 confirmatum
798 3076 834 3133 sit
855 3071 1010 3143 declinari,
1040 3073 1098 3134 boc
1121 3081 1166 3134 est
1192 3074 1279 3136 huius
1301 3075 1378 3138 alius
1399 3078 1468 3140 lruic

175 3174 238 3244 alii:
262 3186 381 3236 atvero
403 3194 457 3254 per
477 3181 593 3236 ceteros
615 3193 701 3235 casus
720 3174 756 3236 ad
780 3193 885 3235 sonum
907 3177 1043 3236 miseriae
1065 3174 1170 3237 debeat
1192 3175 1343 3239 declinari.
1389 3198 1468 3242 nuno

175 3279 262 3341 etiam
285 3277 342 3338 boc
365 3296 533 3346 monemus,
561 3278 639 3356 quod
660 3292 756 3356 supra·
779 3277 888 3338 dictum
918 3295 1027 3339 raomen
1051 3285 1174 3356 propter
1196 3285 1291 3339 metra
1321 3281 1352 3340 in
1374 3280 1467 3343 isdem

174 3374 274 3462 suipra
297 3378 383 3440 dictis
402 3378 518 3442 casibus
542 3386 570 3440 et
588 3377 722 3440 anomale
750 3385 779 3439 et
801 3397 860 3438 non
882 3379 1017 3440 anomale
1045 3381 1222 3466 permissum
1249 3382 1288 3440 sit
1314 3380 1465 3445 declinari

138 3500 164 3540 ae
178 3482 230 3543 sed
257 3482 314 3542 hoe
337 3500 445 3542 nomen
474 3500 531 3560 qua
557 3482 593 3543 de
617 3499 704 3542 causa
730 3483 761 3540 in
786 3499 876 3560 supra
898 3481 984 3542 dictis
1011 3480 1127 3552 ensibus
1155 3490 1278 3559 propter
1303 3491 1469 3546 structuras

176 3584 218 3644 sic
240 3581 375 3645 anomale
397 3584 602 3649 consumatum
622 3585 660 3642 sit
681 3585 866 3661 pronuntiari
889 3591 919 3644 et
938 3585 968 3643 in
994 3585 1096 3643 metris
1119 3582 1253 3644 anomale
1274 3593 1304 3645 et
1322 3603 1384 3646 non
1398 3604 1468 3648 ano·

177 3684 252 3745 male
274 3686 452 3762 permissum
468 3686 505 3744 sit
527 3684 676 3752 declinari,
697 3703 765 3745 cum
788 3686 823 3745 ad
839 3686 985 3745 rationem
1006 3690 1168 3744 metrorum
1192 3682 1236 3745 rel
1250 3692 1468 3749 structurarum

176 3786 360 3854 venerimus,
389 3784 447 3846 illic
475 3791 666 3862 conpetenter
688 3785 888 3846 tractabimus.
933 3787 1002 3847 item
1027 3789 1057 3846 in
1080 3786 1135 3847 hac
1158 3787 1346 3865 supradicta
1374 3789 1468 3863 torma

178 3885 235 3945 hoc
253 3903 417 3955 monemus,
440 3886 519 3964 quod
540 3884 597 3947 hoc
618 3904 710 3947 unum
733 3904 840 3947 nomen
864 3893 991 3956 tantum,
1014 3888 1043 3948 id
1067 3896 1110 3949 est
1132 3886 1205 3958 lilia,
1229 3896 1352 3968 propter
1376 3896 1470 3952 metra

139 4003 166 4045 aa
180 3993 209 4048 et
230 3994 394 4048 structuras
415 3987 511 4047 dativo
533 3993 563 4047 et
584 3986 709 4047 ablativo
732 4006 802 4048 casu
826 3989 940 4049 numeri
962 3988 1085 4068 pluralis
1107 3992 1149 4050 sic
1170 3970 1305 4051 anomale
1327 3994 1469 4054 coustitu-

178 4094 241 4149 tum
265 4088 302 4148 sit
321 4087 472 4157 declinari,
492 4095 525 4151 ut
544 4089 590 4149 bis
612 4087 728 4150 liliabus
745 4088 782 4148 ab
802 4090 848 4150 lais
870 4089 999 4160 liliabus;
1028 4100 1058 4152 at
1080 4110 1150 4154 vero
1168 4110 1223 4173 per
1245 4099 1363 4154 ceteros
1385 4110 1471 4155 casus

179 4191 215 4250 ad
237 4207 342 4249 sonum
365 4191 500 4251 miseriae
528 4190 634 4253 debeat
661 4191 810 4253 declinari.
855 4211 934 4253 nunc
961 4201 991 4254 et
1017 4193 1074 4255 boc
1101 4212 1191 4273 supra
1221 4194 1332 4256 dictum
1360 4212 1469 4257 nomeu

180 4310 237 4370 qua
267 4292 304 4352 de
325 4310 411 4353 causa
439 4300 561 4372 propter
586 4302 680 4356 metra
707 4293 751 4355 rel
779 4301 941 4355 structuras
967 4297 997 4356 in
1025 4313 1114 4378 supra
1144 4296 1229 4357 dictis
1256 4293 1375 4358 casibus
1400 4291 1473 4379 sie}

252 4599 264 4648 l
286 4598 327 4649 uel
346 4607 405 4665 post
422 4598 536 4649 ultimam
559 4600 684 4666 syllabam
703 4601 726 4650 n
754 4600 794 4649 uel
812 4609 870 4666 post
888 4603 976 4652 ultima
995 4602 1091 4666 syllaba
1109 4602 1135 4652 B
1158 4602 1197 4652 rel
1216 4618 1298 4667 paene
1313 4601 1403 4653 ultima
1420 4601 1474 4670 ayl-

180 4669 238 4719 laba
256 4685 270 4717 a
375 4669 390 4719 3
409 4671 572 4721 tractabimus
591 4687 605 4719 r
623 4673 788 4720 tractauimus
806 4671 856 4721 IlB
959 4677 974 4724 4
994 4687 1126 4722 monemus
1143 4675 1165 4721 ai
1184 4674 1210 4722 in
1227 4673 1265 4723 ll:
1283 4674 1305 4722 si
1322 4688 1370 4727 om.
1388 4690 1402 4722 c

180 4737 215 4791 23
232 4733 301 4801 ante]
312 4748 380 4859 Ipost
398 4740 435 4791 lio
540 4739 574 4792 33
592 4741 756 4792 tractabimus
775 4757 790 4789 r
808 4741 970 4792 tractauimus
991 4742 1039 4792 nn
1144 4742 1177 4794 35
1195 4744 1360 4794 constitutum
1379 4759 1394 4793 o
1411 4757 1474 4793 cou-

181 4809 294 4859 strictum
