3314 5506
490 356 686 420 tn's'strvrn
709 357 851 418 anolvit
873 359 1019 422 93-103
1358 360 1393 424 61

151 473 315 526 amna
1189 473 1347 526 amno

100 544 209 622 gradus
235 563 273 605 ex
301 562 335 604 se
361 542 459 604 iacere
487 552 625 621 possunt,
655 543 729 604 baec
758 545 786 604 iu
816 544 912 605 dativo
942 563 1010 606 casu
1037 547 1153 608 numeri
1179 545 1337 624 singularis
1363 564 1399 607 or

100 645 244 726 syllabam
269 646 420 724 accipiunt
439 652 468 705 ct
490 647 719 722 comparativum
742 644 866 722 gradum
889 647 1006 724 generis
1025 647 1070 707 sui
1094 654 1206 706 tanturn
1228 646 1397 718 ostendunt,

101 754 223 826 utputa
247 747 297 808 bic
321 764 411 809 senex
434 745 503 806 buic
525 748 589 808 seni
611 745 659 806 hic
678 747 777 806 senior
799 747 897 808 iacere
920 746 1033 808 debeat.
1078 756 1107 809 at
1125 765 1196 808 vcro
1217 747 1290 808 baec
1307 765 1398 826 gene·
1420 733 1424 738 ⁷

101 851 144 909 ris
175 847 333 909 masculini
366 847 500 931 npmiua,
526 866 602 927 quae
630 847 756 908 diximus
786 848 815 907 in
845 848 969 927 positivo
997 847 1089 926 gradu
1119 849 1299 909 nominativo
1327 867 1396 910 casu

100 950 220 1010 numeri
242 949 403 1027 singularis
425 968 460 1010 er
481 948 586 1010 litteris
604 949 735 1017 definiri,
764 948 959 1027 superlativos
980 949 1089 1027 gradus
1118 950 1215 1011 iacere
1237 950 1396 1028 prolviben·
1423 977 1436 1016 ι

101 1058 161 1119 tur,
182 1051 296 1112 scilicet
313 1052 451 1130 quoniam
476 1051 548 1112 baec
564 1050 666 1112 eadem
686 1068 774 1129 supra
791 1049 886 1111 dictae
909 1050 1020 1111 formae
1038 1052 1156 1111 nomina
1174 1051 1203 1110 in
1221 1050 1397 1130 superlativo

101 1152 198 1231 gradu
225 1170 333 1213 sonum
362 1151 472 1230 pedum
505 1154 534 1211 in
559 1152 668 1218 metris,
683 1151 727 1212 vel
758 1152 967 1212 instructoris
999 1151 1139 1213 exhibere
1173 1169 1231 1212 non
1263 1160 1396 1230 possunt.

102 1272 176 1314 sane
195 1255 254 1314 boc
274 1270 438 1321 monemus,
456 1254 535 1334 quod
558 1253 632 1314 baec
652 1253 782 1314 eiusdem
805 1271 894 1332 supra
916 1252 1011 1315 dictae
1033 1233 1151 1313 formae
1168 1255 1285 1313 nomina
1308 1271 1397 1332 gene·

101 1356 145 1415 ris
166 1354 278 1417 scilicet
301 1352 470 1423 masculini,
492 1356 517 1415 si
539 1361 684 1432 cogantur
706 1373 745 1416 ex.
765 1356 937 1433 speciosus
961 1363 990 1416 et
1010 1357 1127 1433 generis
1149 1355 1278 1415 feminini
1300 1355 1398 1417 lacere

102 1457 240 1525 nomina,
260 1456 341 1537 quod
360 1456 435 1517 hacc
453 1456 558 1517 cadem
579 1456 698 1535 generis
726 1456 857 1517 seminini
879 1457 997 1516 nomina
1024 1474 1079 1534 pcr
1100 1456 1323 1517 inmutationem
1349 1475 1397 1518 rc·
1411 1481 1436 1523 u

102 1559 258 1635 pariantur
279 1574 344 1617 csse
367 1556 509 1630 anomala,
533 1564 654 1636 utputa
677 1556 726 1618 bic
749 1576 837 1619 senor
860 1556 934 1618 baec
956 1576 1029 1619 arvus
1051 1557 1149 1620 lacere
1171 1557 1286 1619 debeat
1318 1577 1398 1619 rrunc

55 1663 65 1671 ’
101 1661 192 1719 etiam
215 1657 274 1719 boc
295 1676 451 1720 monemus
471 1663 501 1718 in
520 1658 576 1721 bac
596 1659 691 1719 lorvna
714 1659 832 1736 generis
853 1657 1023 1726 masculini,
1047 1677 1104 1738 qua
1123 1659 1249 1719 diximus
1269 1661 1298 1719 in
1321 1662 1397 1738 posi·

102 1763 161 1820 tivo
187 1759 284 1836 gradu
312 1760 489 1821 nominativo
516 1778 586 1821 casu
614 1762 731 1821 numeri
755 1758 913 1837 singularis
939 1763 1057 1821 uomina
1080 1779 1116 1821 ex
1141 1760 1246 1821 litteris
1273 1761 1397 1832 deliniri,
1444 1744 1446 1749 ⁵

101 1862 182 1942 quod
205 1881 242 1923 ex
263 1880 297 1923 ea
320 1861 416 1922 forma
436 1860 502 1941 plus
524 1880 612 1945 qnam
640 1869 700 1922 tres
722 1863 805 1930 soni,
833 1862 890 1922 boc
909 1869 955 1922 est
976 1880 1065 1939 quam
1091 1864 1147 1945 tria
1172 1865 1307 1933 nomina,
1337 1880 1397 1922 non

102 1963 218 2041 possint
239 1961 383 2024 exbiberi.
429 1962 465 2024 de
488 1964 582 2024 iorma
608 1964 726 2042 generis
748 1962 914 2032 masculini,
944 1982 1002 2044 qua
1029 1966 1059 2023 in
1081 1965 1205 2042 positivo
1228 1963 1320 2042 gradu
1344 1981 1396 2023 no·
1411 1986 1436 2028 u

103 2046 245 2125 minatico
269 2082 339 2125 casu
361 2066 477 2126 numeri
503 2063 660 2142 singularis
687 2065 806 2125 nomina
834 2083 871 2124 ex
894 2063 998 2129 litteris
1026 2065 1219 2136 deliniuntur,
1248 2083 1335 2144 quem
1360 2064 1396 2125 ad

103 2167 224 2227 modum
253 2185 290 2226 ex
315 2185 348 2228 se
376 2168 591 2244 comparativus
617 2165 812 2244 gradus-nec
840 2184 899 2226 uon
928 2174 957 2227 et
985 2168 1102 2227 uomina
1134 2167 1272 2228 feminina
1300 2166 1398 2228 lacere

101 2270 216 2347 possint
251 2266 297 2328 vel
313 2263 326 2350 ΙΙ
349 2269 424 2328 intra
455 2275 595 2346 quantum
628 2285 784 2328 numerum
817 2285 882 2330 esse
916 2271 1119 2348 reperiantur,
1151 2274 1292 2347 quantum
1322 2268 1398 2330 ratio

101 2369 255 2448 poscebat,
279 2371 475 2456 tractavimus.

188 2471 232 2532 lle
255 2489 300 2531 us.
344 2490 547 2550 quaecumque
570 2471 687 2532 nomina
711 2472 828 2549 generis
852 2469 1006 2532 masculini
1032 2473 1061 2531 in
1084 2472 1207 2549 positivo
1229 2470 1322 2549 gradu
1343 2487 1395 2530 uo·
1410 2494 1436 2537 ω

100 2575 243 2635 minativo
274 2589 346 2634 casu
371 2572 676 2656 numerisingularis
706 2590 741 2632 us
766 2571 872 2633 litteris
902 2572 1096 2642 deliniuntur,
1130 2574 1154 2634 si
1184 2573 1399 2650 comparativus

99 2677 213 2756 gradus
241 2693 279 2736 ex
301 2674 453 2735 sefacere
480 2681 618 2752 possunt,
645 2673 718 2735 baec
744 2676 775 2734 in
792 2673 932 2751 'gervetiv'o
956 2692 1025 2735 casu
1048 2675 1164 2736 numeri
1186 2673 1342 2752 singularis
1363 2691 1398 2733 or

100 2777 247 2859 syllabam
270 2777 419 2855 accipiunt
440 2782 470 2837 et
491 2776 720 2854 comparativum
747 2775 871 2854 gradum
895 2778 1014 2852 gevreris
1036 2778 1202 2837 communis
1224 2775 1397 2843 ostendunt;

98 2879 215 2941 scilicet
249 2880 390 2958 quomam
416 2879 596 2958 quicumque
624 2878 813 2956 comparativi
842 2877 952 2955 gradus
980 2879 1157 2939 nominativo
1185 2896 1256 2939 casu
1284 2878 1400 2938 numeri

101 2980 266 3059 singularis
286 2977 459 3040 ior'litteris
487 2978 667 3040 deliniuntur
694 2985 723 3039 et
744 2997 803 3039 non
830 2997 865 3040 er
886 2978 934 3041 illa
958 2980 1101 3058 positione
1128 2979 1257 3048 formae,
1284 2997 1340 3058 qua
1362 2997 1396 3040 ex
1411 3000 1437 3042 as

101 3102 214 3161 genere
233 3080 399 3143 masculino
418 3083 594 3142 nominativo
617 3098 688 3141 casu
711 3083 826 3142 numeri
849 3081 1005 3160 singularis
1024 3101 1061 3142 cx
1082 3080 1187 3143 litteris
1208 3083 1326 3141 nomina
1347 3081 1399 3142 de·

101 3186 264 3253 liniuntur,
286 3184 387 3245 venire
409 3181 629 3260 intelleguntur,
649 3181 654 3263 Ι
673 3182 703 3242 bi
724 3185 842 3262 generis
864 3186 1115 3244 communicasse
1138 3184 1343 3262 reperiuntur,
1368 3191 1401 3243 ιιι

103 3294 174 3366 puta
195 3285 246 3346 bic
264 3285 370 3347 doctus
390 3284 477 3345 buius
498 3284 577 3346 docti
600 3284 649 3345 bic
672 3292 701 3345 et
722 3284 795 3345 baec
817 3285 932 3346 doctior
954 3286 1051 3347 lacere
1071 3284 1187 3346 debeat.
1226 3301 1305 3344 nuuc
1327 3283 1400 3345 baec

103 3389 208 3450 eadem
237 3404 329 3465 supra
360 3386 429 3447 dicti
457 3388 576 3463 generis
602 3387 737 3456 nomina,
765 3405 841 3466 quac
869 3386 995 3448 diximus
1024 3389 1054 3447 in
1084 3386 1277 3464 supradicto
1305 3385 1400 3462 gradu

104 3491 285 3551 nominativo
301 3507 371 3550 casu
395 3490 510 3561 numeri
524 3487 682 3565 singularis
702 3506 791 3567 supra
809 3488 885 3549 dicta
906 3489 1000 3548 iorma
1020 3488 1107 3554 liniri,
1128 3488 1157 3547 in
1180 3474 1314 3565 genetivo
1329 3503 1400 3547 casu
1412 3506 1439 3550 so

103 3593 223 3653 numeri
241 3589 401 3669 singularis
422 3608 457 3651 us
479 3588 618 3669 syllabam
643 3593 792 3668 accipiunt
813 3599 842 3651 et
865 3609 922 3650 non
946 3598 1056 3650 tantum
1079 3591 1310 3668 comparationum
1332 3606 1399 3667 gra·

104 3695 177 3757 dum
197 3692 317 3770 generis
347 3693 443 3752 neubi
472 3691 523 3752 sed
546 3698 576 3751 et
595 3691 802 3754 adverbiorum
827 3692 1001 3760 ostendunt;
1030 3691 1142 3752 scilicet
1166 3693 1307 3770 quoniam
1335 3691 1400 3771 qui·

104 3790 237 3876 tumque
258 3793 450 3873 comparativi
478 3792 588 3871 gradus
611 3794 789 3854 nominativo
812 3811 881 3853 casu
910 3795 1025 3854 numeri
1046 3792 1203 3872 singularis
1229 3793 1275 3854 ius
1297 3791 1401 3855 litteris

106 3898 306 3963 deliniuntur,
328 3894 360 3955 bi
380 3913 439 3956 non
463 3902 575 3956 tantum
600 3897 719 3972 garreris
740 3897 836 3956 neutri
859 3895 910 3956 sed
936 3901 966 3956 et
993 3895 1201 3957 adverbiorum
1223 3912 1289 3955 esso
1315 3911 1402 3973 repc-

105 4001 238 4066 riuutur,
263 4004 384 4075 utputa
408 3996 456 4056 lric
479 3996 582 4056 doctus
604 3997 691 4057 buius
713 3998 806 4063 docti,
841 3997 955 4058 doctius
977 3999 1096 4076 utrique
1118 3997 1324 4075 respondeat.
1348 3995 1400 4057 sed
1413 4013 1440 4055 ss

105 4110 177 4161 tuuc
198 4100 230 4161 bi
250 4100 369 4179 generis
397 4099 494 4160 neutri
515 4117 580 4160 esse
606 4100 812 4177 reperiuntur,
839 4098 957 4176 quaudo
985 4098 1145 4175 gerreribus
1172 4100 1285 4159 neutris
1311 4097 1402 4158 iuncti

106 4203 313 4269 inveniuntur,
342 4209 375 4261 ut
399 4207 469 4279 puta
497 4200 629 4263 ‘doctius
655 4200 784 4261 cilicium
794 4203 814 4260 ’.
859 4179 980 4261 atvero
1008 4199 1127 4278 quando
1155 4218 1214 4260 non
1242 4198 1403 4278 generibus

106 4306 228 4373 neutris,
248 4303 301 4364 sed
321 4320 390 4365 cum
412 4300 467 4363 alia
490 4300 621 4382 qualibet
642 4310 726 4380 parte
747 4303 895 4385 orationis
911 4303 1086 4370 miscentur,
1110 4300 1317 4362 adverbiorum
1337 4318 1402 4362 esse
1480 4372 1489 4385 ⁶

106 4408 353 4485 pronuntiantur,
385 4409 418 4464 ut
445 4411 515 4481 puta
548 4404 681 4465 ‘doctius
711 4404 805 4465 iccil'.
850 4405 894 4464 sic
926 4411 954 4464 et
984 4402 1045 4463 alii.
1063 4405 1252 4481 comparativi
1283 4403 1401 4480 gradus,

105 4508 224 4586 quando
255 4507 363 4586 generi
395 4512 502 4566 neutro
532 4504 577 4567 vel
608 4506 726 4585 quando
758 4503 904 4566 adverbiis
934 4504 1149 4583 respondeant,
1183 4503 1401 4582 intelleguntur.
1415 4518 1442 4560 ao

173 4677 189 4730 3
207 4679 249 4728 bic
264 4673 361 4740 senex]
380 4672 453 4725 Sera.
472 4677 497 4725 in
509 4675 575 4726 Don.
591 4689 620 4738 p.
634 4675 699 4728 1841
720 4675 806 4740 Pomp.
820 4690 847 4740 p.
862 4675 911 4726 128
924 4675 964 4724 ed.
979 4675 1056 4726 Lind.
1129 4674 1161 4725 12
1177 4689 1227 4737 qua
1243 4691 1258 4723 r
1275 4675 1299 4722 in
1316 4690 1365 4738 qna
1381 4674 1404 4725 ll

175 4749 206 4799 lb
224 4750 250 4800 in
268 4764 318 4799 om.
336 4746 372 4807 11,
393 4744 454 4795 odd.
471 4761 487 4794 r
567 4744 598 4797 18
613 4746 713 4811 possint
730 4762 745 4794 r
762 4745 909 4811 possuntt
980 4748 1014 4798 ’lb
1031 4744 1236 4808 qusrqunelt
1306 4746 1341 4795 ιιι
1358 4745 1403 4794 dc·

105 4820 179 4869 beant
195 4820 233 4870 na
303 4815 342 4870 33
361 4816 404 4863 ius
420 4814 510 4865 litteris
526 4831 542 4864 r
560 4814 599 4864 ior
617 4814 748 4866 litterisR
