3314 5506
182 377 232 426 ιιι
723 367 931 428 ommno

139 525 147 546 κ
183 550 271 613 edita
297 559 372 613 sunt
399 551 558 634 integram
586 551 735 632 exhibui,
767 551 829 615 nisi
857 551 944 637 quod
978 551 1012 614 in
1034 550 1168 615 Graecis
1198 551 1366 616 vocabulis
1394 572 1467 615 eam

183 651 447 736 discrepantiam,
476 674 559 738 quae
586 674 651 716 non
681 675 723 716 ex
744 652 932 717 diversitate
954 650 1063 737 aliqua
1085 653 1261 717 sententiae
1283 652 1336 717 vel
1358 674 1467 717 errore

183 753 307 817 librarii
328 752 474 838 profecta
496 762 557 834 est,
579 754 636 818 sed
658 754 700 818 ad
721 756 878 819 rationem
900 752 1062 818 scribendi
1084 753 1137 818 vel
1152 754 1381 838 pronuntiandi
1397 777 1467 840 per·

184 856 275 933 tinet,
299 855 402 918 omisi.
426 877 467 918 ex
489 877 552 942 quo
574 877 692 940 genere
715 864 790 921 sunt
810 855 900 936 haec,
922 855 1009 940 quod
1031 877 1128 940 saepe
1150 877 1168 918 ο
1189 878 1247 941 pro
1268 858 1466 942 coemptum

183 966 246 1037 est,
281 965 318 1020 ut
344 955 450 1037 θοραξ
473 978 531 1042 pro
554 955 683 1039 θώραξ,
713 978 808 1043 apro
837 979 871 1020 αι
896 957 950 1021 vel
981 979 1016 1039 q,
1039 966 1076 1020 ut
1103 956 1240 1039 αξιουμε
1267 961 1381 1040 ιιθεμι
1408 978 1467 1043 pro

183 1048 336 1140 ἀξιοῦμαι
358 1058 484 1140 τίθημι,
514 1081 525 1120 ι
546 1081 605 1144 pro
628 1080 666 1140 ει,
689 1069 726 1124 ut
747 1059 889 1142 φιδομαι
911 1079 1034 1122 vuacta
1054 1081 1113 1145 pro
1136 1058 1294 1142 φείδομαι
1314 1048 1466 1140 ὑπατεία,

182 1158 235 1224 vel
258 1170 370 1224 contra
392 1181 420 1222 ει
442 1182 499 1244 pro
523 1183 552 1241 ι,
575 1169 611 1225 ut
632 1175 815 1244 χρημασειν
836 1183 894 1247 pro
917 1155 1098 1244 χρήμασιν,
1122 1161 1155 1225 et
1176 1184 1188 1224 ι
1209 1184 1267 1247 pro
1289 1184 1321 1243 v,
1344 1170 1382 1225 nt
1403 1165 1465 1224 θο-

184 1263 277 1344 ριβος
287 1283 346 1347 pro
363 1255 525 1344 θόρυβος,
541 1271 574 1327 et
588 1263 675 1350 qnod
690 1285 712 1325 ν
725 1285 783 1348 pro
798 1285 822 1345 μ
837 1264 890 1328 vel
905 1286 926 1345 y
939 1264 1080 1348 positum
1095 1272 1144 1327 est
1158 1265 1193 1327 in
1207 1263 1343 1345 talibus,
1367 1284 1465 1346 empe-

185 1384 245 1445 ρης
265 1385 324 1448 pro
347 1353 503 1446 ἐμφερής,
526 1367 658 1446 ελενχος
679 1387 737 1450 pro
759 1357 902 1446 ἔλεγχος.

266 1465 381 1530 Restat
403 1475 438 1529 ut
459 1468 572 1550 paucis
594 1466 781 1554 explicetur,
805 1487 902 1552 quam
924 1467 1149 1532 auctoritatem
1170 1468 1204 1530 in
1227 1467 1276 1531 his
1299 1466 1406 1548 libris,
1430 1470 1464 1532 de

182 1567 300 1652 quibus
328 1567 422 1630 modo
453 1568 575 1632 dictum
605 1579 668 1650 est,
702 1570 831 1633 nomina
861 1568 979 1654 quibus
1008 1570 1154 1654 inscripti
1181 1579 1257 1634 sunt
1284 1568 1389 1635 Servii
1417 1568 1464 1634 vel

183 1668 288 1751 Sergii
309 1667 460 1734 habeant.
507 1671 655 1736 Servium
677 1672 778 1756 igitur
799 1671 1045 1755 grammaticum
1069 1670 1110 1751 Q.
1125 1670 1259 1736 Aurelio
1276 1670 1463 1758 Symmacho

183 1769 367 1855 aequalem,
395 1773 452 1860 ped
480 1773 603 1860 aliquot
630 1773 723 1838 annis
749 1773 907 1837 iuniorem
928 1795 948 1836 a
969 1773 1134 1838 Macrobio
1155 1774 1189 1836 in
1212 1772 1463 1837 Saturnaliorun

182 1869 273 1935 libris
300 1871 412 1936 induci
438 1885 579 1940 constat:
614 1875 656 1939 cf.
685 1876 746 1939 Ian
773 1873 897 1960 proleg.
924 1877 958 1939 in
988 1874 1133 1940 Macrob.
1156 1898 1186 1960 p.
1209 1874 1341 1939 XXIX.
1365 1897 1462 1959 neque

182 1971 312 2038 videtur
345 1974 488 2040 dubitari
519 1998 616 2061 posse
648 1979 726 2063 quin
759 1976 801 2040 ad
832 1975 918 2040 hunc
946 1985 979 2040 et
1008 1978 1255 2041 commentarius
1277 1979 1312 2042 in
1333 1977 1462 2061 Vergili

183 2084 326 2148 carmina
348 2087 381 2142 et
402 2077 478 2142 libri
501 2078 540 2143 de
563 2088 632 2143 arte
652 2079 866 2163 grammatica
892 2078 953 2142 hoc
980 2079 1109 2144 nomine
1136 2080 1286 2165 inscripti
1307 2078 1462 2143 referend

184 2187 265 2266 sint,
288 2186 372 2249 sieut
392 2190 465 2266 post
487 2179 721 2266 disputationes
744 2180 875 2244 Ioannis
899 2178 1030 2245 Seldeni
1051 2180 1092 2245 de
1120 2182 1248 2268 synedr.
1278 2182 1358 2246 Ebr.
1381 2181 1408 2262 I,
1433 2189 1461 2249 11

184 2286 272 2373 (opp.
296 2309 380 2351 omn.
403 2284 467 2349 vol.
492 2283 518 2364 Ι,
541 2291 560 2350 2
583 2305 614 2366 p·
638 2286 715 2362 965)
745 2292 778 2345 et
804 2281 956 2346 Andreae
981 2282 1070 2347 Bosii
1101 2282 1142 2347 de
1168 2283 1359 2368 pontificatu
1383 2305 1461 2346 max

183 2393 296 2475 imper.
326 2387 418 2451 Rom.
447 2385 548 2466 1V,4
583 2383 715 2469 (Graev.
741 2383 824 2448 thes.
853 2385 952 2469 antiq.
983 2385 1074 2452 Rom.
1106 2392 1129 2448 t.
1158 2385 1189 2450 V
1216 2408 1248 2472 p.
1277 2385 1354 2469 293)
1388 2406 1461 2448 num

183 2491 281 2574 vulgo
310 2489 462 2553 creditur.
491 2496 566 2550 narn
592 2508 656 2550 non
684 2485 779 2550 modo
808 2487 940 2571 egregia
969 2489 1047 2552 artis
1075 2489 1305 2572 grammaticae
1327 2487 1461 2552 doctrin:

109 2659 112 2665 ,
188 2593 337 2657 Servium
359 2590 507 2677 quamvis
530 2586 769 2651 adulescentem
792 2609 831 2651 ea
852 2596 958 2653 aetate
981 2587 1127 2653 floruisse
1150 2589 1229 2654 dicit
1248 2589 1460 2656 Macrobius]

185 2703 214 2777 2,
239 2704 288 2763 15.
312 2701 364 2774 24,
388 2688 587 2773 8320.v11
611 2700 660 2769 11,
693 2689 751 2754 sed
779 2691 876 2754 etiam
904 2691 944 2755 de
972 2692 1192 2774 grammaticis
1219 2693 1460 2777 quaestionibus

187 2797 327 2860 maxime
349 2794 390 2858 de
412 2792 591 2857 elocutione
612 2791 759 2876 Vergilii,
788 2791 883 2857 docte
906 2793 1125 2878 disputantem
1153 2815 1226 2856 eum
1248 2795 1328 2859 facit
1349 2794 1367 2859 I
1390 2805 1419 2876 4,
1442 2804 1460 2864 4

183 2899 218 2963 Π
242 2905 270 2977 2,
295 2905 345 2965 12.
367 2895 416 2960 Vl
439 2902 457 2963 6
480 2917 550 2980 sqq.
574 2894 631 2958 sed
654 2917 727 2958 cum
749 2904 862 2979 postea
883 2896 1103 2978 grammatici,
1136 2894 1222 2981 apud
1250 2918 1331 2982 quos
1354 2919 1460 2981 magur

184 3009 255 3063 erat
276 2999 380 3063 Servii
403 2998 589 3076 auctoritas,
610 3018 649 3060 ea
670 3019 754 3082 quae
776 2998 897 3081 scripta
918 2995 1102 3081 reliquerat,
1125 3018 1189 3082 quo
1212 2999 1339 3082 aptiora
1359 2999 1460 3064 fieren

184 3099 227 3166 ad
250 3122 326 3164 suae
348 3100 464 3164 aetatis
486 3121 591 3179 usum,
614 3108 776 3163 mutarent
797 3098 850 3162 vel
873 3097 946 3178 alia,
969 3120 1052 3185 quae
1075 3099 1116 3162 ab
1138 3097 1192 3163 illo
1208 3100 1336 3162 omnino
1353 3102 1460 3184 scripti

184 3226 248 3268 non
271 3210 371 3280 erant,
394 3201 551 3265 adderent
572 3210 604 3264 et
626 3210 858 3286 supponerent,
881 3210 948 3264 tam
969 3199 1071 3263 multa
1092 3200 1168 3264 huic
1189 3203 1398 3284 grammatico
1420 3205 1459 3268 tn'

184 3307 263 3371 buta
286 3314 369 3383 sunt,
392 3303 514 3368 utiam
536 3324 601 3367 non
623 3325 705 3388 quac
727 3304 797 3387 ipse
819 3303 1003 3387 scripserat,
1026 3301 1084 3365 sed
1107 3324 1190 3388 quae
1204 3304 1362 3388 posterior
1384 3313 1459 3368 aeta

185 3410 214 3472 ei
238 3406 397 3472 tribuerat
417 3405 478 3468 hoc
501 3406 627 3469 nomine
649 3405 806 3490 inscripta
828 3403 999 3468 ferrentur.
1022 3403 1073 3468 his
1095 3404 1210 3468 studiis
1233 3414 1342 3469 autem
1364 3414 1397 3469 et
1411 3405 1459 3471 fre

184 3511 295 3596 quenti
318 3508 473 3572 librorum
495 3530 558 3571 usu
580 3508 676 3572 etiam
698 3528 814 3572 nomen
828 3507 1031 3590 grammatici
1045 3505 1176 3570 videtur
1191 3516 1378 3593 corruptum
1393 3530 1459 3573 esse

184 3622 222 3675 ut
251 3633 309 3696 pro
342 3620 454 3674 vetere
482 3607 589 3674 Servii
622 3610 749 3673 nomine
778 3631 855 3672 mox
884 3608 1017 3691 Sergius
1044 3609 1095 3673 vel
1125 3609 1276 3692 Seregius
1303 3609 1459 3676 diceretur

185 3736 260 3778 nam
281 3714 328 3777 ita
348 3712 429 3775 haec
453 3712 583 3775 nomina
605 3719 637 3774 ct
659 3712 691 3773 in
714 3710 898 3789 codicibus,
928 3732 1008 3795 quos
1031 3732 1129 3794 supra
1151 3713 1352 3791 enumeravi,
1380 3722 1413 3775 et
1441 3714 1459 3776 ir

184 3813 422 3878 commentariis
443 3812 741 3897 grammaticorum,
765 3814 820 3896 qui
842 3812 934 3876 libris
957 3812 1062 3889 Servii
1085 3812 1137 3875 vel
1161 3813 1267 3897 Sergii
1289 3813 1459 3881 utebantur

185 3917 269 3980 inter
291 3937 325 3978 sc
348 3915 519 3977 coniuncta
540 3922 572 3976 et
594 3914 697 3976 mixta
719 3923 803 3993 sunt,
826 3923 871 3993 ut,
894 3914 1041 3998 quamvis
1064 3915 1097 3975 in
1120 3915 1240 3978 maiore
1263 3923 1356 3999 parte
1379 3914 1458 3980 libre

184 4039 256 4081 rum
278 4025 477 4080 constantem
499 4036 594 4078 usum
616 4013 856 4098 deprehendere
884 4013 995 4095 liceat,
1026 4023 1134 4078 tamen
1162 4025 1249 4079 certo
1278 4015 1458 4083 discrimine

188 4118 282 4204 quasi
304 4118 367 4182 duo
389 4117 592 4202 grammatici
615 4115 752 4180 diversis
774 4117 957 4181 nominibus
981 4115 1136 4203 appellati
1163 4117 1301 4198 fuerint,
1331 4141 1458 4204 separa]

185 4229 356 4307 nequeant.
386 4241 486 4306 quare
514 4241 555 4283 ne
583 4239 669 4281 nunc
697 4217 827 4302 quidem
856 4218 897 4281 ad
924 4241 1024 4283 unum
1051 4240 1168 4283 nomen
1199 4223 1308 4284 omnia
1329 4243 1459 4286 revocor

185 4331 329 4409 possunt,
352 4321 464 4386 sedin
486 4343 550 4384 uno
573 4337 700 4406 quoque
722 4318 805 4383 libro
828 4329 864 4383 ut
887 4321 1080 4404 optimorum
1102 4321 1250 4386 codicum
1273 4321 1336 4385 fide
1358 4345 1457 4388 nome:

185 4424 389 4511 grammatici
411 4422 566 4488 tradituni
589 4431 651 4502 est,
680 4423 726 4484 ita
754 4422 910 4505 scriptum
938 4420 1064 4508 reliqui.
1095 4423 1151 4486 sed
1180 4426 1246 4487 iam
1275 4423 1315 4488 de
1338 4425 1458 4509 singuli

185 4528 276 4592 libris
299 4526 477 4590 videamus.

270 4630 385 4715 Itaque
407 4635 501 4692 vetus
524 4626 727 4710 grammatici
749 4646 866 4689 nomen
887 4624 1014 4710 plenius
1042 4650 1138 4713 quam
1166 4629 1199 4690 in
1227 4625 1359 4712 reliquis
1382 4627 1457 4692 libri

186 4731 342 4815 scriptum
363 4730 464 4795 estin
487 4728 569 4793 libro
592 4729 784 4793 decentum
806 4729 926 4808 metris,
949 4729 1005 4812 qui
1028 4729 1060 4790 in
1076 4729 1222 4814 plurimis
1238 4728 1406 4793 codicibus
1429 4740 1457 4793 at

185 4834 300 4919 quein
322 4836 393 4919 ipso
415 4833 558 4897 omnium
579 4831 698 4923 optimo
722 4838 754 4892 et
776 4830 999 4915 antiquissimo
1015 4829 1227 4915 Neapolitano
1242 4830 1347 4895 Mario
1360 4831 1454 4896 Servi
