3314 5506
181 387 229 434 112
721 367 931 431 emulino

183 559 298 623 borum
327 554 457 642 reliqui,
487 577 631 640 eaquae
660 553 763 618 altera
789 575 888 618 manu
915 559 1035 616 novata
1063 561 1150 632 sunt,
1179 550 1370 637 pracsertim
1398 572 1466 615 cum

183 660 372 745 plerumque
395 680 468 722 curn
491 656 762 742 Sangermanensi
783 654 894 719 codice
916 654 1133 731 consentiant,
1162 675 1227 718 non
1249 654 1369 740 ubique
1390 653 1466 718 indi·

182 763 287 827 canda
308 782 379 825 esse
402 759 598 822 existimavi.
629 767 798 842 practerea
822 766 930 820 autcm
954 756 1051 818 trium
1072 755 1220 820 codicum
1241 753 1405 840 scriptura
1426 756 1466 818 its

183 864 349 948 proposita
371 871 435 941 cst,
464 871 501 924 ut
522 858 681 946 quidquid
703 857 798 922 aliter
818 859 851 922 in
873 856 952 938 illis,
981 864 1078 942 atique
1099 856 1176 943 ‚ipse
1197 858 1231 921 in
1253 856 1395 921 editione
1417 877 1466 920 ex·

182 964 290 1043 hibui,
314 965 470 1048 scriptum
493 972 543 1026 est
563 961 762 1027 indicaretur
781 962 816 1024 in
837 959 1053 1024 adnotatione.

267 1065 342 1146 Qua
372 1074 477 1128 actatc
507 1063 631 1127 Donati
658 1062 740 1126 liber
769 1063 909 1146 scriptus
939 1061 995 1142 sit,
1026 1081 1090 1123 uno
1112 1058 1311 1144 Hieronymo
1339 1069 1466 1125 auctore

67 1157 73 1168 ’
182 1178 330 1248 constat,
373 1167 428 1253 qui
473 1165 598 1229 Donati
640 1162 843 1249 grammatici
881 1163 1076 1227 mentionem
1115 1161 1194 1226 fecit
1243 1163 1276 1225 in
1320 1160 1466 1227 chronica

183 1270 318 1334 Eusebii
341 1292 370 1332 a.
393 1277 453 1338 355
477 1266 528 1331 ed.
544 1264 685 1330 Vallars.
715 1271 888 1329 Victorinus
909 1269 1012 1327 rhetor
1033 1275 1063 1327 ct
1084 1269 1222 1328 Donatus
1240 1272 1466 1344 nummariam,

178 1382 365 1452 praeceptor
386 1390 483 1446 meus,
516 1373 630 1432 Romae
651 1373 783 1445 insinues
805 1371 968 1442 iubentur,
1001 1364 1169 1450 apologiae
1191 1366 1349 1430 adversus
1370 1365 1466 1431 libros

183 1473 293 1537 Rufini
315 1473 330 1537 I
356 1481 394 1540 16
417 1471 480 1536 vol.
503 1468 540 1535 II
561 1492 593 1553 p.
617 1476 677 1538 472
707 1468 757 1533 ed.
779 1467 919 1532 Vallars.
945 1481 1019 1548 pitto
1047 1473 1128 1546 quod
1152 1489 1231 1548 peter
1251 1474 1360 1548 leperr's
1381 1473 1466 1549 Aspn

183 1582 214 1638 in
236 1580 397 1653 Virgilium
411 1583 441 1637 et
455 1575 632 1637 Sallustium
654 1577 898 1647 commentarios,
929 1575 1063 1634 Vulcatii
1081 1577 1113 1634 in
1136 1576 1287 1635 orationes
1309 1575 1466 1648 Ciceronis

190 1681 341 1747 Victorini
366 1683 397 1739 in
432 1679 570 1752 diatonos
596 1679 677 1751 eius,
712 1683 742 1736 et
767 1679 800 1736 in
831 1675 964 1736 Terentii
988 1679 1158 1736 comoedias
1180 1680 1390 1753 praeceptoris
1416 1693 1466 1736 ma

184 1782 311 1856 Donati,
341 1797 436 1856 aeque
463 1783 493 1840 in
522 1781 687 1854 Veranium
714 1785 742 1837 et
770 1779 899 1839 aliorum
926 1781 957 1837 in
986 1781 1077 1851 alios,
1108 1775 1142 1838 in
1169 1775 1379 1839 ecclesiasten
1400 1797 1429 1839 c.
1455 1785 1466 1844 1

182 1877 247 1943 vol.
275 1878 329 1944 III
357 1901 389 1964 p.
413 1885 475 1948 390
511 1882 581 1942 ltuic
607 1881 682 1957 quid
707 1881 803 1940 simile
828 1883 992 1940 sententiae
1022 1888 1050 1939 et
1083 1883 1213 1940 comicus
1240 1883 1284 1940 ait
1311 1881 1405 1940 ‘nillil
1431 1899 1466 1942 aa

183 1987 309 2058 iterun,
341 1985 423 2060 quod
449 2001 508 2044 non
535 1984 574 2043 sit
601 1984 714 2043 dictum
735 1984 854 2057 prius’.
897 1984 979 2042 unde
1002 1989 1187 2058 praeceptor
1214 2000 1295 2042 meus
1324 1984 1466 2056 Donatus,

183 2103 251 2147 cum
276 2089 365 2148 istum
394 2088 573 2147 versiculum
600 2091 780 2160 exponeret,
806 2090 950 2159 paeana,
981 2085 1091 2158 inquit,
1122 2087 1265 2158 quiante
1292 2102 1346 2146 nos
1367 2093 1466 2146 nostra

184 2191 337 2248 diamant.
393 2207 468 2247 narn
496 2185 645 2270 quamvis
676 2181 780 2246 multa
809 2182 1012 2267 grammatici
1043 2182 1248 2266 maximeque
1280 2184 1466 2268 interpreter

184 2285 306 2350 Donati
329 2285 369 2349 de
397 2286 466 2350 vita
493 2286 562 2349 eius
590 2284 844 2369 disputaverint,
875 2293 982 2348 tamen
1010 2304 1232 2370 quaecumque
1260 2283 1307 2348 illi
1334 2284 1467 2349 tradide·

184 2396 260 2451 runt
285 2388 403 2473 partim
439 2387 481 2451 ab
509 2386 701 2472 Hieronymi
731 2387 912 2450 testimonio
945 2385 1101 2471 profecta,
1124 2387 1242 2471 partim
1272 2387 1467 2471 ineptissime

184 2488 261 2554 ficta
283 2500 373 2569 sunt,
396 2509 501 2575 neque
524 2486 700 2574 quidquam
722 2487 809 2574 quod
830 2488 895 2551 fide
917 2488 1052 2572 dignum
1073 2489 1117 2551 sit
1138 2487 1180 2551 ab
1195 2489 1235 2552 iis
1251 2488 1398 2553 additum
1413 2496 1467 2552 est.

184 2589 313 2674 plenam
345 2591 541 2674 ineptiarum
575 2591 692 2669 vitam,
730 2611 813 2675 quae
843 2590 878 2653 in
912 2589 1023 2653 codice
1051 2589 1197 2654 Parisino
1228 2598 1310 2661 7730
1344 2590 1467 2656 saecrrlt

185 2691 309 2756 decimo
338 2693 459 2777 scripta
486 2701 550 2772 cst,
578 2691 680 2755 edidit
707 2691 876 2756 Fabricius
904 2690 985 2755 bibl.
1009 2691 1082 2754 Lat.
1111 2691 1132 2754 l.
1155 2692 1204 2757 IV
1226 2715 1253 2757 c.
1278 2705 1296 2762 7
1320 2690 1398 2777 (vol.
1420 2692 1467 2758 ΙΙ]

185 2815 217 2877 p.
242 2799 302 2863 408
327 2792 377 2857 ed.
401 2792 507 2879 Era).
552 2792 617 2857 alia
637 2815 701 2856 non
723 2794 830 2857 minus
853 2792 968 2857 stolide
990 2794 1125 2857 inventa
1147 2815 1188 2858 ex
1210 2794 1347 2879 Vergilii
1368 2816 1468 2879 gram

75 2922 84 2940 κ
185 2894 295 2957 malici
316 2890 408 2957 libris
436 2916 541 2981 nuper
568 2896 739 2978 conposuit
761 2895 798 2958 F.
821 2894 963 2959 Haasius
988 2895 1028 2960 de
1049 2896 1148 2960 medii
1169 2897 1242 2959 aevi
1265 2896 1380 2960 studiis
1404 2895 1468 2981 phi·

185 2995 332 3079 lologicis
360 2993 494 3060 Vratisl.
524 3017 553 3058 a.
584 3003 665 3065 1856
692 3019 725 3081 p·
754 3002 784 3064 8.
830 2995 916 3060 Aelii
949 3006 1057 3060 autem
1089 3019 1222 3078 nomen,
1255 2998 1341 3084 quod
1373 2998 1468 3084 vulg(

185 3097 315 3161 Donato
344 3098 512 3179 tribuitur,
541 3099 574 3161 in
602 3106 672 3161 arte
700 3099 913 3183 grammatica
940 3098 1072 3184 quidem
1097 3119 1259 3186 nusquam
1287 3122 1307 3163 a
1333 3098 1468 3193 librariis

185 3200 357 3284 scriptum,
380 3199 438 3263 sed
460 3221 502 3263 ex
523 3201 752 3264 commentario
766 3201 808 3263 'in
823 3199 967 3264 Terentii
988 3201 1170 3265 comoedias
1192 3203 1239 3266 ita
1260 3204 1294 3266 in
1308 3202 1468 3267 codicibus

185 3302 355 3386 inscripto,
384 3301 490 3365 ‘Aelii
511 3302 635 3366 Donati
656 3302 696 3364 V.
721 3301 758 3365 Ο.
787 3303 923 3366 oratoris
952 3302 1043 3367 urbis
1072 3303 1221 3383 Romae’,
1251 3305 1387 3389 petitum
1414 3313 1468 3369 est

269 3403 321 3467 De
353 3404 556 3485 auctoribus,
589 3404 707 3491 quibus
739 3405 773 3468 in
806 3403 889 3469 libro
923 3403 1092 3469 scribendo
1121 3405 1271 3469 Donatus
1304 3428 1382 3470 usus
1415 3418 1468 3488 est,

184 3516 318 3591 propter
345 3507 450 3589 ipsam
477 3517 626 3570 naturam
655 3505 730 3571 libri
758 3505 800 3570 ab
823 3508 909 3570 omni
941 3507 1106 3571 doctrinae
1129 3509 1235 3591 specie
1259 3508 1373 3572 remoti
1394 3508 1468 3573 nihil

185 3616 323 3670 constat.
353 3630 429 3671 nam
451 3608 538 3693 quod
561 3609 712 3673 Osannus
735 3607 873 3694 symbol.
897 3608 958 3673 litt.
981 3608 1045 3673 vol.
1063 3609 1098 3674 II
1120 3633 1151 3694 p.
1168 3616 1230 3676 242
1254 3609 1468 3674 demonstrare

186 3708 324 3787 studuit,
353 3709 452 3773 Probi
473 3710 623 3774 instituta
644 3711 697 3772 vel
719 3718 821 3773 artem
848 3711 1019 3791 minorem,
1048 3733 1144 3796 quam
1166 3709 1221 3774 illc
1244 3710 1336 3791 dicit,
1366 3713 1469 3776 aDo·

186 3819 261 3873 nato
284 3822 441 3895 usurpata
462 3832 548 3890 esse,
571 3809 662 3874 nulla
680 3811 759 3874 satis
781 3821 871 3876 certa
893 3814 961 3877 eius
983 3813 1030 3875 rei
1052 3823 1242 3897 argumenta
1262 3813 1390 3899 prolata
1405 3836 1469 3878 esse

185 3911 292 3975 video.
322 3934 397 3974 nam
419 3933 459 3974 ue
482 3910 587 3975 dicam
609 3912 707 3974 istum
723 3911 821 3976 Probi
844 3913 963 3977 librum
984 3915 1042 3977 vix
1062 3915 1276 4000 antiquiorem
1292 3937 1362 3979 esse
1378 3938 1469 4002 quam

74 4014 76 4020 '
185 4012 323 4091 Donati,
353 4034 417 4076 non
446 4013 528 4076 aliae
555 4014 640 4077 inter
663 4021 835 4101 utrumque
857 4016 997 4079 rationes
1019 4015 1239 4096 intercedunt,
1272 4038 1369 4102 quarn
1391 4039 1470 4103 quas

186 4115 327 4178 omnium
350 4113 419 4177 fere
441 4116 520 4178 artis
543 4116 738 4200 scriptorum
759 4138 944 4181 communes
967 4126 1051 4182 sunt.
1098 4125 1132 4181 at
1153 4140 1226 4182 curn
1249 4119 1407 4183 Diomede
1429 4121 1470 4184 ita

186 4238 244 4302 per
264 4217 452 4280 universum
481 4214 599 4281 librum
626 4219 787 4282 consentit
807 4219 976 4299 Donatus,
1005 4230 1040 4285 ut
1066 4219 1177 4284 multis
1204 4219 1299 4301 locis,
1328 4222 1412 4285 sicut
1440 4222 1470 4285 in

185 4319 392 4382 adnotatione
424 4317 603 4383 indicatum
635 4330 697 4400 est,
731 4343 796 4385 non
824 4321 927 4384 solum
955 4321 1087 4386 eaedem
1114 4345 1165 4387 res
1196 4324 1380 4404 tradantur,
1415 4324 1472 4388 sed

186 4421 282 4484 ctiam
305 4418 406 4483 verba
427 4420 536 4484 verbis
559 4421 786 4506 respondeant.
830 4425 864 4487 in
886 4445 949 4509 quo
972 4446 1132 4488 consensu
1161 4446 1357 4512 quamquam
1379 4447 1471 4511 quae

186 4521 275 4600 dam,
304 4522 445 4585 maxime
466 4522 499 4584 in
521 4524 613 4586 initio
635 4522 725 4603 libri,
754 4524 801 4589 ita
822 4537 997 4611 conparata
1025 4538 1116 4606 sunt,
1147 4537 1184 4591 ut
1205 4549 1247 4591 ex
1268 4527 1471 4593 uberioribus

185 4623 354 4687 Diomedis
370 4626 608 4689 commentariis
624 4625 755 4690 brevior
769 4627 890 4690 Donati
906 4627 1081 4713 disputatio
1099 4628 1172 4692 duci
1187 4631 1344 4714 potuerit,
1368 4638 1471 4694 tamen

185 4726 219 4789 in
241 4726 361 4789 maiore
384 4736 475 4811 parte
497 4737 758 4814 praeceptorum,
782 4750 865 4815 quae
886 4729 1001 4794 iisdem
1023 4731 1132 4795 verbis
1150 4732 1373 4816 conprehensa
1387 4731 1472 4817 apud

186 4826 377 4892 Diomedem
401 4837 434 4892 et
454 4828 620 4893 Donatum
641 4830 807 4915 leguntur,
831 4830 974 4896 dubitari
995 4833 1108 4917 nequit
1129 4833 1207 4918 quin
1229 4834 1271 4898 ab
1294 4833 1472 4919 antiquiore
