3346 5506
234 384 295 445 aar
808 379 952 462 [vacat]

282 513 306 554 p.
321 500 413 542 raanan
430 501 455 543 Ρ.
1330 492 1478 548 ploitt„

233 578 261 631 et
289 571 375 648 ‘pro
404 571 577 649 luppiter
611 569 680 629 ibit
707 568 767 629 bic
793 570 859 629 ait'
889 576 919 628 et
943 568 1030 629 ‘boc
1057 571 1140 629 erat
1162 564 1258 629 alma
1286 571 1455 646 parona’.
1497 567 1527 628 in

233 675 340 733 ceteris
362 681 459 733 autem
489 672 621 750 partibus
650 672 792 731 orationis
819 669 967 748 duplicem
997 687 1057 730 non
1086 671 1201 749 optinet
1227 674 1415 746 potestatem.
1459 686 1527 731 nam

232 775 256 833 si
278 773 357 833 dicas
379 773 453 835 ‘nec
474 782 537 834 erat
559 772 635 834 alma
658 775 793 851 parens',
822 772 897 833 ‘nec
919 772 986 843 ait',
1012 789 1067 850 pro
1089 788 1147 833 uua
1167 770 1254 840 cevlit,
1277 777 1307 832 et
1326 770 1369 833 vis
1392 768 1443 832 illa
1464 771 1527 832 soni

231 874 330 934 deilrit
355 877 515 937 crassioris.
559 873 730 935 blitteram
760 892 828 934 rero
859 875 936 934 scire
972 872 1115 935 debemus
1147 873 1337 934 consonantis
1365 871 1434 933 loco
1458 873 1527 952 poni

206 993 290 1042 5non
315 994 411 1053 posse,
436 978 503 1055 quia
523 983 591 1037 nota
613 982 657 1037 est
678 976 862 1054 aspirationis
880 994 969 1056 quam
987 974 1081 1037 solida
1101 974 1206 1043 littera,
1227 991 1317 1054 quarn
1337 975 1447 1037 Graeci
1468 988 1526 1035 uon

231 1078 325 1154 figura
347 1077 442 1156 aliqua
466 1078 581 1138 litterae
601 1096 688 1156 quam
713 1077 796 1138 titulo
817 1078 1062 1155 pronuntiationis
1084 1075 1253 1137 ostendunt

316 1183 445 1242 Graecae
477 1179 592 1240 litterae
621 1178 697 1240 dnae
725 1185 793 1239 sunt
823 1179 852 1238 in
881 1180 1015 1240 oratione
1042 1178 1221 1248 Latinitatis,
1249 1183 1319 1257 yet
1338 1196 1370 1247 a,
1401 1194 1526 1258 quorum

231 1281 344 1342 diversa
367 1289 471 1341 natura
494 1289 546 1342 est.
592 1299 609 1359 y
629 1283 706 1341 enim
729 1279 837 1341 vocalis
856 1287 914 1349 est,
937 1299 1012 1359 qnae
1035 1288 1064 1341 et
1086 1280 1211 1359 produci
1232 1289 1262 1341 et
1281 1278 1394 1357 corripi
1416 1280 1526 1359 possit:

233 1382 408 1460 producitur
433 1384 464 1442 in
491 1382 563 1453 boc,
589 1386 700 1460 ‘qnos
729 1399 846 1460 neque
872 1383 1069 1463 Tydides';
1105 1383 1265 1460 corripitur
1293 1382 1323 1442 in
1350 1380 1425 1450 boc,
1455 1383 1527 1443 ‘sic

195 1482 373 1544 roderium
406 1482 511 1544 lucos
544 1485 719 1563 Stygiae’.
765 1503 780 1543 z
811 1492 909 1545 autam
940 1501 1107 1546 consonans
1142 1489 1194 1545 est
1238 1482 1293 1545 baa
1320 1482 1464 1545 latinitas
1489 1483 1527 1545 de

231 1587 344 1644 Graeco
365 1571 445 1644 lonlo
467 1586 605 1646 derivavit
628 1604 686 1645 non
706 1602 828 1646 suorum
850 1583 1033 1668 necessiltate
1055 1584 1214 1647 verboram
1234 1604 1324 1666 quam
1341 1586 1524 1648 Graecorum

231 1688 383 1746 nominum
411 1689 534 1748 ratione.
579 1687 630 1747 sed
660 1707 674 1748 z
703 1686 799 1749 littera
831 1688 909 1766 apud
936 1689 1066 1749 Graecos
1097 1686 1205 1764 duplex
1231 1694 1290 1756 est;
1324 1688 1365 1748 ita
1389 1695 1422 1747 et
1448 1685 1526 1765 apud

232 1787 350 1848 Latinos
373 1789 527 1858 invenitur,
543 1796 577 1849 ut
600 1798 643 1849 est

383 1898 701 1969 contemptorque
725 1891 830 1953 deum
853 1890 1057 1953 Mezentius

193 1997 261 2052 rset

382 2101 416 2152 at
438 2094 577 2155 medias
599 2096 697 2156 inter
721 2096 857 2157 caedes
877 2094 1018 2157 exultat
1039 2096 1208 2157 Amazon.

606 2262 657 2324 ba
679 2264 856 2327 SYLLdBlS
879 2264 1147 2328 aluvalalavs.

315 2398 428 2460 vocalis
445 2397 542 2460 littera
559 2407 682 2462 naturae
705 2402 840 2470 deservit,
865 2420 1031 2464 consonans
1053 2376 1200 2481 positioni.
1235 2418 1269 2462 ex
1292 2398 1390 2463 littera
1413 2398 1526 2481 syllaba

231 2503 375 2569 nascitur,
404 2520 437 2562 ex
461 2499 570 2580 syllaba
596 2520 663 2580 pes,
692 2522 726 2563 ex
750 2504 826 2582 pede
848 2523 979 2572 comma,
1004 2523 1038 2565 ex
1063 2511 1209 2565 commate
1230 2519 1351 2572 versus,
1379 2522 1416 2566 ex
1439 2521 1525 2565 versu

191 2623 217 2660 m
231 2602 326 2671 colon,
348 2622 382 2663 ex
405 2602 470 2683 colo
491 2605 639 2682 periodos.
670 2624 785 2666 comma
809 2613 861 2674 est,
887 2604 946 2686 [ut]
970 2624 1036 2666 curn
1059 2605 1202 2684 particula
1224 2620 1328 2666 veram
1343 2605 1401 2666 vim
1420 2622 1526 2667 maara

229 2704 366 2771 ostendit,
389 2711 421 2764 ut
442 2708 477 2764 ‘o
502 2710 641 2783 pater'y
665 2705 760 2776 colon,
784 2725 850 2767 cum
872 2708 902 2767 in
921 2708 979 2768 line
996 2726 1100 2769 versus
1117 2727 1152 2770 ex
1172 2709 1298 2769 maxima
1314 2715 1401 2787 parte
1420 2724 1526 2768 sensus

229 2805 423 2875 concluditur,
446 2816 479 2866 nt

381 2927 398 2967 o
422 2916 542 2986 pater,
566 2928 583 2967 o
606 2909 794 2970 bominum
817 2928 1018 2991 rerumque
1040 2932 1066 2974 a.
1086 2930 1115 2991 p.

229 3011 366 3088 periodos
394 3019 454 3079 est,
488 3029 555 3070 cnm
578 3019 746 3089 protractus
774 3012 941 3090 permulta
970 3032 1075 3075 sensus
1103 3015 1237 3093 sequenti
1261 3030 1348 3075 versu
1377 3011 1526 3092 plenius!

190 3130 215 3169 as
229 3111 399 3189 explicatur,
423 3121 455 3170 nt

382 3221 540 3291 opater‚
564 3234 581 3273 o
602 3216 789 3277 bominum
811 3234 1013 3295 rerumque
1036 3227 1188 3279 aeterna
1211 3224 1397 3296 potestas:

381 3333 536 3395 namque
558 3316 658 3377 aliud
683 3319 771 3398 quid
794 3319 858 3388 sit,
882 3319 977 3397 quod
1000 3321 1069 3380 iam
1090 3318 1287 3398 inplorare
1309 3319 1511 3398 queamus?

228 3426 331 3478 natura
354 3416 532 3497 syllabarum
561 3418 695 3480 brevium
724 3428 812 3497 atquc
841 3420 994 3497 longarum
1023 3424 1050 3482 in
1074 3422 1244 3482 nominibus
1264 3421 1430 3499 ceterisque
1456 3438 1524 3481 ora·

228 3520 315 3580 tionis
341 3519 474 3598 partibus
501 3539 556 3598 per
582 3520 718 3581 ordinem
745 3521 824 3581 nulla
855 3530 953 3600 potest
984 3525 1097 3583 ratione
1124 3526 1195 3584 artis
1221 3521 1442 3602 conprehendi,
1472 3521 1523 3583 sed

188 3640 214 3679 so
227 3621 287 3681 sola
309 3623 482 3683 auctoritate
503 3623 671 3700 investigari
693 3631 798 3701 potest
843 3641 940 3702 neque
963 3626 1040 3685 enim
1064 3627 1194 3686 omnium
1217 3625 1369 3685 nominum
1391 3624 1522 3686 Graeco·

226 3742 292 3783 rum
315 3731 401 3802 atqne
425 3730 593 3784 nostrorum
614 3743 770 3802 possumus
789 3743 947 3786 turmarum
965 3727 1210 3806 conprehendere
1225 3727 1419 3788 diversorum.
1449 3743 1522 3803 ergo

227 3823 294 3885 licet
316 3825 460 3902 protunda
484 3829 521 3887 sit
544 3835 631 3904 atque
657 3826 783 3888 difficilis
812 3830 886 3888 ratio
913 3826 1090 3907 syllabarum
1115 3826 1292 3889 naturalium
1314 3829 1372 3888 vim
1395 3827 1521 3908 qualita-

226 3934 343 4002 temque
377 3935 557 3998 monstrare,
595 3937 691 3989 tannen
725 3928 762 3988 de
796 3932 955 4008 postremis
990 3928 1108 4009 syllabis
1142 3929 1318 4009 regulariter
1352 3929 1520 4010 disputabo.

226 4025 334 4103 syllaba
365 4028 537 4089 naturaliter
569 4030 656 4106 longa
690 4037 735 4090 est
764 4038 903 4110 quattuor
928 4032 1032 4091 mollis.
1077 4050 1112 4092 ea
1143 4033 1219 4092 enirn
1248 4040 1299 4092 aut
1327 4037 1445 4093 constat
1471 4039 1521 4092 ant

188 4142 213 4181 aa
228 4128 328 4205 incipit
345 4136 395 4188 aul
414 4128 503 4189 babet
521 4139 572 4191 ant
594 4130 709 4191 desinit.
755 4139 868 4192 covrstat
893 4133 1008 4203 dicitnr,
1033 4134 1152 4211 quando
1169 4133 1231 4194 sola
1253 4130 1364 4194 vocalis
1377 4131 1518 4213 syllabam

225 4229 303 4299 lacit,
328 4237 361 4289 ut
382 4231 418 4289 εο
440 4231 589 4292 ‹lecns’:
614 4233 723 4313 incipit,
748 4251 815 4293 cum
833 4234 864 4293 in
882 4235 1028 4314 principio
1049 4234 1177 4315 syllabae
1193 4234 1290 4305 luerit,
1313 4241 1346 4296 ut
1366 4235 1429 4296 ‘en
1452 4251 1519 4313 ego

298 4430 389 4500 lpro]
413 4437 493 4502 Verq,
511 4437 576 4488 Aea.
597 4439 639 4487 llll
657 4438 709 4489 aab
796 4439 844 4489 boc
862 4435 925 4502 crat]
950 4440 1028 4504 Verp.
1046 4440 1113 4492 Aen.
1129 4442 1149 4490 ll
1168 4439 1221 4492 6114
1317 4439 1519 4507 δυρίηιίοπίι

227 4518 275 4552 non
295 4505 412 4561 solidas
501 4516 619 4556 nontam
640 4508 757 4573 figuras
844 4506 954 4573 liquos]
979 4512 1057 4574 l'erq.
1079 4511 1145 4561 Aen.
1164 4511 1186 4559 ll
1206 4509 1256 4562 197
1365 4508 1417 4576 alc]
1439 4511 1517 4574 Vero.

226 4575 291 4626 Aen.
311 4576 344 4623 Vl
364 4576 412 4624 151
485 4575 516 4623 ro
534 4576 605 4625 binus
624 4581 724 4641 stygiae
742 4577 898 4627 Parrbasiae
925 4577 995 4626 lucos
1013 4581 1112 4645 stygios
1128 4579 1206 4630 editio
1224 4578 1384 4630 Accensinna
1472 4577 1517 4628 bas

226 4643 338 4692 latinitas
356 4658 373 4699 ς
391 4643 436 4692 bns
454 4644 544 4692 latinns
564 4646 588 4694 B
661 4646 688 4696 ll
718 4662 766 4696 non
784 4658 989 4703 tantvsnmanng
1061 4651 1090 4699 ll
1110 4645 1328 4714 ‹rovrtemptorque]
1353 4648 1514 4716 raptres.

226 4713 317 4764 111117
426 4716 456 4765 to
480 4717 512 4762 ad
532 4717 630 4763 vraedias
649 4717 687 4765 B:
708 4719 786 4781 l'erq.
807 4716 870 4767 Aen.
891 4716 924 4764 Xl
944 4717 996 4766 1118
1105 4719 1136 4768 18
1160 4729 1265 4768 naturae
1281 4732 1298 4774 ς
1316 4718 1452 4770 naturaB

225 4780 257 4831 21
280 4779 397 4847 opater]
419 4784 675 4849 Veryy.Aen.X18
779 4787 813 4836 ‘27
839 4786 1234 4853 quodiamiaminplorareB
1337 4786 1374 4839 36
1396 4780 1514 4850 oona]

230 4853 308 4916 Ver-p.
325 4869 413 4917 pevmp.
436 4856 454 4901 ll
474 4854 508 4902 40
579 4851 620 4917 en]
644 4857 722 4920 l'erq.
743 4856 805 4904 rien.
827 4856 871 4904 t'tt
891 4857 941 4905 1ῧῖ
