3314 5506
219 367 260 427 74
805 365 918 427 ruunt

205 506 208 511 ·
271 495 293 535 p·
312 482 357 524 lbi.
367 482 394 523 st
406 481 432 522 R.
694 524 697 535 ,
1288 493 1311 534 ρ.
1327 479 1413 523 ubi!
1425 478 1453 521 V.

219 554 379 615 deminutio
402 554 552 619 nominum
573 560 632 622 est,
656 553 773 633 qnando
800 571 836 613 ex
858 555 921 632 ipsa
943 554 1087 630 positione
1108 553 1257 615 nominum
1287 569 1345 612 una
1369 569 1503 633 quaeque

218 674 268 717 res
289 654 446 725 breviatur,
465 662 580 734 utputa
601 665 732 715 amoute
753 654 938 724 monticulus,
961 654 1077 715 alonte
1098 653 1264 716 leunculus.
1293 653 1337 714 sic
1359 659 1503 715 etcetera

220 757 426 819 deminutionis
447 740 652 825 dinoscuntur,
681 774 748 817 eum
770 775 787 816 a
813 774 866 818 sua
895 758 1039 835 positione
1061 756 1239 818 breviantur.
1283 772 1364 817 nuuc
1391 762 1421 816 et
1447 754 1503 824 bie,

218 861 261 921 sic
282 859 324 932 uti
345 867 373 920 et
392 860 423 919 in
444 858 586 937 gradibus
607 857 787 928 conlationis,
812 859 1058 920 considerandum
1076 866 1129 928 est,
1153 859 1232 939 quod
1252 874 1313 919 non
1333 857 1434 919 omnia
1453 874 1505 919 uo·

193 962 298 1025 nmina
319 977 373 1038 per
394 946 497 1022 ornnes
519 961 638 1022 ordines
658 977 777 1039 semper
798 966 996 1040 perseverant.
1039 961 1188 1023 interdum
1210 962 1290 1022 enlm
1316 961 1506 1022 inveniuntur

219 1063 352 1133 uomina,
380 1081 456 1142 qnae
476 1062 505 1121 iu
527 1063 671 1141 positione
697 1069 726 1123 et
752 1062 930 1123 derivatione
958 1070 1070 1127 tantum
1099 1064 1157 1124 sint
1179 1064 1350 1132 constituta,
1379 1069 1413 1123 ut
1436 1068 1505 1143 puta

219 1173 318 1245 pater,
350 1170 491 1242 paternus
519 1172 549 1224 et
576 1165 703 1241 patrium
740 1155 801 1244 qua
825 1165 939 1226 ratione
964 1164 1109 1243 Vergilius
1137 1165 1302 1244 ‘patrius
1319 1167 1451 1226 amnr’
1477 1170 1507 1226 el

218 1266 375 1327 Terentius
395 1267 576 1345 ‘patrium
596 1269 893 1328 monumentnm’
922 1264 1079 1328 dicendum
1101 1284 1166 1328 esee
1187 1272 1384 1329 censuerunt:
1415 1267 1518 1328 tntae·

219 1368 289 1430 dum
311 1368 501 1454 inpositione
515 1373 545 1428 et
561 1368 759 1430 deminutione
779 1376 902 1436 tantuna,
926 1375 1045 1447 utputa
1066 1369 1155 1438 canis,
1179 1367 1302 1429 catulus.
1333 1367 1506 1449 frequenter

157 1530 160 1537 .
182 1488 290 1537 tnrero
311 1489 365 1551 per
386 1487 489 1532 ornnes
511 1469 630 1532 ordines
651 1477 849 1547 perseverant,
872 1478 995 1550 utputa
1017 1488 1112 1540 mons,
1135 1471 1263 1532 montius
1283 1468 1329 1532 vel
1351 1475 1509 1531 munituna

219 1579 249 1633 at
269 1570 462 1655 monicullus.
506 1579 636 1634 nuncet
658 1572 705 1632 hic
727 1573 893 1653 quaeritur,
924 1590 982 1654 qua
1010 1573 1154 1635 decanea
1181 1590 1242 1633 uon
1263 1573 1361 1633 omnia
1388 1573 1508 1633 nomina

219 1692 272 1754 per
295 1693 397 1759 omues
419 1674 537 1736 ordines
556 1692 673 1754 semper
696 1681 894 1754 perseverant.
933 1684 1025 1755 quare
1042 1674 1100 1736 boc
1119 1691 1282 1743 monemus,
1304 1675 1348 1735 sic
1369 1676 1413 1735 uti
1431 1681 1461 1737 et
1478 1675 1507 1734 in

220 1776 438 1856 comparatione
460 1767 635 1846 monuimus,
662 1776 739 1856 quod
762 1777 926 1838 eorundem
948 1794 1123 1838 souoscum
1144 1775 1263 1856 syllabis
1282 1783 1314 1857 et
1335 1775 1507 1838 accentibus

218 1880 248 1940 in
270 1880 372 1940 metris
394 1886 587 1958 conpetenter
609 1885 734 1939 tractare
756 1878 936 1953 debeamus,
963 1876 1075 1940 scilicet
1096 1886 1129 1940 ut
1150 1878 1268 1959 qnando
1295 1877 1370 1940 baec
1388 1879 1506 1939 nomina

183 2003 206 2044 ιε
219 1980 427 2042 derivationem
460 1980 505 2042 vel
536 1981 763 2042 deminutionem
795 1982 942 2042 sustinere
974 1982 1087 2060 possint
1121 1981 1287 2042 doceamus.
1332 1980 1371 2042 de
1404 1979 1506 2041 ordine

131 2079 136 2087 ’
221 2085 381 2153 nominum,
405 2091 547 2165 quantum
568 2084 641 2144 ratio
662 2081 809 2161 poscebat,
832 2085 1028 2144 mactavimus.

773 2265 808 2306 DE
824 2265 952 2307 castBVS.

305 2373 406 2435 Casus.
425 2379 494 2432 sunt
523 2391 589 2448 ses,
622 2373 816 2433 nominativus
838 2374 988 2451 genetivus
1016 2373 1130 2433 dativus
1157 2372 1339 2432 accusativus
1362 2372 1507 2432 vocativus

221 2473 371 2536 ablativus.
416 2492 502 2535 casus
523 2481 620 2534 autem
643 2473 711 2535 dicti
735 2481 817 2543 sunt,
841 2474 920 2553 quod
944 2493 999 2554 per
1023 2493 1074 2535 eos
1102 2480 1201 2581 partes
1225 2471 1341 2551 aliquae
1368 2473 1508 2535 matianis

183 2598 209 2639 ao
223 2577 252 2637 in
274 2575 467 2637 declinatione
485 2576 600 2637 cadant.

772 2692 807 2732 oa
822 2690 955 2733 nvuunvs.

305 2796 426 2858 Numeri
450 2796 600 2858 nominum
621 2804 690 2857 suut
709 2803 778 2866 tres,
802 2796 958 2875 singularis
983 2795 1105 2877 pluralis
1127 2803 1156 2857 et
1176 2797 1357 2857 communis:
1380 2795 1507 2875 singuiis·

221 2900 276 2968 ris,
302 2906 334 2960 nt
358 2917 449 2966 unus:
479 2897 615 2975 pluralis,
646 2906 679 2960 ut
699 2884 758 2960 duo
781 2898 826 2960 vel
848 2918 884 2962 eo
903 2899 1013 2977 plures.
1028 2895 1042 2981 Ι]
1058 2899 1223 2959 communis
1242 2906 1342 2958 autem
1369 2914 1509 2971 numerus

221 3001 344 3069 dicitur,
370 3001 419 3080 qui
441 3000 590 3077 singulare
618 3008 647 3062 et
667 2999 781 3079 plurale
802 3019 909 3062 nomeu
936 3002 1086 3062 continere
1113 3001 1274 3068 iuvenitur,
1300 3006 1427 3078 utputa
1449 3000 1508 3062 dies

184 3117 209 3164 as
223 3102 317 3165 nubes
339 3104 416 3164 acies
435 3109 464 3164 et
488 3109 584 3164 cetera
607 3103 689 3173 talia,
713 3121 787 3183 quae
810 3102 921 3164 scilicet
943 3101 1029 3162 etad
1052 3101 1230 3178 singularem
1257 3108 1287 3162 et
1307 3101 1343 3162 ad
1367 3101 1507 3183 pluralem

223 3223 378 3279 numerum
401 3205 582 3283 respondere
599 3206 798 3283 reperiuntur,
821 3205 893 3266 baec
915 3205 1079 3266 communis
1100 3206 1216 3266 numeri
1236 3222 1300 3266 esse
1317 3205 1505 3282 pronuntiavi·

185 3306 197 3318 ‘
222 3316 280 3370 tur.
324 3326 396 3370 sane
418 3309 503 3369 etiarn
527 3306 584 3367 boc
605 3325 774 3379 monemus,
803 3308 881 3389 quod
905 3307 979 3369 baec
1003 3309 1122 3368 nomina
1151 3324 1211 3367 non
1239 3300 1416 3367 secundum
1431 3325 1504 3369 com·

222 3429 342 3473 munem
360 3428 517 3471 numerum
537 3427 590 3489 per
605 3428 708 3471 omnes
723 3423 808 3471 casus
830 3418 1032 3488 perseverane
1054 3408 1166 3470 scilicet
1184 3410 1322 3488 quoniam
1345 3411 1433 3470 siest
1449 3408 1503 3471 dist

222 3515 388 3575 eommunis
408 3513 535 3582 numeri,
559 3512 616 3573 diei
638 3519 736 3574 autem
759 3511 925 3590 singularis,
949 3513 1062 3573 dierum
1086 3528 1155 3572 vero
1176 3508 1306 3589 pluralis,
1330 3518 1362 3571 rt
1383 3510 1460 3579 ideo,
1479 3517 1502 3571 ut

184 3632 209 3672 ao
223 3614 364 3682 diximus,
391 3613 465 3674 baec
485 3615 602 3674 nomina
626 3633 681 3693 per
703 3633 789 3675 casus
809 3615 972 3675 secundum
994 3633 1080 3675 suum
1103 3631 1259 3673 numerum
1283 3619 1354 3674 suut
1379 3628 1500 3693 pronun·

223 3716 331 3776 tiauda.

773 3812 807 3853 os
824 3813 963 3858 arcenrv.

308 3918 349 3979 lle
366 3917 535 3979 accentibus
557 3924 664 3986 autem,
685 3920 752 3997 quia
775 3937 832 3979 nou
851 3918 947 3979 brevis
968 3921 1042 3980 ratio
1066 3927 1118 3989 est,
1140 3921 1169 3980 in
1185 3920 1286 3980 metris
1309 3938 1378 3980 cum
1396 3918 1496 4002 syllabi

224 4027 415 4100 conpetenter
437 4019 638 4080 tractabimus.
1156 4031 1162 4041 ·
1415 4022 1418 4027 “

185 4136 211 4178 as
309 4110 552 4200 Nunc‘quouiam
582 4140 657 4200 quae
677 4121 814 4183 accidunt
835 4124 945 4184 nomini
975 4141 1010 4184 ex
1032 4123 1136 4185 ordine
1158 4125 1293 4186 universa
1313 4125 1494 4185 tractarius!

224 4231 254 4286 et
272 4224 339 4286 ideo
361 4225 418 4284 iam
438 4222 581 4284 ablativus
602 4242 688 4286 casus
708 4227 823 4286 numeri
842 4224 999 4303 singularis
1023 4226 1131 4305 quibus
1153 4225 1199 4286 vel
1220 4232 1294 4305 qrvot
1314 4226 1421 4289 litteris
1443 4224 1493 4288 dei

225 4326 321 4388 niatur
343 4324 509 4388 doceamus.
665 4328 668 4333 '

293 4497 310 4548 5
334 4512 380 4564 per
397 4512 485 4548 omues
504 4497 607 4548 ordines
624 4497 650 4548 B
673 4497 838 4563 perordinat
857 4512 945 4547 omues
964 4499 987 4548 R
1074 4500 1089 4548 7
1112 4497 1255 4565 Vergilius]
1280 4498 1346 4549 Aen.
1366 4499 1446 4553 1643

225 4567 242 4619 8
260 4565 406 4634 Terentius]
425 4568 539 4619 Eaauclt.
556 4573 623 4634 prol.
641 4566 673 4620 13
724 4567 757 4618 14
775 4576 882 4617 tractare
901 4567 1038 4617 debeamus
1056 4568 1082 4618 B
1096 4568 1259 4619 tractabimus
1277 4586 1293 4617 r
1309 4572 1474 4620 tractnnimus

294 4648 322 4688 ut
338 4655 385 4692 om.
404 4637 436 4699 R,
456 4639 516 4688 add.
533 4638 560 4688 B
610 4638 644 4689 ²0
662 4639 688 4687 in
706 4638 875 4688 declinatione
892 4638 916 4687 B
936 4638 962 4686 iu
978 4638 1214 4689 declinationemii
1266 4641 1297 4690 21
1319 4656 1353 4689 nn
1370 4651 1484 4693 avennis

225 4707 259 4759 de
274 4722 378 4759 numero
396 4708 435 4758 it.-
460 4709 486 4758 ia
503 4710 614 4773 marniae
637 4710 730 4760 codicis
752 4708 883 4773 adscripta
907 4723 962 4758 ease
984 4710 1058 4763 baec.
1083 4709 1115 4759 de
1133 4711 1245 4759 numeris
1266 4709 1349 4760 tribus
1370 4724 1488 4762 necessat

226 4778 300 4842 ratio,
320 4779 465 4829 adnotatam
485 4786 524 4829 eat
541 4781 566 4829 ia
583 4781 730 4843 npoprapbo
816 4778 849 4828 34
869 4779 1033 4829 tractabimus
1051 4795 1067 4827 r
1082 4780 1249 4830 traetnuimus
1264 4779 1314 4830 RB
1394 4779 1429 4834 36
1446 4779 1485 4830 abl

227 4849 294 4898 tiuns
312 4848 338 4898 B
354 4848 480 4899 ublntiuos
499 4849 520 4898 lt
590 4848 725 4899 deliniatur
741 4849 765 4898 B
784 4849 976 4899 delinianturll
1080 4862 1088 4884 ⁹
