3314 5506
184 401 270 450 xxvi
301 394 303 398 '
738 388 922 449 eustatio

184 575 317 661 Berytio
339 574 549 659 grammatico
571 573 744 659 placuerit,
768 595 865 660 quam
887 574 920 636 in
942 573 1064 657 priore,
1086 573 1133 635 ita
1155 570 1235 635 hace
1257 571 1290 634 in
1305 568 1473 634 catholicis

184 676 285 741 multo
308 677 439 741 brevius
461 687 495 741 et
516 675 740 759 neglegentius
762 684 901 740 tractata
926 683 1012 738 sunt.
1057 673 1113 737 sed
1136 683 1244 738 tamen
1267 672 1308 736 ad
1330 669 1473 735 Probum

185 780 263 843 satis
290 788 377 843 certo
399 778 585 842 referuntur
611 776 705 857 hacc,
735 800 765 862 p.
790 786 845 858 34,
875 785 912 845 21
944 776 1061 841 relevit
1090 776 1133 840 cf.
1161 775 1262 838 Prisc.
1292 783 1368 854 490,
1398 785 1416 842 7
1443 781 1475 836 04

185 887 262 960 529,
292 887 333 949 20
361 881 470 944 Diom.
494 889 570 960 370,
600 888 629 947 6.
661 902 692 964 p.
717 886 815 959 34,8
845 888 877 942 et
899 885 954 958 38,
982 885 1001 945 6
1029 877 1124 942 sorbo
1147 876 1277 940 sorbeo:
1305 878 1347 942 cs.
1370 880 1473 945 Prisc.

151 1035 153 1037 ,
184 991 262 1062 49],
287 990 325 1051 13
347 976 455 1047 Didm.
479 990 555 1062 366,
579 990 630 1050 27.
659 1003 690 1066 p.
707 990 762 1061 35,
786 989 826 1050 29
849 983 915 1044 01οε
938 979 980 1044 cf.
996 979 1099 1044 Prisc.
1118 989 1193 1059 494,
1219 989 1254 1047 11
1280 991 1312 1043 04
1333 993 1410 1062 541,
1436 994 1474 1055 18

183 1084 293 1149 Diom.
311 1092 389 1163 374,
408 1094 435 1152 1.
466 1107 498 1169 p.
515 1092 555 1153 36
561 1091 631 1162 ,25
652 1084 756 1168 partio
780 1084 915 1168 partior:
938 1082 980 1146 cf.
998 1082 1088 1146 Serv.
1105 1083 1139 1144 in
1152 1081 1251 1165 Verg.
1268 1083 1350 1146 Aen.
1368 1084 1384 1147 I
1402 1093 1473 1153 194.

183 1210 216 1272 p.
241 1194 297 1268 36,
320 1194 360 1256 34
382 1185 472 1250 lavo:
496 1186 539 1249 cf.
555 1185 657 1248 Prisc.
674 1194 750 1265 471,
774 1193 793 1252 2
815 1185 923 1248 Diom.
941 1192 1016 1261 381,
1042 1192 1092 1251 12.
1122 1206 1155 1269 p-
1178 1192 1233 1264 39,
1258 1191 1297 1252 26
1320 1194 1353 1248 04
1375 1194 1429 1264 40,
1455 1199 1473 1256 7

184 1297 277 1352 00040
300 1309 399 1352 nexo:
423 1286 466 1351 cf.
482 1286 584 1351 Prisc.
600 1296 677 1366 469,
702 1295 751 1354 12.
775 1293 850 1366 536,
874 1295 904 1357 8·
927 1293 1004 1366 538,
1028 1294 1047 1353 2
1068 1285 1175 1349 Diom.
1193 1294 1269 1367 369,
1295 1295 1344 1354 16.
1373 1310 1405 1372 p·
1422 1297 1474 1369 39,

185 1401 204 1460 5
227 1389 319 1454 40110;
343 1389 387 1454 01.
409 1390 519 1453 Diom.
542 1397 619 1469 372,
643 1398 662 1458 4
685 1397 718 1452 04
740 1394 816 1469 380,
839 1397 869 1457 9.
899 1387 1073 1474 inquibus
1096 1410 1291 1473 quamquam
1313 1389 1474 1475 quaedam

185 1499 276 1571 sunt,
310 1491 345 1555 in
373 1491 492 1577 quibus
523 1513 639 1556 nomen
666 1490 765 1555 Probi
794 1512 811 1553 e
840 1488 1022 1570 catholicis,
1051 1499 1087 1553 04
1114 1490 1258 1570 videtur,
1287 1490 1474 1555 Priscianus

185 1589 374 1679 adscripsit,
403 1602 509 1657 tamen
539 1596 619 1658 haec
640 1614 769 1680 quoque
796 1615 816 1656 a
837 1591 970 1677 Berytio
998 1593 1209 1675 grammatico
1236 1600 1376 1657 tractata
1403 1616 1474 1657 esse

184 1717 361 1761 consensus
383 1695 551 1759 Diomedis
578 1696 631 1760 vel
656 1694 786 1759 uberior
811 1695 914 1780 ipsius
937 1694 1096 1759 Prisciani
1122 1693 1298 1777 disputatio
1321 1694 1473 1760 ostendit.

270 1798 386 1884 Itaque
408 1820 481 1862 cum
504 1797 621 1878 multa,
645 1819 727 1885 quae
750 1797 825 1861 olim
848 1819 869 1860 a
883 1796 990 1861 Probo
1013 1796 1144 1860 uberius
1167 1803 1307 1860 tractata
1328 1819 1398 1861 esse
1421 1796 1474 1861 vel

184 1909 272 1964 certo
294 1910 422 1966 constat
449 1899 501 1964 vel
529 1899 741 1985 probabiliter
767 1899 871 1963 conici
898 1908 1018 1984 potest,
1047 1920 1132 1962 nunc
1161 1897 1303 1962 breviter
1331 1898 1475 1963 indicata

184 2001 391 2066 inveniantur
413 2003 446 2066 in
469 2000 650 2081 catholicis,
673 2001 752 2066 haec
775 2002 871 2065 exiis
894 2021 977 2087 quac
999 1998 1219 2064 nobilissimus
1242 2003 1475 2085 grammaticus

184 2104 304 2185 scripta
325 2103 500 2190 reliquerat
521 2112 675 2189 excerpta
697 2124 768 2166 esse
786 2104 948 2181 dicemus,
977 2124 1041 2166 non
1062 2109 1224 2165 recentem
1246 2105 1355 2167 nescio
1378 2125 1475 2189 quem

184 2204 343 2287 Probum,
372 2211 464 2269 cuius
491 2204 582 2269 nulla
607 2205 695 2290 apud
716 2215 844 2271 veteres
867 2205 1039 2289 scriptores
1062 2205 1217 2268 memoria
1239 2214 1345 2285 extat,
1374 2205 1474 2290 finge-

184 2329 266 2370 mus.
311 2329 386 2371 nam
408 2328 450 2370 ex
473 2308 653 2392 antiquiore
676 2306 784 2393 aliquo
807 2315 839 2371 et
861 2306 1010 2371 uberiore
1031 2308 1260 2372 commentario
1288 2307 1368 2372 haee
1390 2330 1475 2394 quae

183 2431 270 2474 0000
292 2409 428 2493 legimus
452 2419 606 2494 excerpta
628 2431 698 2473 esse
720 2410 873 2473 universa
893 2408 969 2472 libri
991 2408 1115 2473 indoles
1139 2408 1244 2474 docet.
1283 2419 1350 2474 tam
1371 2410 1475 2474 multa

185 2512 270 2575 enim
292 2510 344 2574 vel
366 2511 475 2595 inepte
497 2511 636 2596 repetita
662 2511 715 2575 vel
743 2532 896 2597 perverso
927 2510 1039 2574 ordine
1068 2511 1174 2596 posita
1202 2509 1255 2575 vel
1276 2513 1378 2576 nimio
1397 2535 1474 2598 quo-

184 2612 259 2677 dam
280 2611 450 2677 brevitatis
473 2611 580 2676 studio
602 2622 755 2698 corrupta
776 2622 865 2692 sunt,
894 2622 931 2676 ut
958 2613 1146 2678 certissimis
1168 2613 1296 2678 indiciis
1319 2614 1474 2699 adpareat

184 2716 374 2800 scriptorem
396 2735 539 2800 eaquae
568 2715 609 2778 ab
634 2716 815 2801 antiquiore
843 2724 974 2778 auctore
1001 2723 1171 2800 acceperat
1197 2717 1230 2779 in
1258 2716 1473 2801 conpendium

184 2816 365 2900 redegisse,
389 2816 430 2880 ad
452 2839 573 2881 novum
594 2839 701 2881 rerum
724 2817 884 2896 ordinem,
907 2818 1149 2881 terminationes
1171 2818 1336 2881 nominum
1357 2827 1390 2881 et
1404 2841 1473 2882 ver-

183 2919 299 2983 borum
321 2919 409 2999 dico,
432 2920 653 3000 revocavisse,
677 2918 816 3004 denique
838 2919 880 2983 ad
902 2942 996 2983 usum
1019 2940 1097 2982 suae
1115 2921 1230 2983 aetatis
1254 2921 1472 2984 accommoda-

183 3021 282 3086 visse.
312 3021 347 3085 in
368 3043 432 3106 quo
455 3020 563 3085 studio
586 3022 734 3106 quamvis
757 3022 859 3084 multa
874 3021 1052 3085 omittenda
1067 3030 1189 3101 essent,
1213 3032 1320 3087 tamen
1336 3021 1471 3108 plurima

185 3123 304 3187 veteris
328 3123 494 3188 doctrinae
524 3125 663 3208 vestigia
691 3121 804 3190 rdicta
832 3134 917 3187 sunt.
960 3122 1046 3187 unde
1069 3124 1154 3186 enim
1176 3134 1242 3188 tam
1264 3125 1366 3190 multa
1388 3134 1470 3189 vete·

184 3247 256 3289 rum
278 3226 471 3312 scriptorum
494 3225 644 3312 exempla
666 3234 698 3290 et
725 3226 849 3309 antiqui
877 3226 1034 3288 sermonis
1054 3224 1207 3310 reliquias
1228 3227 1470 3310 grammaticum

184 3329 345 3414 recepisse
367 3328 641 3408 existimabimus,
670 3328 732 3390 nisi
760 3327 879 3391 honum
904 3338 936 3391 et
957 3328 1125 3412 antiquum
1153 3338 1316 3393 auctorem
1344 3339 1469 3394 secutus

184 3431 295 3495 esset?
324 3431 402 3515 quin
425 3433 522 3494 etiam
543 3430 646 3516 ipsius
668 3430 801 3494 rationis
824 3452 861 3494 00
884 3428 1065 3511 doctrinae,
1088 3452 1185 3516 quam
1207 3440 1348 3494 veterem
1371 3453 1469 3514 gram»

183 3532 336 3597 maticum
360 3541 505 3596 secutum
527 3554 598 3596 esse
620 3533 756 3613 scimus,
783 3533 876 3618 quasi
904 3532 1064 3617 quaedam
1087 3532 1227 3615 vestigia
1250 3534 1284 3596 in
1306 3533 1467 3599 catholicis

184 3634 285 3698 latere
307 3634 470 3699 videntur.
513 3655 589 3697 narn
617 3634 704 3719 quod
726 3635 754 3697 is
781 3636 815 3697 in
848 3634 960 3718 primis
991 3633 1054 3697 sibi
1081 3642 1308 3720 proposuerat,
1339 3637 1467 3720 utquid

185 3736 274 3821 leges
307 3737 416 3800 Latini
433 3719 605 3798 'sermonis
637 3744 670 3800 et
702 3744 877 3821 praecepta
908 3736 987 3799 artis
1024 3735 1240 3821 postularent,
1279 3737 1358 3822 quid
1396 3761 1466 3801 usus

183 3836 335 3924 loquendi
358 3837 421 3901 sibi
445 3838 645 3921 sumpsisset,
676 3837 807 3901 doceret
828 3846 861 3900 et
882 3836 1029 3921 diligenti
1052 3837 1189 3902 lectione
1212 3860 1305 3901 usum
1327 3850 1466 3904 veteruu

184 3940 377 4024 scriptorum
405 3938 594 4003 observaret
622 3949 655 4003 ot
682 3938 799 4024 quibus
828 3939 862 4002 in
889 3938 986 4002 robus
1015 3938 1056 4003 ab
1086 3938 1150 4002 illis
1184 3941 1260 4004 novi
1290 3941 1462 4005 rccedoren

182 4041 355 4120 indicaret,
384 4039 466 4105 illud
493 4040 527 4103 in
555 4038 616 4103 hoc
645 4061 773 4127 quoque
799 4038 883 4104 libro
911 4037 1022 4104 multis
1051 4040 1210 4126 exemplis
1239 4043 1292 4126 agi
1316 4042 1464 4106 videmus

184 4164 363 4229 quaecum
385 4143 432 4205 ita
454 4143 533 4221 sint,
556 4164 597 4206 no
618 4141 700 4205 illud
723 4140 853 4228 quidem
875 4142 951 4205 huic
973 4141 1092 4206 iudicio
1116 4164 1299 4228 repugnare
1314 4145 1464 4211 existimo

183 4245 270 4332 quod
292 4243 451 4329 quaedam
473 4264 551 4307 sane
572 4245 607 4307 in
629 4243 796 4308 catholicis
820 4245 942 4329 scripta
963 4255 1054 4325 sunt,
1077 4267 1160 4330 quae
1181 4246 1220 4308 iis
1236 4268 1318 4331 quae
1333 4245 1463 4310 Probun

184 4348 333 4412 docuisse
356 4347 428 4410 aliis
451 4347 638 4411 auctoribus
660 4356 788 4411 constat
810 4358 952 4412 autnon
975 4348 1053 4411 satis
1076 4347 1294 4432 respondeant
1316 4358 1372 4413 004
1394 4349 1462 4413 ade«

184 4449 351 4514 adversari
373 4447 563 4528 videantur,
592 4457 628 4512 ut
649 4471 681 4532 p.
705 4457 761 4528 36,
786 4457 825 4516 16
853 4448 894 4513 (10
918 4449 1016 4513 verbo
1044 4451 1135 4534 pario
1158 4450 1285 4514 conlato
1309 4450 1462 4517 Priscian«

183 4560 261 4631 500,
285 4561 324 4620 19
354 4561 387 4615 et
409 4558 485 4632 540,
515 4558 534 4619 0
563 4560 595 4614 04
617 4550 776 4615 Diomede
799 4558 875 4630 383,
900 4562 935 4630 4,
963 4574 995 4635 p·
1019 4558 1076 4632 38,
1105 4559 1145 4619 26
1174 4551 1214 4615 de
1236 4551 1337 4616 verbo
1360 4553 1461 4618 inoho

184 4655 311 4719 conlato
327 4652 486 4717 Diomede
501 4660 577 4732 365,
602 4661 652 4721 16.
681 4653 715 4716 01
737 4653 868 4730 mirum,
892 4676 975 4738 quae
997 4653 1060 4718 fuit
1082 4655 1366 4736 grammaticorum
1380 4655 1461 4720 liber

183 4767 233 4819 tas
256 4766 289 4820 et
310 4753 519 4839 neglegentia
539 4755 573 4818 in
596 4756 833 4842 antiquioribus
856 4755 1045 4819 auctoribus
1068 4754 1277 4835 adhibendis,
1301 4757 1343 4821 ab
1366 4779 1460 4844 coqu

184 4858 265 4922 haec
287 4857 321 4921 in
342 4856 428 4922 hunc
451 4848 596 4921 ordinem
619 4858 790 4943 conposuit
804 4879 869 4922 non
885 4857 989 4921 solum
1003 4856 1145 4942 plurima
1159 4859 1288 4938 omissa,
1305 4859 1362 4922 sed
1377 4860 1459 4924 otian
