3346 5506
537 413 584 476 DE
606 414 836 478 nccnnutnvs
859 412 911 495 [ΙΝ
935 412 1130 496 DONATVM]
1417 418 1478 482 483

243 532 267 576 p.
281 521 341 564 nass.
354 521 380 563 aa
393 520 418 561 r.
1262 534 1283 572 μ.
1297 521 1386 562 sss-sa
1401 520 1426 562 r.

198 601 278 662 cuius
304 608 404 662 tamen
432 601 528 662 media
556 602 589 661 lit
620 603 765 679 positione
791 600 893 681 longa,
922 600 1045 663 bacchio
1075 600 1201 662 naturali
1229 611 1258 662 ei
1285 600 1478 672 antibaccbio‚

197 704 277 764 euius
303 703 375 764 itam
397 702 493 764 media
514 702 547 764 tir
573 703 718 783 positione
746 702 842 782 longa.
887 704 1038 784 bucusque
1060 702 1170 763 dictum
1194 711 1246 772 cst,
1269 703 1299 762 in
1321 700 1479 783 trisyllabis

197 806 257 865 eius
285 805 369 866 morli
397 805 448 884 qui
474 820 539 864 esse
564 805 678 884 possint
705 813 852 867 accentus.
897 823 976 867 nunc
999 803 1157 867 dicentium
1180 811 1240 873 est,
1263 805 1293 863 in
1316 822 1373 884 qua
1395 812 1479 883 parte

196 905 337 986 trisyllabi
363 913 465 966 acutus
492 906 530 966 sit
557 904 721 985 ponendus.
764 907 794 966 in
822 905 980 987 trisyllabis
1007 904 1271 987 antepaeneultima
1298 906 1404 984 accipit
1431 923 1479 965 ac·

197 1015 326 1079 cantum,
355 1009 443 1068 etiam
471 1007 496 1066 si
527 1006 723 1087 paeneultima
753 1011 791 1069 sit
811 1006 898 1087 longa
921 1009 1066 1088 positione
1089 1026 1125 1068 ex
1147 1016 1226 1069 muta
1249 1016 1278 1067 et
1299 1006 1424 1087 liquida,
1448 1015 1505 1067 uls

196 1106 325 1171 latebrae
354 1106 483 1176 colubri;
512 1110 544 1168 in
577 1109 671 1170 tribus
701 1109 796 1188 longis
822 1108 1032 1190 paeneultima,
1060 1118 1093 1170 ut
1119 1109 1281 1171 Maecenas.
1326 1108 1377 1170 ubi
1398 1117 1480 1170 ante·

193 1209 403 1293 paanclultlma
425 1208 649 1283 breviaturus,
673 1211 869 1291 paeneultima
884 1230 954 1273 vero
977 1211 1076 1290 longa,
1097 1213 1127 1271 in
1149 1210 1346 1292 paenenltima
1368 1228 1480 1290 ponen-

198 1311 263 1384 dus,
299 1323 333 1375 ut
363 1313 482 1373 amicus.
526 1330 597 1374 sane
629 1312 782 1375 scientium
811 1323 856 1375 est
888 1313 967 1394 quod
995 1312 1193 1393 monosyllaba
1227 1332 1297 1393 pars
1330 1314 1480 1384 orationis,

198 1432 269 1495 quaa
290 1413 337 1475 rel
359 1412 533 1476 naturaliter
547 1412 645 1476 brevis
667 1424 725 1488 est,
750 1423 833 1477 utet
855 1435 926 1495 que,
950 1415 994 1476 vel
1016 1417 1162 1495 positione
1184 1415 1271 1495 longa
1292 1416 1338 1486 lit,
1362 1423 1480 1476 acutum

198 1514 316 1578 mbcbn
337 1522 505 1585 accentum,
528 1524 561 1576 ut
581 1516 642 1577 nrix
663 1517 721 1578 lix.
1495 1530 1520 1573 to

278 1617 491 1680 Circumllenus
512 1626 651 1679 accentus
679 1619 710 1678 in
732 1618 882 1698 disyllabis
904 1617 948 1678 vel
976 1620 1005 1678 in
1029 1618 1186 1698 trisyllabis
1211 1618 1256 1680 vel
1276 1620 1307 1679 in
1329 1620 1482 1699 quantovis

200 1737 321 1782 numero
339 1718 519 1800 syllabarum
542 1717 771 1800 paeueultimum
787 1719 844 1782 sibi
861 1728 972 1781 tantum
995 1720 1122 1782 vindicat
1142 1720 1255 1790 locum,
1278 1729 1307 1781 et
1329 1721 1384 1781 bac
1407 1720 1480 1800 lege,

198 1829 239 1892 ut,
261 1820 315 1884 ubi
336 1822 427 1883 luerit
448 1821 497 1881 bic
519 1829 672 1892 accentus,
695 1822 892 1901 paeneultima
920 1824 958 1882 sii
985 1821 1156 1884 naturaliter
1178 1821 1274 1902 longa.
1318 1825 1359 1883 ita
1391 1823 1423 1884 lit
1451 1831 1483 1884 ut

198 1922 264 1986 buin
291 1925 427 1986 accentui
454 1922 611 1985 trochaeus
638 1923 812 1986 naturaliter
833 1923 939 2002 longus
961 1926 1120 1985 convenire
1142 1924 1282 1986 rideatur.
1326 1927 1396 1986 item
1419 1943 1482 1985 mo·

199 2024 345 2107 noayllaba
372 2042 442 2106 pars
468 2026 609 2087 orationis
636 2034 707 2087 tuuc
734 2027 823 2087 istum
850 2024 971 2088 babebit
997 2034 1167 2097 accentum,
1198 2045 1263 2088 cnm
1287 2026 1373 2106 longa
1393 2026 1520 2089 fueritis

198 2136 298 2190 natura
321 2137 448 2194 tantum.
470 2135 504 2188 ut
524 2126 569 2189 sol
591 2125 653 2189 clos.

277 2229 381 2291 Gravis
401 2246 472 2290 vero
505 2236 644 2291 accentus
666 2247 732 2289 cum
756 2239 841 2290 acuto
863 2239 893 2291 et
915 2230 1104 2291 circumflexo
1127 2241 1250 2292 accentu
1272 2231 1343 2308 poni
1364 2233 1482 2311 poterit.
1547 2238 1553 2247 ’

197 2349 351 2413 passurum
379 2332 456 2391 enim
484 2332 514 2390 in
543 2350 578 2392 eo
605 2330 685 2412 quod
714 2339 759 2392 est
789 2330 919 2393 Catillus
947 2349 1065 2411 grarem
1093 2350 1204 2412 ponere
1233 2342 1387 2394 accentum
1415 2352 1482 2395 cum

198 2442 281 2496 acuto
301 2434 334 2494 in
356 2431 634 2511 antepaeneultima.
664 2434 735 2494 item
757 2451 825 2494 cum
848 2433 1037 2495 circnmlleno
1059 2435 1099 2495 ita
1120 2436 1256 2514 ponitur,
1279 2444 1312 2496 ut
1326 2434 1482 2515 Cethegus.

197 2553 296 2598 rarum
323 2536 392 2614 quia
420 2552 542 2596 necesse
570 2552 630 2596 non
659 2543 704 2596 ast
739 2544 772 2596 ut
799 2553 866 2596 cum
894 2534 1016 2616 reliquis
1042 2544 1184 2615 ponatur,
1213 2537 1263 2598 fiet
1290 2539 1443 2616 scriptoris
1467 2536 1480 2617 ΙΙ
1495 2553 1521 2594 ao

198 2637 326 2700 arbitrio.
370 2635 422 2698 sed
450 2636 497 2697 bic
524 2638 620 2716 gravis
650 2645 789 2698 accentus
818 2656 877 2698 non
899 2637 989 2700 babet
1010 2641 1247 2700 communionem
1271 2637 1394 2700 eandem
1416 2656 1483 2699 curn

198 2741 318 2811 celans,
347 2756 436 2819 quam
465 2757 532 2800 cum
555 2739 746 2801 circumflexo
769 2747 915 2802 elocuto.
959 2759 1047 2821 quam
1071 2742 1095 2801 si
1117 2751 1214 2802 tamen
1237 2749 1267 2800 et
1288 2759 1354 2802 curn
1378 2741 1485 2802 ceteris

197 2840 344 2912 babuerit,
373 2858 434 2901 non
456 2839 545 2901 babet
566 2841 622 2902 nisi
643 2859 698 2921 per
719 2842 808 2913 istos,
837 2852 870 2904 nt
891 2841 1059 2903 malesinus
1080 2842 1260 2904 intereiloci.
1305 2842 1356 2904 sed
1380 2843 1484 2922 nequis

196 2949 278 3023 putet
295 2944 330 3003 in
351 2942 440 3005 buius
461 2941 543 3003 modi
564 2943 752 3005 sermonibus
774 2952 912 3024 quattuor
935 2962 999 3005 esse
1022 2953 1178 3028 accentus,
1201 2944 1321 3024 bypben
1343 2952 1393 3005 ant
1415 2961 1501 3023 acu-¹

195 3051 256 3107 turn
278 3051 329 3106 aut
350 3044 572 3106 circumflexum
588 3052 638 3105 aut
652 3063 786 3122 gravem,
810 3044 953 3126 siquidem
977 3045 1047 3106 dicit
1068 3046 1099 3104 in
1121 3047 1281 3124 conpositis
1303 3045 1481 3107 dictionibus
1495 3062 1520 3104 as

196 3162 284 3209 mum
313 3155 468 3208 accentum
496 3165 561 3208 csse
588 3145 698 3207 debere
727 3165 787 3207 non
815 3150 926 3217 minus,
960 3165 1048 3226 quarn
1078 3147 1109 3207 in
1137 3165 1194 3208 una
1220 3154 1305 3228 parte
1332 3149 1482 3210 orationis.

197 3248 247 3311 aed
273 3247 426 3310 sciendum
450 3245 457 3333 Ι
479 3242 525 3309 'est
552 3247 630 3329 quod
657 3248 746 3309 morlo
773 3248 891 3328 bypbcn
920 3266 974 3327 pro
1003 3247 1189 3309 distinctione
1222 3257 1364 3328 ponatur,
1388 3251 1483 3328 gravis

196 3367 249 3431 pro
269 3349 420 3432 superfluo
442 3352 596 3429 scriptoris
617 3350 753 3420 arbitrio,
777 3357 920 3430 utsupra
942 3350 1053 3411 dictum
1076 3357 1129 3410 est.
1169 3359 1260 3412 restat
1280 3352 1371 3430 igitur
1392 3359 1425 3412 ut
1447 3370 1483 3412 es

195 3451 252 3515 illis
271 3451 411 3532 legitimis
433 3451 548 3514 dnobus
569 3453 634 3513 iure
662 3451 799 3512 dictionis
820 3453 933 3530 positus
955 3451 1069 3512 dicatur
1091 3460 1239 3513 accentus.
1284 3454 1362 3514 scire
1385 3461 1481 3514 autern

197 3552 339 3618 &bemus
365 3554 445 3635 quod
473 3553 586 3616 nullum
614 3554 774 3614 barbarum
808 3570 916 3613 nomen
938 3552 983 3614 rel
1006 3552 1129 3614 verbum
1151 3552 1268 3634 aliquod
1291 3556 1481 3635 peregrinum
1496 3571 1522 3613 so

196 3674 250 3719 nec
270 3657 437 3719 interiectio
460 3664 574 3718 certum
596 3663 737 3736 poterunt
759 3664 913 3717 accentum
942 3664 1055 3717 tenere.
1100 3657 1219 3716 namin
1243 3655 1407 3719 barbaricis
1429 3676 1481 3718 no-

195 3757 324 3821 minibus
345 3755 423 3820 nulla
446 3760 491 3820 sui
513 3761 627 3820 ratione
649 3766 730 3827 sunt,
754 3758 805 3820 sed
822 3756 901 3839 quali
922 3757 1069 3829 volumus,
1093 3775 1164 3819 sane
1186 3776 1246 3819 non
1269 3776 1390 3839 aspero,
1412 3776 1482 3840 pro·

195 3860 325 3924 luamus
351 3869 483 3922 accentu.
528 3862 640 3923 Graeca
667 3869 765 3921 autem
796 3862 857 3922 suis
884 3859 1053 3923 accentibus
1084 3859 1302 3941 pronuntianda
1331 3878 1396 3922 esse
1430 3879 1482 3923 no·

193 3980 321 4027 sumus.

278 4065 459 4127 Accentunm
482 4073 580 4127 autem
604 4082 691 4146 saepe
714 4064 835 4143 dissipat
856 4064 952 4144 legem
967 4065 1012 4126 vel
1031 4065 1194 4138 distinctio,
1218 4074 1263 4138 ut,
1287 4083 1354 4127 cum
1377 4064 1519 4128 debeatas

267 4286 281 4339 l
302 4288 374 4339 ouius
392 4295 476 4338 tamen
493 4288 621 4354 positione
633 4288 718 4338 media
733 4286 761 4336 llt
776 4288 854 4354 longa
865 4287 941 4338 Bcui
959 4295 1041 4337 tamen
1060 4287 1145 4338 media
1157 4287 1287 4355 positione
1304 4286 1382 4355 longa
1400 4289 1426 4340 F

190 4360 221 4409 ia
240 4355 333 4409 bacblo
349 4357 458 4408 uatursll
477 4368 502 4408 at
520 4359 545 4408 lu
564 4356 708 4408 antibachio
726 4359 767 4408 cui
784 4358 810 4407 F
893 4359 1052 4423 ipositioua
1069 4359 1097 4409 nt
1114 4358 1140 4409 B
1226 4357 1242 4410 3
1260 4357 1337 4408 huius
1351 4358 1420 4408 modi
1438 4359 1480 4421 qni

188 4442 252 4480 cnse
269 4441 321 4478 uon
338 4428 439 4494 possint
455 4428 482 4478 F
565 4429 591 4477 in
610 4443 659 4492 qua
675 4436 747 4494 parte
765 4429 791 4478 in
808 4427 962 4494 trissyllabis
978 4427 1004 4478 F
1087 4428 1147 4479 4in
1166 4429 1246 4480 tribua
1263 4426 1369 4493 syllabis
1386 4428 1413 4477 B

186 4498 210 4553 θ
231 4500 259 4548 in
277 4498 357 4549 tribus
380 4497 488 4564 syllabis
504 4497 588 4565 longis
611 4506 701 4549 natura
717 4497 872 4564 peneultimu
886 4498 912 4548 F
932 4499 959 4548 in
976 4499 1057 4550 tribus
1075 4498 1161 4566 longis
1182 4497 1324 4565 penultima
1346 4498 1445 4548 acuitur
1463 4510 1481 4553 ς

187 4569 291 4618 'luero
305 4568 338 4618 alt
351 4567 427 4636 longa
441 4569 467 4619 F
510 4568 528 4619 8
539 4573 653 4634 sortasse
676 4568 765 4619 amicis
815 4567 937 4620 libraris
954 4578 993 4619 est
1011 4578 1054 4620 aut
1065 4585 1090 4634 q.
1104 4569 1245 4635 possitiona
1258 4569 1336 4635 longa
1354 4567 1387 4617 sit
1404 4566 1430 4617 F

187 4638 222 4689 stt
240 4636 320 4706 longa
338 4651 355 4695 ς
373 4639 406 4688 ait
419 4637 496 4708 longa
512 4640 538 4690 B
591 4639 622 4690 18
636 4639 740 4689 catellus
754 4638 780 4688 F
823 4637 857 4690 20
874 4638 1048 4704 cumreliquis
1066 4639 1212 4692 accentibus
1220 4640 1354 4690 Putrem
1405 4634 1484 4687 ssatF

187 4708 256 4766 lite
305 4708 340 4760 21
357 4724 416 4759 curn
434 4711 525 4762 octaris
542 4711 722 4766 accentibuss
774 4709 809 4763 23
826 4709 903 4761 babet
917 4725 963 4761 on.
980 4709 1007 4761 B
1056 4710 1092 4761 24
1108 4710 1268 4763 sermonibus
1285 4708 1311 4760 B
1328 4706 1481 4759 dictionibus

189 4776 218 4829 F
285 4778 321 4831 25
338 4777 399 4830 (licit
413 4779 439 4830 B
455 4780 519 4831 dixit
536 4781 562 4832 F
644 4781 678 4831 27
697 4794 747 4844 quo
764 4779 842 4832 motio
858 4778 929 4847 bynu
946 4779 975 4831 F
1059 4779 1094 4831 28
1110 4794 1158 4848 pro
1178 4778 1335 4847 superfluulo
1352 4778 1380 4831 F
1447 4776 1483 4830 29

191 4846 319 4917 legitimis
342 4849 441 4901 duobus
462 4851 518 4901 iura
538 4852 564 4901 in
584 4851 695 4903 dictione
714 4848 796 4916 (corr.
821 4850 849 4901 in
865 4848 1000 4917 dictionis)
1016 4850 1115 4919 positus
1131 4850 1159 4903 B
1175 4848 1306 4919 legitimus
1321 4846 1423 4901 (luobus
1438 4860 1481 4901 ao·

190 4918 310 4972 nantibus
327 4919 399 4972 lurae
414 4920 532 4972 dictionis
549 4923 664 4988 possitus
684 4921 710 4973 F
776 4920 809 4974 bi
827 4920 1003 4989 potneruntF
1066 4918 1101 4975 82
1118 4928 1179 4973 aunt
1194 4934 1243 4975 aa·
1261 4916 1290 4973 B
