3346 5506
548 387 597 451 DE
619 387 764 452 NOMINE
787 389 985 452 munuera
1008 390 1132 454 37-56
1426 395 1488 460 213

227 575 321 636 smeds
352 573 455 635 ridose
476 590 549 653 ergo
570 573 732 655 loquuntur
753 578 806 657 qui
827 577 929 638 dicunt
950 579 1043 647 senis,
1067 580 1199 657 quamvis
1218 509 1487 660 ριοριιΐιῗιιῖιιιι·

225 675 276 736 tudo
292 682 407 755 pugnet.

286 777 358 839 luter
377 782 510 839 ventrem
541 785 569 838 et
589 777 686 840 alvum
713 787 744 840 et
769 788 887 842 uterum
916 780 973 842 boe
1002 783 1138 852 interest,
1169 784 1248 862 quod
1278 792 1379 847 venter
1408 793 1485 848 totus

225 878 318 949 dicitur,
341 879 393 960 qui
415 878 508 941 oculis
525 879 676 942 subiectus
698 890 756 952 est,
786 881 868 942 alvus
888 883 1011 944 interior
1031 901 1115 961 pars,
1144 903 1202 963 qua
1223 885 1307 948 cibus
1328 896 1484 959 commeat,

225 986 300 1041 uterus
315 989 421 1050 antem,
444 998 504 1060 quo
525 981 632 1043 mulier
653 981 763 1044 baiulat
783 991 910 1062 partum.
1510 1017 1522 1056 ι

284 1080 345 1143 lleis
365 1084 481 1144 ratione
500 1083 607 1144 dicitur
630 1102 718 1163 quam
741 1085 794 1146 dis
840 1092 884 1146 est
905 1087 983 1146 enim
1007 1084 1080 1147 dens
1107 1094 1140 1146 ιιι
1162 1106 1245 1148 meus
1272 1106 1343 1151 reus
1372 1096 1402 1151 et
1423 1090 1486 1153 dois

223 1181 410 1253 iamdabat,
431 1192 465 1245 ut
488 1186 561 1245 meis
578 1186 647 1246 reis.

282 1285 386 1349 Edrias
403 1286 522 1356 dicitur,
543 1304 605 1348 non
622 1286 704 1357 eber,
727 1290 804 1350 sicut
826 1291 1008 1350 econtrario
1029 1288 1146 1352 sobrius
1167 1289 1286 1362 dicitur,
1308 1310 1368 1354 non
1386 1292 1484 1356 sober.

282 1388 408 1449 bantus
428 1389 525 1457 reads,
548 1406 616 1450 cum
633 1406 741 1450 nomen
755 1395 808 1460 est,
831 1389 996 1452 declinatur
1014 1391 1063 1453 hic
1081 1394 1216 1463 amictus,
1237 1394 1324 1456 buius
1342 1397 1482 1465 amictus;

221 1492 309 1551 amn
328 1491 529 1570 participium,
554 1490 642 1553 buius
659 1492 758 1553 amicti
780 1493 857 1552 iacit.
1496 1523 1521 1563 m

281 1591 443 1668 &maan
463 1609 531 1653 cum
547 1596 716 1654 accusativo
737 1593 871 1664 dicimus,
895 1593 1039 1672 ‘aliquam
1056 1614 1119 1657 rem
1135 1601 1307 1676 expertns';
1330 1606 1482 1678 capariam

221 1699 306 1763 aum,
337 1694 491 1771 ignarum,
517 1696 655 1771 genetivo
677 1698 758 1758 casui
783 1697 946 1776 iungimus,
974 1700 1143 1776 ‘expertem
1174 1699 1259 1760 istius
1284 1700 1356 1770 rei',
1386 1699 1483 1762 idest

219 1790 334 1869 boarum

281 1895 417 1967 drnatus,
442 1915 512 1958 eum
530 1915 638 1960 nomen
658 1906 717 1970 est,
739 1899 828 1962 huius
849 1906 972 1961 ornatus
993 1901 1078 1968 iacit:
1101 1918 1168 1962 cum
1191 1919 1262 1963 uero
1282 1903 1480 1982 participium,

218 1989 283 2058 iuius
297 2000 399 2060 ornati
445 1999 496 2060 sed
1494 2029 1518 2070 ιι

338 2107 499 2163 ornatus
521 2102 678 2181 Argivae
700 2101 878 2165 Helenae:

216 2211 299 2263 mnan
318 2203 425 2282 posuit,
450 2220 510 2264 non
531 2204 728 2282 participium.

279 2303 339 2366 llos
360 2305 480 2384 generis
501 2305 655 2367 masculini
675 2314 734 2377 est,
768 2317 800 2368 ut
826 2308 903 2387 apud
927 2305 1084 2386 Vergilium
1107 2312 1338 2389 ‘purpureus
1365 2308 1482 2373 veluti

215 2411 275 2464 ton
292 2404 381 2468 ilos'
403 2414 434 2468 et
453 2406 764 2489 ‘purpureosque
785 2410 877 2471 iacit
898 2408 1036 2471 ilores’
1065 2418 1094 2472 et
1116 2412 1315 2491 ‘inscripti
1337 2414 1481 2474 nomina

213 2513 316 2583 legum
345 2508 559 2571 Nascuntur
594 2509 733 2572 ilores'
767 2518 797 2572 et
827 2512 969 2571 ‘varios
1001 2511 1141 2573 circum
1175 2512 1311 2574 Fundit
1347 2515 1520 2579 humusso

213 2595 325 2671 floras'
346 2620 378 2673 et
398 2611 556 2674 Terentius
574 2614 605 2672 in
623 2613 768 2673 Eunucho
791 2615 895 2674 ‘anui
917 2614 1080 2675 sedecim
1101 2613 1175 2676 ilos
1199 2617 1307 2695 ipse'.

278 2711 372 2775 Sutilis
392 2713 547 2776 masculini
569 2716 686 2794 generis
708 2722 753 2775 est
775 2722 805 2775 et
827 2717 1006 2776 communis:
1030 2716 1171 2787 seminini,
1192 2723 1226 2777 ut
1239 2714 1253 2799 ΙΙ

592 2817 749 2876 tremuit
770 2816 833 2877 sub
856 2817 1021 2896 pondere
1044 2816 1172 2880 cumba

338 2917 463 2980 sutilis
483 2927 519 2980 et
541 2917 692 2979 multam
712 2920 861 2998 accepit
880 2920 1016 2979 rimosa
1037 2917 1223 2999 paludem,

212 3012 401 3088 tinasculini,
426 3027 459 3081 ut
478 3018 593 3081 balteus
613 3027 642 3080 et
661 3022 774 3100 ‘equuus
796 3021 942 3082 Troianus
963 3021 1084 3090 sutilis',
1107 3030 1136 3082 et
1155 3023 1268 3091 neutri,
1292 3030 1324 3083 ut
1346 3022 1479 3084 ‘corium
1494 3046 1520 3086 ιι

212 3117 301 3181 ιιιῑιιι’.

273 3221 334 3284 noo
356 3225 401 3285 sic
422 3221 607 3285 declinantur
626 3231 659 3284 ιιι
680 3222 783 3284 ambo:
819 3224 892 3293 duo,
919 3224 1060 3291 duorum,
1092 3223 1224 3296 duobus,
1254 3225 1313 3285 dno
1333 3223 1378 3286 rel
1397 3225 1481 3295 duos,

207 3315 258 3392 loo,
276 3344 292 3386 a
313 3324 441 3386 duobus.
486 3326 557 3387 item
576 3324 674 3394 ambo,
697 3325 862 3394 amborum,
886 3322 1046 3396 ambobus,
1068 3324 1156 3387 ambo
1178 3322 1223 3387 rel
1246 3325 1359 3395 ambus,
1383 3324 1481 3394 ambo,

205 3419 402 3489 tbambobus.

271 3531 483 3608 Quaecumque
500 3531 628 3591 nomina
651 3532 763 3593 Graeca
787 3532 815 3589 in
840 3537 1021 3599 usexeunt,
1049 3528 1124 3590 baec
1146 3531 1275 3591 vocativo
1303 3531 1331 3589 in
1354 3548 1391 3590 eu
1414 3530 1480 3590 mit·
1495 3552 1521 3593 ao

198 3634 304 3702 ιιιιιιι,
332 3639 365 3694 ut
393 3631 441 3692 bie
461 3632 568 3693 Auens
590 3652 608 3692 o
629 3631 735 3699 Atreu,
766 3631 814 3691 bic
837 3628 943 3692 Peleus
962 3648 981 3690 o
999 3629 1106 3700 Pelen,
1134 3631 1183 3692 bie
1201 3631 1315 3694 Nereus
1335 3650 1354 3691 o
1373 3632 1481 3694 Nereu.

193 3750 389 3814 quaecumque
410 3734 489 3813 apud
512 3736 642 3797 Graecos
664 3751 715 3793 ros
734 3732 847 3814 syllaba
869 3732 1026 3803 liniuntur,
1048 3735 1074 3794 si
1095 3734 1126 3794 in
1146 3734 1249 3796 eadem
1270 3731 1381 3813 syllaba
1400 3741 1482 3795 ante·

191 3836 339 3900 ermom
360 3833 485 3896 alteram
504 3842 717 3896 consonantem
734 3834 904 3904 habuerint,
927 3836 1005 3913 apud
1018 3853 1075 3897 nos
1094 3838 1124 3897 in
1140 3854 1173 3897 er
1191 3834 1333 3916 syllabam
1349 3835 1482 3907 exibunt,

190 3945 217 3999 nt
237 3937 406 4002 Alcandros
430 3937 610 4000 llenandros
637 3937 790 3999 Evandrus
816 3937 964 4006 Teucros,
992 3937 1137 4000 nicander
1159 3938 1320 4000 lienander
1347 3937 1483 4000 Evander

188 4038 308 4104 Teucer.
352 4041 401 4100 sin
424 4048 523 4101 antem
545 4057 635 4100 cnam
652 4047 865 4100 consonantem
892 4041 922 4101 iu
941 4041 1045 4103 eadem
1067 4041 1178 4122 syllaba
1204 4041 1377 4111 habuerint,
1404 4041 1522 4120 apodas

188 4161 237 4205 nos
261 4146 294 4205 in
320 4159 357 4203 us
384 4140 527 4222 syllabam
557 4140 860 4210 consummabuntur.
894 4149 927 4203 ut
950 4143 1096 4205 Homeros
1124 4144 1281 4206 Homerus,
1326 4145 1384 4206 erit
1411 4161 1484 4222 ergo

186 4245 345 4308 llenandsr
366 4251 401 4303 nt
420 4243 566 4305 Evander.
613 4242 759 4323 Vergilius
780 4252 879 4305 antem
897 4251 1025 4324 unoque
1046 4247 1146 4313 utitur,

247 4383 387 4434 buteram
406 4379 441 4442 B,
459 4380 655 4446 quoddeseadit
672 4381 758 4432 editor
779 4379 981 4433 deobonensia
997 4384 1061 4431 eost.
1082 4381 1147 4433 Non.
1163 4396 1191 4445 p.
1210 4381 1264 4433 tau
1346 4381 1365 4431 8
1393 4381 1485 4430 Ebrius

185 4455 247 4502 ‘iu
262 4452 324 4515 solii
338 4465 390 4500 ora
408 4449 514 4500 «Μεθ’
533 4465 582 4504 οι.
600 4453 639 4507 B.
657 4454 714 4502 ite·
734 4452 751 4499 u
770 4452 887 4500 Anticles
902 4459 928 4500 et
949 4450 979 4500 ll
997 4450 1137 4518 Expertum
1156 4466 1214 4501 cnm
1233 4451 1380 4502 aecuudro
1452 4451 1485 4501 ld

186 4519 297 4587 ornatas]
321 4522 405 4586 Verp.
421 4520 489 4570 Aen.
510 4520 519 4568 l
537 4520 591 4571 650
696 4522 726 4570 11
752 4534 801 4568 uon
821 4534 911 4569 nomeu
936 4522 1023 4585 posuit
1048 4523 1095 4570 sed
1112 4522 1277 4589 participium
1300 4536 1370 4573 corr.
1391 4535 1482 4569 nomen

188 4592 270 4656 posuit
290 4606 342 4642 non
360 4591 528 4658 participium
546 4591 572 4641 B
653 4590 685 4641 18
703 4587 860 4656 purpureus]
884 4591 963 4654 Verp.
982 4590 1048 4640 Aen.
1068 4592 1138 4641 vnit
1154 4590 1207 4643 435
1280 4591 1312 4642 19
1329 4604 1484 4657 purpureos-

186 4658 244 4727 qas]
268 4661 353 4726 Verp.
373 4661 440 4710 Aen.
459 4661 484 4708 V
501 4661 538 4711 ’19
606 4656 735 4725 inseripti]
759 4660 839 4724 Verp.
858 4660 938 4710 buci.
957 4658 985 4724 3,
1005 4659 1056 4712 106
1134 4659 1170 4710 w
1188 4659 1286 4728 ιιιὶοι]
1309 4660 1388 4726 Ver-p.
1402 4657 1485 4708 tumn

185 4728 210 4793 a,
226 4730 262 4782 40
334 4729 369 4780 21
389 4731 417 4778 in
433 4727 571 4795 bancho]
591 4732 612 4780 ll
630 4730 657 4793 3,
676 4731 710 4780 at
782 4731 857 4778 sonis
873 4745 918 4779 ιιι
938 4729 963 4780 Β
1031 4733 1066 4781 ‘tl
1086 4729 1177 4781 Satiris
1194 4733 1299 4799 genem
1315 4736 1355 4781 est
1370 4741 1485 4777 ωιιιιιι-

188 4801 225 4851 nis
238 4800 348 4852 coniecit
365 4800 450 4850 editor
471 4799 673 4853 Visdobomsa's
757 4799 792 4850 23
809 4797 919 4865 tremuit]
945 4801 1025 4864 Verp,
1043 4800 1108 4850 Aen.
1130 4800 1164 4849 vt
1183 4800 1235 4853 tta
1320 4799 1357 4851 25
1372 4793 1486 4864 balteus]

189 4870 265 4936 νη.
285 4870 357 4923 Aeas.
377 4869 426 4920 xit
443 4869 496 4922 273
515 4871 672 4933 teriturque
686 4867 771 4918 sutilis
787 4868 846 4919 also
862 4869 962 4919 balteus
