3314 5506
182 357 223 421 68
769 359 883 422 rivom

231 472 388 529 arnna.
1258 473 1416 530 μιαν.

181 545 265 615 ritur,
288 547 312 607 si
334 545 408 607 baec
429 546 610 626 supradicta
629 545 752 628 [forma]
776 548 940 609 communis
962 528 1078 627 generis
1101 548 1219 608 nomina
1241 565 1277 608 ex
1291 565 1345 608 sua
1368 545 1464 626 specie

181 649 210 709 in
231 664 339 725 genera
362 657 467 709 neutra
488 655 648 718 transeant,
673 651 702 709 in
721 649 825 711 codem
840 667 964 728 ponere·
977 654 1081 711 neutro
1104 651 1133 709 in
1154 648 1277 727 positivo
1296 649 1392 728 gradu
1413 665 1464 709 no·

181 750 318 811 min'ativo
340 768 411 812 casu
431 751 549 812 numeri
570 749 726 828 singularis
755 771 812 831 qua
828 750 929 812 littera
959 734 1086 820 debeant
1112 750 1275 813 terminari.
1317 751 1420 830 utique
1438 769 1464 819 e,

180 849 291 912 scilicet
312 852 466 931 quoniam,
495 870 699 933 quaecumque
720 855 836 932 generis
858 854 1022 914 communis
1042 853 1161 913 nomina
1182 852 1212 912 in
1230 852 1354 930 positivo
1373 851 1464 931 modu

152 955 355 1017 anominativo
375 972 446 1016 casu
470 956 587 1018 numeri
608 953 765 1034 singularis
792 957 816 1016 is
837 953 942 1016 litteris
963 954 1157 1022 deliniuntur,
1188 954 1213 1017 si
1233 972 1269 1016 ex
1292 955 1465 1034 sna'speoie

177 1055 336 1135 ingonem
360 1063 466 1118 neutra
492 1063 660 1123 transeunt,
686 1055 760 1116 baec
781 1056 883 1119 eadem
909 1073 1017 1135 genera
1043 1062 1147 1118 nentm
1176 1056 1350 1135 inpositivo
1372 1055 1465 1133 gradu

177 1159 356 1219 nominativo
378 1175 448 1220 casu
471 1161 586 1222 numeri
608 1157 765 1238 singularis
788 1178 805 1221 e
829 1157 926 1219 littera
947 1158 1152 1219 terminantur.
1176 1164 1318 1219 atvero
1341 1156 1465 1236 pluralia

155 1265 158 1274 '
177 1259 205 1318 ia
226 1257 331 1321 litteris
354 1259 548 1332 deliniuntur,
576 1267 609 1321 ut
630 1267 698 1338 puta
727 1260 776 1321 bic
799 1261 920 1322 ethaeo
941 1260 1024 1323 fortis
1050 1259 1108 1321 boc
1129 1259 1206 1323 torte
1233 1259 1357 1323 ethaeo
1378 1258 1464 1320 fortia

176 1359 275 1423 lacere
297 1360 411 1423 debeat.
429 1354 444 1446 ΙΙ

140 1480 166 1523 ro
263 1463 335 1526 ltem
354 1465 384 1523 in
404 1463 461 1525 bac
481 1451 662 1544 supradicta
682 1465 776 1527 lorma
799 1466 959 1546 quaeritur,
983 1482 1039 1545 qua
1060 1464 1097 1527 de
1117 1482 1204 1526 causa
1226 1461 1383 1525 tacbbmus
1404 1480 1463 1523 non

176 1564 369 1644 superlativus
398 1565 509 1644 gradus
537 1565 750 1648 [facilissimus]
785 1586 849 1629 esse
877 1567 1001 1628 dicatur.
1043 1565 1100 1627 bac
1127 1566 1164 1626 de
1188 1583 1290 1633 causa,
1324 1566 1463 1643 quoniam

91 1656 94 1668 ’
176 1683 380 1747 quaecumque
406 1670 523 1746 generis
546 1670 710 1730 communis
732 1671 850 1729 nomina
879 1671 908 1728 in
929 1669 1053 1747 positivo
1077 1667 1170 1746 gradu
1191 1666 1369 1728 nominativo
1394 1683 1463 1727 casu

176 1771 294 1830 numeri
314 1768 470 1847 singularis
490 1770 640 1840 islitteris
661 1771 849 1839 deliniuntur,
871 1771 895 1830 si
917 1761 1110 1848 superlativus
1129 1768 1240 1848 gradus
1262 1786 1297 1829 ex
1314 1768 1464 1829 sefacere

177 1878 314 1950 possunt,
339 1871 413 1934 haec
434 1874 464 1933 in
490 1873 593 1934 eodem
617 1873 793 1933 nominativo
815 1853 885 1934 casu
906 1873 1024 1934 numeri
1044 1870 1199 1948 singularis
1226 1872 1318 1931 simus
1337 1868 1471 1950 syllabas·

112 1991 163 2050 ,rs
177 1974 323 2051 accipiunt
349 1981 378 2035 et
402 1974 609 2053 superlativum
644 1975 766 2053 gradum
797 1974 915 2052 generis
941 1971 1096 2034 masculini
1124 1973 1289 2034 ostendunt.
1334 1973 1464 2032 nuncsi

176 2074 268 2136 facilis
290 2077 381 2136 simus
410 2075 535 2156 syllabas
561 2077 698 2156 accipiat,
724 2075 934 2154 numquidnam
962 2073 1116 2136 facillimus
1143 2082 1174 2136 et
1194 2091 1253 2134 non
1281 2071 1465 2136 facilissimus

176 2177 284 2255 iacelre
304 2177 456 2240 ostendat?
490 2186 519 2240 et
540 2178 607 2238 ideo
629 2176 799 2239 facillimum
821 2195 880 2236 non
903 2175 1026 2255 gradum
1054 2194 1140 2237 sunm
1167 2174 1376 2254 superlativum
1399 2193 1464 2236 esse

176 2278 368 2340 demonstrat.
410 2287 563 2358 praeterea
585 2280 671 2341 etiam
694 2279 934 2361 bocmnnemus,
956 2278 1036 2355 quod
1059 2287 1181 2357 propter
1200 2295 1288 2338 sonos
1309 2278 1399 2338 metri
1419 2276 1464 2337 vel

175 2387 341 2443 structurae
362 2398 422 2441 non
440 2381 553 2460 possint
571 2364 739 2459 superlativi
756 2380 865 2459 gradus
884 2388 950 2443 ante
969 2379 1102 2463 ultimam
1122 2378 1262 2460 syllabam
1278 2379 1298 2441 li
1320 2377 1463 2459 syllabam

31 2561 34 2568 Ι
138 2479 288 2542 nobabere
319 2484 516 2544 constitutam.
559 2481 610 2543 sed
639 2501 698 2563 qua
725 2482 761 2543 de
790 2502 876 2544 causa
903 2481 1071 2568 superlativi
1100 2481 1209 2561 gradus
1238 2488 1305 2543 ante
1330 2478 1463 2542 ultimam

175 2581 316 2661 syllabam
343 2601 402 2643 non
431 2586 545 2662 possint
576 2592 697 2664 propter
724 2586 875 2646 metricam
901 2585 1044 2654 rationem
1076 2581 1120 2643 vol
1145 2588 1325 2644 structuram
1353 2581 1464 2644 babere

174 2682 195 2745 li
217 2683 358 2764 syllabam
379 2687 575 2754 constitutam,
599 2688 687 2748 etiam
708 2686 765 2747 hoc
785 2684 813 2746 in
837 2687 938 2747 metris
959 2692 1150 2764 conpetenter
1171 2683 1371 2746 tractabimus.

261 2786 334 2848 ltem
354 2789 385 2848 in
403 2787 459 2849 bac
481 2786 584 2858 lorma,
608 2807 666 2869 qua
684 2788 810 2849 diximus
831 2789 947 2866 generis
968 2788 1133 2866 communis
1155 2787 1273 2847 uomina
1294 2786 1324 2846 in
1338 2787 1463 2866 positivo

176 2888 270 2966 gradu
293 2890 471 2951 bominativo
493 2908 563 2951 casu
584 2890 700 2951 numeri
720 2890 877 2967 singularis
896 2892 920 2951 is
942 2889 1045 2968 litteris
1068 2888 1192 2955 deliniri,
1217 2888 1383 2966 quaeritur,
1403 2906 1473 2969 qua·

138 2990 213 3050 ade
228 3008 317 3052 causa
338 2990 411 3053 baec
432 2992 544 3054 iuvenis
566 2991 640 3053 dure
661 2993 829 3071 accipiatur,
853 3010 919 3054 cum
942 2993 1058 3065 *iuvenis
1077 2990 1240 3053 communis
1262 2991 1382 3068 generis
1399 3009 1463 3052 osse

176 3090 326 3154 doceatur.
365 3110 463 3172 ‘quare
484 3093 543 3155 hoc
568 3112 736 3170 monemus,
767 3095 845 3174 quod
875 3096 1086 3173 cuiuscumque
1112 3092 1228 3170 generis
1254 3092 1374 3154 nomina
1398 3094 1462 3153 iun·

76 3184 83 3204 ⁸
176 3202 286 3272 guntur
311 3212 378 3256 cum
407 3194 528 3257 alterim
554 3197 672 3274 generis
697 3196 853 3264 vocabulo,
882 3195 956 3256 haec
984 3192 1196 3256 consideranda
1223 3209 1289 3254 esse
1315 3194 1461 3273 quemad

175 3295 295 3357 modnm
317 3314 406 3358 sonos
423 3316 492 3359 suos
508 3297 680 3360 exhibeant:
703 3298 760 3361 boc
774 3306 827 3367 est,
843 3299 867 3360 si
882 3296 918 3382 ad
939 3298 1126 3357 coniunctum
1148 3312 1241 3372 genus
1256 3295 1462 3376 respondeant

176 3400 240 3460 eius
261 3401 386 3483 generis,
399 3419 463 3461 esse
485 3400 573 3470 dicas,
593 3402 676 3462 cuius
696 3402 812 3480 generis
834 3419 899 3461 esse
924 3399 1074 3478 oporteat;
1096 3399 1141 3458 sin
1163 3414 1232 3458 vero
1252 3397 1283 3457 in
1302 3414 1388 3467 sono,
1407 3398 1462 3460 boc

137 3507 256 3563 onesta
281 3519 404 3579 genere,
428 3501 609 3583 discrepant,
630 3519 684 3581 pro
706 3502 852 3569 locutione
874 3503 1007 3580 accipias.
1052 3500 1105 3562 sed
1129 3500 1202 3561 baec
1223 3501 1370 3578 apertius,
1395 3518 1462 3565 cunt

176 3600 213 3662 de
234 3604 313 3663 sonis
336 3604 364 3663 ln
388 3597 500 3665 metris¹
513 3612 639 3666 tractare
663 3607 857 3686 coeperimus,
881 3602 1076 3664 ostendemus.
1110 3601 1298 3662 nuncetiam
1320 3600 1378 3662 boo
1401 3619 1462 3663 mo·

86 3754 91 3762 .
176 3720 294 3773 nemus,
325 3704 403 3782 quod
425 3705 482 3765 boc
504 3723 627 3774 nomen,
650 3707 678 3767 id
702 3714 747 3767 est
767 3707 893 3774 iuvenis,
920 3706 949 3764 in
969 3722 1078 3782 genere
1100 3712 1205 3766 neutro
1233 3709 1357 3781 propter
1377 3705 1463 3765 metri

176 3803 221 3865 vel
244 3811 411 3866 structurae
429 3824 534 3867 sonum
558 3825 714 3869 numerum
738 3806 880 3886 pluralem
902 3806 998 3867 lacere
1020 3805 1217 3883 prohibeatur.

262 3905 339 3966 Sane
360 3907 416 3966 boc
434 3907 606 3976 monemus,
625 3909 654 3968 in
677 3907 731 3968 bac
754 3910 846 3968 sonna
866 3908 981 3986 generis
1003 3909 1180 3976 communis,
1204 3925 1260 3986 qua
1284 3907 1412 3968 diximus
1433 3910 1463 3968 in

139 4021 164 4064 ns
178 4009 302 4087 positivo
322 4008 415 4086 gradu
437 4009 616 4069 nominativo
639 4027 707 4069 casu
731 4011 845 4070 vvvrmcri
862 4006 1018 4084 singularis
1039 4011 1156 4070 nomina
1177 4011 1203 4070 is
1216 4008 1323 4068 litteris
1338 3994 1463 4079 definiri,

177 4108 257 4189 qnod
281 4127 318 4171 ex
341 4128 374 4170 ea
398 4108 492 4171 lorma
516 4108 615 4189 plures
637 4111 711 4180 soni,
733 4111 791 4170 lvoc
805 4119 852 4187 est
867 4129 902 4170 eo
923 4109 1008 4188 plura
1031 4113 1164 4180 nomina,
1187 4112 1299 4190 possint
1319 4110 1462 4174 exbiberi.

177 4211 214 4272 dc
231 4211 325 4272 torma
348 4214 464 4290 generis
485 4213 656 4303 communis,
680 4230 736 4290 qua
756 4214 785 4272 in
801 4213 923 4291 positivo
943 4212 1035 4291 gradu
1058 4213 1235 4273 nominativo
1254 4231 1324 4274 casu
1347 4216 1461 4276 numeri

177 4311 335 4390 singularis
364 4315 480 4375 nomina
503 4317 528 4377 is
555 4314 660 4377 litteris
687 4314 803 4375 delinita
826 4332 913 4394 quem
935 4314 971 4375 ad
994 4314 1114 4375 modum
1143 4333 1231 4376 exse
1253 4315 1361 4376 iaciant
1383 4334 1460 4378 com·

250 4484 261 4533 l
285 4485 306 4533 si
324 4484 386 4534 haec
405 4485 566 4548 supradicta
585 4484 667 4535 lormn
684 4486 707 4535 13
731 4486 752 4535 si
772 4484 834 4534 boec
849 4499 927 4550 supra
945 4485 1025 4535 dietae
1045 4484 1173 4535 lormuer
1241 4488 1258 4539 l)
1277 4487 1367 4537 debeat
1385 4503 1400 4535 r
1418 4486 1459 4538 de·

177 4555 290 4604 beantld
377 4553 407 4603 ll
428 4554 591 4604 insilissimus
609 4571 664 4605 esse
679 4571 694 4603 r
712 4554 881 4604 lacilissumns
897 4571 954 4606 esse
972 4556 995 4605 Il
1085 4556 1116 4605 lo
1134 4557 1214 4606 simus
1232 4572 1248 4604 r
1267 4557 1394 4607 snmnsll

181 4624 210 4674 ll
231 4635 253 4674 ot
274 4625 330 4674 ideo
347 4624 482 4674 lorillimus
505 4639 553 4674 non
571 4624 737 4675 lucilisslmns
756 4625 863 4691 gradum
884 4643 898 4675 o
985 4623 1018 4675 lb
1040 4626 1055 4674 li
1075 4626 1197 4690 syllabam
1214 4626 1287 4676 Illis
1305 4626 1431 4691 syllabam
1451 4647 1458 4678 r

246 4694 277 4743 21
302 4703 451 4744 structuram
469 4712 484 4743 r
501 4696 723 4746 structurarumll
792 4696 826 4745 22
848 4696 864 4744 li
886 4695 1006 4761 syllabam
1026 4695 1048 4744 ll
1067 4695 1099 4744 lis
1117 4697 1273 4760 syllabemr
1344 4699 1451 4748 tractabi

179 4777 234 4812 mus
251 4779 266 4811 r
284 4765 446 4816 nacnutmus
466 4764 488 4813 tt
558 4766 592 4816 28
610 4781 687 4816 sonos
704 4783 719 4816 u
735 4779 814 4814 sonus
829 4764 850 4816 tt
930 4764 962 4816 31
983 4764 1145 4816 ostendemus
1160 4782 1175 4814 r
1192 4765 1351 4817 ostendimus
1371 4768 1394 4818 tt

177 4831 211 4882 ³5
229 4835 331 4883 nomina
348 4850 394 4888 om.
416 4835 447 4898 tt,
465 4836 556 4889 udalr
625 4835 659 4886 38
676 4835 753 4886 faeiat
768 4835 805 4886 Ito
