3346 5506
225 363 287 428 406
808 359 929 423 Slillllll

1288 482 1312 526 p.
1325 470 1426 514 tna-u
1440 468 1467 515 a.

226 547 335 611 dictum
359 557 423 618 est,
453 548 520 630 qnia
541 566 702 628 numquam
722 547 873 610 recedita
894 547 1000 611 verbo:
1022 550 1083 611 sive
1098 550 1177 613 euim
1193 550 1290 613 dicam
1311 550 1397 613 ‘cras
1411 549 1518 622 lacio',

227 650 332 712 ‘hodie
360 651 454 721 dico',
483 652 614 712 invenias
641 649 778 713 adverbia
805 648 903 712 verbis
930 651 1130 715 cohaerentia.
1174 652 1363 733 participium
1384 660 1519 723 vocatur,

226 754 363 833 quoniam
385 761 500 832 partem
522 760 604 814 tenet
625 753 766 824 nominis,
794 761 910 833 partem
924 753 1030 824 verbi,
1053 755 1137 834 quasi
1157 754 1364 834 particapium.
1407 770 1520 816 namo

226 856 346 917 nomine
369 853 459 916 babet
480 872 588 934 genero
611 861 641 916 et
661 872 758 926 cesus,
781 873 798 916 a
818 853 909 917 verbo
931 867 1065 934 tempora
1086 863 1117 918 et
1128 855 1363 935 significationes.
1379 853 1418 917 ab
1432 862 1519 918 utro·

198 973 284 1038 aque
311 955 485 1041 nullmernm
513 967 543 1018 et
562 958 698 1035 liguram.
738 958 907 1018 coniunctio
930 957 1008 1020 dicta
1029 965 1088 1029 est,
1110 959 1178 1036 qnia
1200 958 1354 1037 coniungit
1374 954 1521 1020 elocutio·

225 1076 294 1129 nes,
325 1068 358 1119 ut
385 1057 458 1138 ‘ego
487 1066 517 1119 et
542 1068 575 1120 tu
603 1063 731 1120 eamus’.
775 1060 954 1140 praepositio
986 1058 1108 1131 dicitur,
1143 1060 1282 1140 quoniam
1308 1059 1340 1121 in
1369 1056 1522 1140 loquendo

225 1161 433 1241 praeponitur:
463 1160 587 1222 dicimus
610 1163 689 1222 enim
711 1164 798 1222 ‘ante
826 1159 968 1241 templum
991 1165 1063 1233 ast’,
1086 1178 1147 1223 uon
1167 1159 1327 1242 ‘templum
1349 1168 1420 1223 anto
1442 1165 1522 1223 ost’.

226 1262 391 1323 interiectio
414 1262 491 1323 dicta
515 1269 573 1333 est,
602 1264 670 1344 quia
697 1264 896 1342 interponitur
923 1261 959 1324 ad
982 1261 1191 1344 exprimendos
1213 1263 1304 1325 ammi
1325 1261 1467 1334 effecum,
1489 1270 1524 1325 ut

220 1371 296 1447 puta
324 1364 400 1426 ‘heu
428 1371 564 1433 mortuus
592 1370 665 1426 est’.
708 1365 739 1425 iu
767 1363 814 1426 his
836 1372 935 1429 autem
956 1372 1025 1427 octo
1037 1362 1181 1447 ¹portibus
1201 1362 1345 1427 naturalia
1365 1371 1413 1427 est
1432 1362 1523 1426 ordo.

188 1477 214 1520 1⁰
226 1467 282 1526 rite
311 1467 390 1527 enim
418 1483 527 1527 nomen
555 1467 683 1550 primum
710 1459 845 1543 ponitur,
874 1465 953 1548 quod
981 1484 1017 1529 ex
1044 1467 1109 1548 ipso
1137 1466 1268 1529 omnium
1290 1484 1392 1529 rerum
1415 1467 1523 1529 notitia

225 1575 410 1647 procreatur.
441 1576 508 1649 post
529 1569 586 1629 hoc
608 1566 696 1628 debet
717 1569 800 1648 sequi
823 1585 1007 1648 pronomen,
1029 1569 1096 1650 qnia
1118 1568 1246 1629 nominis
1266 1566 1364 1628 oillcio
1387 1567 1522 1648 iungitur

227 1687 283 1730 nec
305 1668 394 1731 debet
415 1668 452 1730 ab
475 1671 537 1731 eius
558 1668 771 1749 significatione
794 1668 901 1731 divelli.
944 1670 1013 1738 inde
1040 1670 1173 1750 sequitur
1195 1668 1335 1740 verbum,
1363 1688 1424 1750 quo
1446 1668 1523 1731 dixi·

227 1790 293 1833 mus
314 1789 370 1833 nos
391 1771 563 1853 frequenter
585 1773 637 1833 uti.
667 1770 737 1833 iude
759 1770 945 1838 adverbium,
967 1770 1046 1852 quod
1069 1771 1192 1833 avcrbo
1214 1788 1375 1851 numquam
1397 1769 1523 1833 recedit

227 1875 413 1954 participium
442 1883 538 1936 autem
568 1875 624 1935 rite
644 1881 713 1954 post
734 1891 842 1935 nomen
865 1880 895 1935 et
916 1872 1038 1935 verbum
1060 1873 1197 1953 ponitur,
1225 1870 1305 1951 quod
1327 1889 1364 1933 ex
1386 1871 1524 1952 partibus

189 1987 215 2029 1⁵
229 1976 381 2056 utriusque
403 1982 505 2037 uatum
528 1982 581 2036 est.
619 1977 800 2056 praepositio
834 1994 901 2036 cum
926 1974 975 2037 vel
1002 1974 1094 2037 verbo
1116 1973 1161 2036 vel
1183 1975 1296 2036 nomini
1317 1975 1522 2055 praeponitur,

227 2084 256 2137 et
282 2078 346 2156 ipsa
373 2077 450 2138 iuste
478 2078 535 2138 boc
562 2075 628 2137 loco
650 2078 743 2156 posita
767 2085 827 2149 est,
855 2075 913 2139 illis
934 2078 993 2138 iam
1015 2083 1083 2139 aute
1104 2076 1282 2157 praedictis,
1304 2074 1414 2156 quibus
1435 2091 1522 2154 prae·

226 2179 357 2258 ponitur.
401 2177 537 2240 similiter
564 2163 748 2250 coniunctio,
776 2196 851 2262 quae
880 2179 1034 2258 coniungit
1054 2180 1167 2246 omnia,
1196 2194 1256 2240 uon
1279 2175 1370 2238 debet
1390 2177 1521 2256 primum

227 2278 326 2340 locum
355 2287 466 2341 tenere.
510 2280 606 2358 primo
634 2283 713 2343 enim
741 2280 885 2344 debemus
906 2281 998 2352 scire,
1027 2297 1102 2361 quae
1124 2298 1173 2342 res
1195 2280 1428 2359 coniungantur,
1451 2283 1521 2339 tunc

227 2378 307 2441 uude
334 2381 561 2460 coniungantur.
605 2383 770 2444 interiectio
798 2382 866 2444 ideo
894 2380 995 2444 ultima
1021 2382 1116 2462 posita
1146 2388 1205 2450 est,
1234 2379 1313 2463 quod
1340 2378 1416 2441 nibil
1442 2377 1519 2443 aliud

191 2495 217 2537 so
231 2482 371 2563 exprimit
392 2482 449 2543 nisi
471 2482 593 2545 allectus
614 2485 724 2555 animi,
747 2485 799 2565 qui
819 2501 889 2546 raro
910 2485 1151 2565 interponuntur.

759 2704 809 2767 DE
830 2702 987 2768 NOMINE.

314 2840 447 2903 ‘Nomen
468 2850 514 2903 est
534 2859 604 2920 pars
625 2842 768 2928 orationis
790 2858 857 2903 cum
880 2858 951 2902 casu
972 2858 1081 2921 corpus
1102 2848 1153 2901 aut
1174 2857 1239 2902 rem
1252 2841 1376 2920 proprie
1391 2858 1520 2903 commu·

229 2946 342 3005 niterve
365 2943 561 3023 significans’.
584 2945 615 3004 iu
638 2942 775 3005 omuibus
797 2941 930 3023 paulibus
951 2943 1093 3005 orationis
1115 2942 1301 3004 delinitiones
1322 2943 1361 3003 ita
1386 2960 1452 3004 esse
1474 2941 1521 3004 de·

229 3047 314 3118 beut,
337 3054 371 3108 ut
392 3054 423 3107 et
444 3054 601 3126 segregent
623 3045 660 3106 ab
683 3043 747 3106 aliis
768 3045 902 3125 partibus
917 3054 946 3106 et
967 3046 1059 3125 ipsius
1081 3045 1173 3123 pariis
1195 3062 1283 3125 quam
1306 3042 1452 3105 deliniunt
1473 3043 1523 3105 ali·

192 3163 218 3204 ao
231 3168 318 3230 qnam
340 3150 554 3228 proprietatem
578 3148 686 3209 dicant.
716 3149 806 3227 igitur
820 3147 898 3229 quod
920 3147 994 3208 dixit
1015 3164 1124 3208 nomeu
1146 3154 1261 3226 partem
1283 3162 1348 3207 esse
1371 3147 1528 3218 orationis,

229 3252 395 3330 segregavit
415 3268 435 3311 a
457 3248 549 3311 smilis
570 3247 720 3330 plausibus
742 3257 772 3310 et
793 3248 934 3330 quidquid
949 3249 1089 3310 contusae
1111 3249 1176 3308 voci
1197 3247 1292 3309 datur.
1322 3247 1405 3327 quod
1427 3256 1529 3310 autem

230 3352 303 3414 dixit
324 3354 410 3414 ‘num
433 3357 532 3420 casu’,
555 3352 720 3431 segregavit
733 3369 750 3412 a
765 3350 863 3412 verbis
883 3349 1029 3413 adverbiis
1050 3347 1318 3429 praepositionibus
1340 3350 1532 3412 coniunctio·

230 3453 327 3516 nibus.
358 3453 437 3536 quod
460 3463 557 3531 autem
573 3455 646 3515 dixit
668 3470 776 3532 corpus
798 3460 848 3515 aut
869 3471 933 3515 rem
948 3453 1129 3532 siguificare,
1151 3450 1209 3513 boc
1231 3452 1323 3532 ipsius
1336 3447 1351 3535 ΙΙ
1366 3454 1531 3532 proprium

230 3564 283 3617 est.
329 3554 484 3635 corporale
514 3563 612 3618 antem
640 3573 748 3615 nomen
776 3553 822 3615 vel
850 3554 1037 3633 incorporale
1064 3554 1251 3632 grammatici
1271 3554 1312 3614 ita
1335 3551 1536 3625 definierunt,

194 3666 265 3720 oout
293 3657 448 3738 corporale
476 3659 514 3718 sit
540 3656 682 3738 quidquid
704 3655 821 3716 videtur
849 3664 879 3717 et
905 3657 1049 3736 tangitur,
1072 3664 1105 3717 ut
1126 3654 1214 3734 lapis,
1236 3654 1426 3734 incorporale
1449 3655 1538 3737 quod

232 3778 287 3821 nec
310 3759 425 3820 videtur
448 3778 504 3820 nec
526 3761 672 3838 tangitur,
696 3766 728 3819 ut
749 3759 852 3837 pietas.
890 3759 960 3819 item
984 3758 1055 3820 dicit
1076 3755 1163 3819 aliam
1185 3758 1410 3837 proprietatem,
1433 3759 1540 3840 ‘qnod

232 3869 283 3922 aut
303 3862 457 3942 proprium
480 3860 589 3942 aliquid
611 3859 757 3939 siguificat
778 3866 827 3921 aut
849 3859 1077 3940 appellativum?
1110 3877 1179 3920 uam
1200 3859 1355 3940 proprium
1379 3869 1426 3920 ost
1448 3859 1538 3940 quod

232 3965 320 4024 innius
348 3971 406 4032 est,
435 3971 468 4024 ut
494 3964 617 4032 Hector,
646 3960 852 4042 appellativum
881 3961 958 4040 quod
987 3960 1145 4023 multorum
1168 3967 1226 4032 est,
1249 3966 1282 4021 ut
1302 3959 1404 4021 bomo.
1451 3964 1543 4024 seire

234 4063 377 4127 debemus
397 4065 525 4126 inveniri
546 4064 719 4144 [requenter
741 4065 860 4126 nomina
882 4062 1056 4143 appellativa
1078 4080 1153 4144 quae
1174 4063 1249 4124 liunt
1271 4061 1409 4144 propria,
1434 4072 1471 4125 ut
1486 4074 1543 4127 est

306 4322 318 4372 l
344 4320 400 4371 siue
417 4320 485 4371 euim
509 4319 580 4371 dicas
597 4335 655 4370 cras
674 4319 741 4370 facio
760 4319 875 4370 inuenies
891 4333 917 4377 ς.
937 4319 1052 4370 uidentur
1072 4322 1154 4368 nutem
1175 4318 1228 4368 alia
1251 4318 1324 4368 etim
1351 4318 1546 4372 namnum

233 4393 351 4455 exempla
365 4391 492 4441 excidisse
574 4388 591 4441 3
610 4397 758 4456 partemque
775 4390 848 4440 uerbi
867 4403 884 4447 ς
967 4390 983 4438 4
1003 4404 1018 4438 a
1039 4388 1140 4438 nornine
1158 4385 1235 4438 habet
1249 4401 1344 4452 genera
1362 4398 1388 4437 et
1407 4404 1501 4455 casus,
1517 4408 1545 4441 ιι

234 4463 312 4512 uerbo
329 4469 445 4525 temporo
464 4468 488 4510 et
504 4459 703 4526 significationes
721 4473 739 4518 ς
756 4468 780 4510 ei
794 4461 899 4525 Sergius
911 4474 939 4523 p.
958 4457 1009 4510 tut
1028 4459 1068 4512 ed.
1090 4456 1167 4510 Lind.
1185 4473 1200 4506 a
1216 4459 1318 4508 nomine
1336 4457 1416 4509 babet
1434 4477 1544 4527 generas

235 4531 347 4582 auerbo
366 4530 565 4596 significationes
582 4530 607 4579 P
687 4531 782 4593 bquia
801 4532 938 4595 coniungat
956 4542 973 4585 ς
991 4543 1055 4591 quae
1073 4528 1209 4593 coniungat
1226 4528 1251 4577 P
1319 4528 1539 4593 bdeliniiionm

233 4602 428 4666 praepositionis
445 4600 649 4665 praepositio-
664 4608 721 4650 ante
739 4610 777 4650 est
791 4609 850 4662 post
866 4601 1030 4663 definitionem
1046 4600 1223 4648 conbustionis
1241 4598 1384 4648 coniunctio
1396 4624 1430 4635 -
1440 4616 1539 4652 eamus

235 4674 390 4735 truvuposait
407 4683 438 4727 ςι
457 4670 492 4733 cf.
505 4672 578 4735 Serp.
591 4685 620 4734 p.
634 4669 685 4721 485
697 4671 737 4724 ed.
750 4671 829 4721 Lind.
899 4669 916 4720 8
934 4684 998 4732 quoe
1018 4669 1185 4734 interponitur
1203 4669 1227 4716 Ρ
1242 4667 1309 4731 quod
1329 4668 1537 4735 interponiturg

307 4743 338 4795 17
357 4755 422 4805 quae
440 4741 576 4804 coniunget
595 4741 619 4788 P
635 4741 696 4804 quie
714 4741 844 4806 coniungit
861 4752 879 4797 ς
949 4739 983 4790 18
1001 4754 1042 4789 res
1062 4739 1250 4804 coniunguntur
1267 4753 1284 4794 ς
1303 4753 1343 4788 res
1363 4740 1532 4808 coniungitur

237 4812 263 4861 P
330 4820 389 4862 tunc
407 4808 476 4862 nude
490 4810 659 4877 coniungetur
676 4811 707 4872 P,
724 4824 770 4860 om.
791 4823 808 4866 ς
877 4807 911 4861 26
924 4809 1073 4876 segreganit
1089 4808 1173 4858 sibilis
1187 4807 1320 4877 plausibus
1335 4808 1361 4858 P
1377 4813 1532 4879 segregantis

237 4881 348 4948 syllabas
366 4896 381 4932 a
396 4879 530 4949 plausibus
548 4893 565 4938 ς
