3314 5506
228 380 265 444 li
812 378 926 441 Pausi

276 509 297 551 ρ.
312 496 404 540 ratam
418 497 442 539 r.
497 448 507 483 ’
1311 507 1331 548 p.
1348 495 1392 537 ua
1403 495 1463 538 ιιι.

224 564 442 637 declinationis,
478 569 521 628 rit
554 566 665 628 iaciens
698 569 842 643 genetivo.
886 565 938 627 sed
971 565 1036 628 ride
1066 584 1104 628 ne
1134 565 1238 627 melius
1268 568 1306 627 sit
1337 569 1499 628 nominatio

225 686 285 730 aon
305 669 449 746 magatiur
470 668 585 738 (licere,
607 669 660 729 setl
683 668 868 745 magadnris;
892 676 942 729 aut
959 669 983 728 si
1005 667 1218 729 rationabiliter
1236 686 1431 746 quaeramus,
1452 668 1498 748 pla

225 770 303 832 cebit
324 779 357 832 ut
375 778 579 849 monoptotum
606 771 644 831 sit
669 769 713 831 rel
735 768 952 838 indeclinabile,
986 771 1123 850 quoniam
1151 768 1249 830 nullus
1275 773 1497 833 accusativusu

224 872 333 954 syllaba
354 874 575 935 terminaretur.
619 873 762 951 magadur
783 886 855 950 ergo
875 890 930 951 per
952 878 1027 933 totos
1050 889 1135 933 casus
1154 857 1360 933 declinandum
1382 881 1437 934 est

197 998 210 1037 ι
308 973 366 1036 Far
389 976 576 1036 terminatum
596 993 687 1035 uuum
711 975 829 1054 repperi
857 992 964 1036 nomen
984 973 1216 1054 monosyllabum
1247 983 1387 1036 neutrum
1410 976 1495 1036 tertia

223 1074 424 1138 declinationis
445 1079 488 1139 ris
509 1074 619 1138 iaciens
637 1076 772 1155 genetivo
794 1094 811 1135 r
832 1074 988 1154 duplicata,
1011 1075 1069 1136 boo
1091 1077 1136 1136 lar
1159 1076 1248 1137 buius
1266 1075 1368 1145 larris,
1388 1094 1495 1138 numer

176 1245 180 1253 ,
222 1196 341 1257 semper
355 1177 507 1258 singulari.
538 1195 606 1240 uam
621 1177 701 1258 quod
717 1177 860 1256 Vergilius
877 1195 1001 1239 numero
1021 1179 1121 1255 posuit
1134 1176 1240 1256 plurali
1263 1177 1493 1259 ‘robustaqu

223 1283 350 1351 larra',
370 1283 485 1367 poetice
505 1280 617 1360 posuit,
649 1297 709 1341 non
731 1279 957 1347 rationabiliter,
986 1281 1063 1342 sicut
1083 1298 1151 1341 aera
1175 1279 1261 1340 mella
1287 1281 1360 1340 rina.
1402 1282 1493 1361 ‘quipp

219 1385 319 1444 omnia
346 1383 464 1444 nomina
495 1383 620 1445 deorum
643 1379 687 1444 rel
716 1381 928 1474 elementorum
952 1381 995 1443 rel
1022 1399 1125 1443 earum
1153 1401 1271 1452 rerum,
1300 1401 1376 1462 quae
1406 1391 1492 1444 aula

185 1507 210 1547 ro
223 1484 339 1564 pondus
360 1492 411 1546 aut
431 1485 469 1546 ad
486 1502 656 1547 mensarram
678 1485 836 1564 pertinent,
858 1482 1044 1563 singulariter
1066 1484 1260 1552 declinantur,
1283 1484 1360 1543 sicut
1376 1487 1491 1546 etiami

223 1587 320 1666 primo
341 1588 428 1648 docui
450 1587 537 1668 libro.
580 1586 625 1648 ier
651 1587 807 1648 terminata
834 1588 1035 1666 corripiuntur
1062 1594 1092 1647 et
1117 1585 1264 1647 secundae
1291 1593 1360 1645 sunt
1386 1586 1490 1649 declina

224 1691 328 1760 tionis,
350 1689 377 1748 ri
398 1690 557 1750 terminant
577 1690 758 1769 genetivum,
787 1686 893 1749 luciier
911 1687 1043 1755 luciferi,
1067 1687 1191 1766 lrugiler
1214 1686 1363 1765 irugiieri,
1393 1689 1489 1768 signilt

222 1791 368 1868 signileri;
398 1798 428 1852 ct
448 1791 532 1872 siqua
553 1806 569 1851 a
592 1789 715 1851 serendo
737 1789 847 1851 luerint
866 1791 1012 1859 derivata,
1032 1787 1185 1850 habebunt
1207 1790 1236 1849 in
1253 1791 1388 1866 genetivo
1410 1809 1427 1851 e
1448 1809 1488 1851 cot

223 1900 336 1972 reptem
359 1901 426 1953 aute
448 1895 487 1961 ri;
510 1895 555 1953 ain
574 1891 673 1961 aliter,
698 1912 714 1953 e
735 1892 865 1970 perdunt
891 1893 921 1951 iu
941 1893 1090 1968 genetivo,
1114 1892 1182 1950 bier
1205 1891 1276 1951 biri.
1319 1891 1356 1950 tir
1379 1893 1442 1952 ior:
1468 1891 1487 1952 b

187 2017 212 2057 aa
225 1993 341 2074 syllabis
362 1992 474 2056 nullum
496 2012 604 2056 nomen
626 1995 745 2072 repperi
767 1995 966 2055 terminatum.
984 1989 998 2075 11
1014 1994 1060 2054 lur
1082 1994 1183 2053 tertiae
1205 2000 1275 2052 suut
1299 1992 1486 2054 declinationi

224 2099 266 2156 ris
287 2096 397 2158 iaciunt
418 2098 562 2175 genetivo,
584 2095 632 2157 bio
647 2104 676 2157 et
693 2096 766 2156 baec
781 2104 811 2156 et
825 2095 881 2155 boc
897 2095 944 2156 iur
962 2094 1050 2155 buius
1072 2093 1154 2164 luris,
1175 2102 1205 2155 at
1219 2098 1302 2174 siqua
1325 2094 1393 2156 talia
1411 2104 1485 2157 sunt

307 2200 383 2261 Gar:
407 2217 467 2259 uon
485 2199 583 2260 iuveni
605 2215 711 2258 nomen
740 2197 796 2258 hae
815 2196 925 2277 syllaba
947 2198 1145 2257 terminatum.
1190 2214 1243 2273 ger
1264 2197 1422 2258 terminata
1444 2216 1485 2257 co:

223 2301 370 2379 ripiuntnr
392 2309 422 2362 et
439 2303 536 2360 omnia
558 2299 704 2361 secuntiae
726 2310 795 2359 suut
814 2295 1026 2360 ‘declinationis
1064 2316 1132 2358 uam
1153 2305 1204 2359 aul
1225 2301 1270 2377 gri
1291 2279 1402 2360 iaciunt
1421 2315 1484 2376 gen

222 2403 280 2463 tiro
305 2409 356 2462 aut
377 2403 418 2471 ri;
452 2410 513 2463 turn
538 2405 580 2479 ri,
613 2402 638 2462 si
659 2420 675 2462 a
698 2401 829 2478 gerendo
858 2419 965 2461 nomen
996 2401 1086 2462 luerit
1111 2400 1291 2470 derivatum,
1322 2408 1354 2461 ut
1382 2403 1483 2479 armigt

185 2526 210 2566 ao
224 2505 384 2611 armigeri·
393 2504 484 2583 aliger
501 2502 617 2581 aligeri3
641 2505 685 2565 sin
703 2503 796 2573 aliter,
814 2504 868 2581 gri,
887 2511 919 2564 ut
938 2521 1009 2581 ager
1022 2504 1095 2580 agri,
1115 2504 1197 2581 piger
1215 2502 1302 2581 pigri,
1326 2504 1410 2582 niger
1423 2505 1482 2581 nigt

223 2607 366 2684 excipitur
387 2624 478 2667 unum
505 2606 584 2686 quod
608 2608 651 2666 ris
669 2607 739 2668 iacit
757 2607 906 2684 genetivo,
931 2614 965 2665 ut
985 2622 1076 2681 agger
1097 2607 1223 2681 aggeris.
1268 2605 1332 2682 gir:
1361 2623 1421 2665 nou
1444 2622 1481 2682 rep

221 2709 285 2786 peri
316 2725 424 2769 nomen
455 2707 511 2768 bac
537 2707 647 2788 syllaba
674 2709 873 2768 terminatum.
917 2724 973 2783 gor
1000 2709 1103 2767 tertiae
1136 2715 1203 2767 stant
1228 2706 1480 2777 ‹loelioationis,r

222 2810 332 2870 iaciunt
359 2811 508 2888 genetivo,
529 2816 533 2884 Ι
553 2829 570 2869 o
592 2811 623 2869 in
645 2810 822 2869 nominativo
845 2817 996 2888 correpta,
1024 2810 1054 2868 iu
1076 2810 1209 2887 genetivo
1228 2809 1388 2887 producta,
1416 2809 1479 2887 lrigt

222 2913 356 2988 lrigoris,
388 2912 486 2990 iulgor
515 2912 654 2989 iulgoris,
690 2909 772 2990 algor
798 2910 920 2990 algoris,
956 2917 985 2971 el
1008 2911 1092 2990 siqua
1117 2910 1193 2971 talia.
1240 2927 1295 2988 gur
1317 2913 1420 2973 tertiae
1442 2929 1477 2971 su

182 3034 207 3074 aa
221 3013 434 3084 declinationis,
455 3016 497 3096 ris
517 3014 628 3074 lacirrut
649 3015 793 3091 genetivo,
814 3013 862 3073 bic
884 3021 913 3072 et
929 3012 1002 3073 llaec
1024 3020 1054 3073 et
1075 3012 1133 3072 hoe
1154 3029 1248 3091 augur
1271 3012 1358 3074 buius
1379 3015 1478 3092 auguri

221 3115 311 3193 Ligur
332 3115 454 3194 Liguris,
478 3124 507 3176 et
526 3117 610 3196 siqua
632 3113 708 3176 talia.

304 3218 365 3278 liar
387 3235 446 3277 uon
468 3219 599 3279 iuvenies
618 3235 725 3279 nomen
748 3217 945 3277 terminatum.
976 3217 1029 3276 lter
1050 3235 1123 3296 pura
1146 3215 1256 3296 syllaba
1279 3234 1338 3276 non
1360 3218 1476 3278 invenio

133 3390 135 3394 .
220 3319 331 3380 adiecta
354 3338 370 3379 c
391 3328 457 3381 ante
480 3320 499 3381 b
522 3321 617 3380 inveni
640 3338 739 3388 unum,
763 3339 779 3380 e
800 3327 937 3396 correpta
960 3321 988 3379 in
1014 3320 1204 3386 nominativo,
1226 3321 1257 3379 iu
1281 3321 1416 3396 genetiuo
1439 3339 1474 3380 ae

219 3428 372 3500 pereunte,
395 3422 445 3483 bio
459 3421 583 3503 pulcher
604 3422 690 3483 buius
706 3421 832 3501 pulchri.
864 3421 922 3481 boc
941 3420 1036 3482 solum
1055 3421 1189 3481 Latinum
1211 3422 1330 3499 repperi
1346 3422 1475 3483 securum

181 3545 207 3585 no
221 3541 287 3583 nam
308 3525 475 3602 genetivum
498 3526 507 3584 i
529 3523 627 3586 littera
656 3526 802 3586 terminat.
847 3524 943 3585 iuraui
966 3532 995 3584 et
1015 3523 1069 3583 ber
1097 3523 1238 3601 producta
1265 3523 1378 3583 linitum
1401 3530 1412 3582 ι
1435 3523 1473 3585 litt

220 3643 282 3686 ram
305 3633 373 3686 aute
393 3644 424 3686 se
446 3625 574 3695 babens,
595 3627 647 3688 scd
669 3628 832 3695 Graecum,
855 3627 922 3686 ein
943 3627 1078 3701 gernetiro
1100 3626 1280 3703 corripiens,
1304 3624 1472 3686 declinatioi

218 3729 331 3796 tertiae,
350 3729 377 3786 is
399 3729 534 3805 genetivo
551 3730 750 3797 terminatum,
772 3727 874 3788 aether
895 3727 1031 3788 aetheris.
1061 3725 1117 3787 boe
1139 3734 1237 3788 umen
1258 3729 1336 3787 seire
1356 3726 1472 3789 debemt

218 3828 297 3907 quod
316 3837 382 3907 post
396 3847 413 3888 e
426 3827 552 3889 litteram
568 3829 587 3888 b
610 3828 750 3889 latinitas
771 3847 829 3887 nou
848 3827 939 3888 babet
957 3830 1087 3908 exceptis
1109 3827 1232 3907 pulcher
1253 3828 1358 3889 lurubo
1375 3829 1471 3891 Orchu

218 3931 311 3990 sicin
339 3931 475 4009 antiquis.
514 3948 582 3990 nam
605 3927 748 4008 Chalybes
771 3930 907 3990 Latinum
938 3938 1078 3990 nonest:
1107 3950 1123 4009 y
1147 3932 1224 3992 enirn
1253 3930 1380 3992 litteram
1410 3931 1469 3993 bab

286 4092 371 4141 2nou
387 4090 512 4157 magnaliu-
530 4091 629 4142 doceris
658 4091 704 4140 sod
725 4091 872 4155 mugatluris
892 4107 909 4154 p
940 4107 988 4140 non
1007 4092 1133 4156 magudur
1152 4093 1236 4143 dicere
1258 4094 1303 4144 scd
1323 4093 1469 4160 maguderis

218 4174 267 4211 non
283 4160 407 4228 Magadur
423 4160 508 4211 dicore
528 4162 573 4210 seri
587 4160 732 4226 blogmleris
751 4160 884 4210 Putacbine
953 4163 1062 4227 placebit
1075 4173 1101 4210 ut
1117 4178 1136 4226 p
1155 4164 1237 4212 licebit
1251 4174 1294 4213 aut
1310 4179 1379 4214 corr.
1398 4165 1468 4230 place

218 4241 244 4281 ιιι
262 4232 287 4281 B
356 4231 549 4283 incausatiuus
565 4232 592 4280 iu
610 4234 689 4292 (corr.
710 4231 744 4279 irn
762 4240 789 4281 ut
802 4229 912 4288 videtur)
929 4231 1026 4295 syllaba
1042 4234 1218 4282 terminaretur
1236 4235 1261 4283 B
1285 4235 1448 4284 accusatiuus
1466 4249 1468 4258 ¹

217 4303 254 4351 ris
268 4299 309 4350 uel
328 4316 359 4349 ur
377 4301 553 4352 terminaretur
569 4300 665 4366 syllaba
680 4315 698 4363 p
716 4303 875 4350 accirsatiuus
889 4316 918 4350 ur
937 4301 1034 4364 syllaba
1054 4303 1233 4360 terminatius
1311 4305 1327 4353 4
1346 4303 1467 4369 magadur

216 4369 389 4422 etPutroiiam
408 4371 568 4437 magadorB
586 4372 743 4437 magudnrs
808 4368 983 4437 li'argilius]
1002 4386 1091 4438 georg.
1110 4373 1118 4420 l
1138 4374 1187 4424 ²19
1248 4373 1417 4422 linierairi
1437 4374 1467 4423 iat

218 4442 283 4509 labri
299 4441 389 4492 deletis
408 4458 430 4491 a.
452 4440 523 4490 labec
539 4440 602 4491 labri
620 4441 645 4490 B
724 4441 755 4491 lb
772 4442 823 4490 otiu
839 4456 906 4490 corr.
927 4442 1026 4491 talioB
1095 4444 1125 4492 il
1147 4442 1261 4492 luciatB
1328 4451 1466 4510 poetagga

167 4510 171 4518 ’
215 4515 241 4562 io
259 4513 370 4576 margine
387 4512 481 4561 codicia
495 4510 520 4560 B
542 4511 630 4562 addito
644 4519 702 4561 eunt
716 4510 779 4560 ltoec
797 4515 829 4558 ‘a
847 4514 946 4561 seriore
963 4514 1062 4574 mauo’,
1083 4520 1111 4562 ut
1127 4516 1203 4563 omaro
1219 4521 1258 4563 eat
1272 4512 1459 4576 Lindemonam

218 4581 295 4647 Liger
314 4581 421 4646 Ligeris,
442 4595 552 4630 uaesano
569 4582 629 4630 talia
645 4582 715 4631 dicta
729 4596 754 4632 u.
769 4580 855 4646 Ligeri
870 4583 946 4647 Verg.
963 4582 997 4642 cs.
1008 4583 1086 4646 Verg.
1098 4583 1162 4633 Aen.
1174 4583 1261 4634 X583
1330 4581 1365 4631 23
1383 4584 1465 4649 produ

218 4651 324 4718 lriguris
341 4653 424 4717 algor,
441 4652 614 4714 superscripto
632 4651 713 4717 srigor
731 4658 755 4701 et
771 4653 797 4700 ira
814 4665 893 4715 marg.
912 4652 1000 4702 addito
1019 4652 1103 4719 iulgor
1122 4653 1223 4718 iugoris
1239 4654 1264 4702 B
1314 4654 1348 4702 ii
1364 4669 1414 4718 gur
1425 4680 1460 4690 —

216 4722 275 4770 tolia
287 4722 319 4771 ιιι
332 4736 411 4786 toury.
425 4721 485 4771 add.
499 4721 524 4770 B
593 4721 627 4771 ill
645 4722 693 4771 boo
703 4722 814 4771 latinum
831 4722 912 4772 solum
929 4723 1041 4788 reperies
1055 4724 1181 4773 secundae
1196 4723 1374 4772 declinationis
1391 4725 1462 4788 genii

217 4791 325 4840 lliltera
348 4793 507 4842 terminatum
528 4790 661 4842 Panotios
721 4789 755 4840 30
773 4788 901 4854 termium]
921 4793 1080 4841 larininalum
1099 4793 1124 4842 B
1175 4792 1208 4842 33
1228 4792 1325 4842 tirellus
1343 4801 1401 4842 onte
1421 4794 1463 4842 lun

214 4864 319 4923 positam
335 4862 360 4910 io
379 4861 404 4911 B
418 4863 581 4924 neomaenia
596 4862 632 4923 cs.
650 4877 730 4924 rarpro
744 4875 770 4924 p.
793 4860 833 4922 10,
849 4864 883 4912 22
