3346 5506
226 376 284 435 154
813 372 927 435 Pnosst

275 504 297 545 p.
312 491 358 532 ooo.
369 492 391 532 ιι
407 489 434 531 a.
1296 501 1319 542 p.
1333 488 1423 531 svo-oa
1436 489 1467 529 v.

225 562 334 639 gradus
365 561 482 621 nomina
512 561 645 637 recipcre
675 567 815 639 possunt,
848 559 967 621 cosdem
1002 565 1031 619 et
1052 558 1214 635 eorundem
1247 558 1385 621 adverbia
1418 560 1520 622 lacere

225 670 379 740 cogantur.

310 764 352 825 De
374 765 477 841 ligura.
521 763 613 840 ligura
635 761 780 824 adverbiis
807 762 914 822 accidit
940 763 1046 824 sicuti
1068 769 1098 823 et
1123 764 1231 823 ceteris
1253 760 1387 842 partibus
1408 764 1521 824 oratio-

226 868 286 936 nis,
316 866 372 927 boc
392 873 436 927 est
459 863 582 942 simplex
611 871 640 925 et
661 864 831 944 composita.
877 863 1000 943 simplex
1026 865 1119 940 ligura
1148 863 1358 926 adverbiorum
1391 871 1437 925 est
1461 866 1519 944 pie,

200 969 386 1047 scomposita
408 968 507 1044 impie.
552 966 604 1026 sed
628 967 791 1044 composita
819 964 1049 1044 tigura'quibus
1071 965 1115 1026 vel
1148 973 1221 1043 quot
1242 967 1338 1027 modis
1366 967 1431 1036 liat,
1462 967 1520 1027 iam

225 1071 254 1130 in
277 1072 396 1130 nomine
418 1070 488 1130 satis
509 1069 707 1129 tractavimus.

310 1170 351 1231 De
375 1178 516 1248 tempore.
561 1176 694 1247 tempora
716 1167 862 1230 adverbiis
884 1169 1022 1230 accidunt
1041 1170 1111 1238 tria,
1140 1187 1282 1248 praesens
1303 1167 1407 1238 bodie,
1431 1186 1520 1248 prac-

225 1273 342 1334 teritum
363 1271 438 1339 heri,
458 1270 591 1333 loturum
614 1288 679 1331 cras
702 1278 731 1332 et
754 1278 850 1331 cetera
872 1270 949 1331 talia.
966 1267 979 1353 ΙΙ

309 1372 351 1433 De
378 1372 598 1450 significatione.
643 1373 870 1450 significationes
901 1371 1046 1434 adverbiis
1068 1373 1130 1434 eius
1147 1371 1151 1454 l
1169 1371 1247 1432 modi
1274 1371 1410 1434 accidere
1432 1389 1521 1451 repe·

188 1497 212 1536 ιο
226 1476 351 1544 vidntur,
374 1480 497 1552 utputa
520 1475 663 1552 temporis
683 1485 715 1534 nt
733 1472 830 1542 bodie,
853 1473 911 1534 loci
933 1482 965 1534 ut
987 1473 1050 1542 bic,
1073 1475 1187 1536 numeri
1209 1481 1240 1532 nt
1261 1471 1361 1543 semel,
1384 1474 1522 1551 negantis

226 1584 349 1645 utnon,
373 1576 526 1637 adnuentis
548 1584 582 1635 nt
603 1594 688 1645 sane,
712 1574 939 1636 demonstrantis
960 1583 992 1636 ut
1015 1594 1067 1645 en,
1091 1575 1236 1635 hortantis
1258 1582 1290 1635 ut
1310 1576 1369 1645 eia,
1390 1577 1522 1653 optantis

226 1685 258 1739 ut
279 1679 398 1746 utinam,
421 1678 534 1738 ordinis
556 1686 587 1738 ut
603 1676 717 1747 deinde,
737 1675 926 1737 exclamantis
941 1683 974 1736 ut
995 1678 1067 1756 ‘pro
1083 1678 1241 1755 luppiter'‚
1261 1677 1474 1756 interrogantis
1489 1683 1522 1738 nt

226 1798 294 1848 cur,
322 1778 519 1840 similitudinis
537 1786 570 1840 nt
591 1780 684 1858 quasi,
706 1778 866 1853 irascentis
880 1785 913 1839 ut
933 1778 1003 1839 ‘vae
1026 1779 1134 1847 vobis’,
1152 1778 1312 1840 dubitantis
1334 1785 1366 1839 ut
1384 1778 1520 1848 tortasse,

226 1882 387 1942 invocantis
409 1888 442 1941 ut
461 1882 543 1950 bons,
566 1880 773 1959 respondentis
792 1889 825 1940 ut
844 1880 917 1949 beu,
941 1880 1125 1959 prohibentis
1147 1889 1179 1941 ut
1199 1898 1252 1950 ne,
1275 1880 1523 1941 communicantis

190 1990 260 2044 unt
280 1982 381 2053 simul,
409 1982 573 2060 separantis
599 1988 631 2041 ut
657 1999 806 2051 seorsum,
836 1984 1034 2060 comparantis
1060 1990 1092 2043 ut
1117 1984 1224 2061 magis,
1255 1983 1352 2042 eventi
1380 1989 1414 2042 nt
1434 1982 1521 2055 torte,

226 2083 373 2163 qualitatis
394 2091 426 2144 ut
448 2083 539 2152 bene,
570 2084 739 2162 quantitatis
760 2089 794 2142 ut
816 2084 920 2151 nimie,
944 2083 1109 2161 personalis
1132 2091 1315 2153 utmorem,
1343 2084 1471 2145 iurantis
1489 2089 1524 2144 nt

226 2185 404 2247 mehercule.
449 2186 492 2247 sic
514 2192 544 2245 et
565 2183 620 2245 alia
645 2183 782 2260 adverbia
810 2184 972 2245 secundum
997 2184 1176 2247 intellectum
1199 2204 1286 2246 suum
1314 2203 1383 2246 suas
1411 2185 1522 2262 signill-

227 2290 357 2349 cationes
379 2287 591 2347 demonstrant.
638 2293 706 2346 sunt
727 2285 880 2356 adverbia,
904 2304 1067 2365 quaecum
1093 2305 1183 2348 unum
1207 2287 1385 2365 significent,
1409 2284 1522 2365 duplici

228 2387 273 2450 vel
294 2407 329 2450 ιο
348 2386 474 2465 amplius
495 2388 583 2449 modo
606 2388 775 2456 efferantur,
798 2395 832 2447 ut
852 2395 922 2467 puta
946 2406 1017 2450 num
1040 2397 1068 2450 et
1089 2406 1177 2458 nunc,
1199 2398 1262 2450 tum
1285 2397 1315 2450 ct
1336 2395 1418 2458 tunc,
1439 2394 1523 2448 utet

189 2509 215 2550 ao
229 2492 279 2559 uti,
301 2488 378 2550 sicut
400 2495 429 2550 et
446 2491 539 2559 sicuti,
562 2508 620 2568 quo
643 2496 672 2550 et
689 2488 795 2568 aliquo,
818 2488 870 2550 ubi
890 2498 919 2551 et
934 2490 1050 2560 alicubi,
1073 2489 1114 2550 ibi
1137 2498 1167 2551 et
1185 2490 1305 2564 ibidem,
1328 2489 1378 2551 bic
1397 2497 1427 2551 et
1446 2490 1522 2559 istic,

146 2580 154 2594 ’
226 2592 296 2652 hinc
320 2597 351 2652 et
370 2592 470 2659 istinc,
503 2590 561 2651 illic
583 2599 613 2651 et
633 2590 728 2659 illinc,
760 2590 809 2652 illo
833 2601 862 2651 et
883 2590 966 2662 illuc,
999 2610 1104 2653 rursus
1126 2600 1156 2654 et
1176 2609 1310 2662 rursum,
1344 2608 1471 2672 prorsus
1494 2597 1524 2652 et

228 2710 382 2773 prorsum,
409 2691 485 2752 torto
512 2701 542 2753 et
563 2692 687 2753 tortasse
709 2700 738 2754 et
761 2694 894 2754 fortassis
915 2701 945 2754 et
964 2694 1096 2755 forsitan.
1140 2696 1184 2755 sic
1205 2700 1273 2755 sunt
1294 2701 1323 2755 et
1344 2691 1400 2754 alia
1418 2693 1523 2755 adver·

228 2795 285 2864 bia,
306 2813 381 2874 quae
398 2792 507 2871 duplici
524 2792 567 2854 vel
586 2812 621 2855 eo
645 2795 769 2872 amplius
787 2796 876 2857 modo
897 2797 1089 2873 reperiuntur
1108 2797 1301 2875 pronuntiari.
1335 2803 1406 2857 suut
1426 2794 1521 2875 aliqua

228 2897 376 2967 adverbia,
399 2914 474 2976 quae
497 2895 552 2955 sibi
575 2897 755 2976 respondere
778 2901 984 2977 reperiuntur:
1012 2905 1073 2957 tum
1096 2915 1176 2965 num,
1200 2905 1233 2958 ut
1250 2906 1317 2976 puta

190 3015 215 3056 as
382 3007 454 3058 tum
476 2997 618 3067 decuit,
642 3016 718 3059 cum
741 3006 891 3078 sceptra
913 2999 1043 3067 dabas;

786 3119 870 3162 unm
893 3109 927 3161 te
948 3100 1049 3162 lacta
1069 3102 1173 3179 inpia
1193 3108 1368 3177 tangunt:

228 3209 308 3270 tum,
339 3205 419 3263 ‘tum
450 3201 618 3263 inchoatum
639 3204 717 3272 cst’;
750 3221 837 3272 num,
865 3206 951 3264 ‘num
976 3205 1138 3282 perlectum
1160 3207 1238 3263 est’:
1275 3209 1344 3263 tunc
1370 3219 1467 3272 nunc,
1492 3210 1525 3263 ut

229 3312 299 3384 puta
322 3307 410 3366 ‘tunc
433 3303 536 3372 iecisti,
560 3321 638 3365 nuno
661 3310 796 3382 patere’:
827 3323 915 3384 quam
937 3313 1012 3373 tam,
1036 3312 1159 3384 utputa
1180 3303 1287 3382 ‘quam
1310 3311 1342 3364 tu
1363 3311 1425 3365 tam
1445 3304 1522 3366 illo’.

228 3409 271 3469 sio
292 3414 361 3468 sunt
383 3415 412 3468 et
431 3404 486 3466 alia
507 3405 654 3475 adverbia,
676 3425 751 3486 quoe
773 3406 828 3467 sibi
847 3408 1027 3485 respondere
1047 3408 1243 3487 reperiantur.
1276 3405 1327 3466 scd
1352 3406 1426 3468 baec
1447 3424 1523 3486 qnae

190 3525 216 3568 so
229 3509 275 3571 vel
295 3516 368 3591 quot
389 3510 456 3577 siut,
480 3509 510 3567 iu
533 3510 614 3568 sonis
636 3518 829 3587 conpetenter
851 3509 1051 3569 tractabimus.
1086 3507 1221 3569 adverbia
1244 3508 1425 3587 quantitatis,
1449 3525 1524 3587 quae

229 3611 296 3691 plus
318 3613 451 3671 minusve
473 3609 585 3671 scilicet
606 3611 779 3687 significant,
805 3612 878 3672 baec
901 3613 1034 3689 genetivo
1060 3611 1141 3670 casui
1162 3609 1344 3688 respondere
1366 3613 1523 3689 reperiun-

230 3722 287 3782 tur,
310 3721 342 3774 ut
362 3721 432 3790 puta
453 3710 595 3772 ‘multum
612 3713 669 3771 vini
685 3711 776 3782 bibi',
798 3713 959 3774 ‘inlinitum
975 3714 1073 3772 carnis
1088 3714 1216 3790 accepi',
1237 3713 1325 3772 ‘satis
1338 3714 1381 3772 rei
1397 3711 1522 3773 babeo'.

230 3816 272 3875 sic
294 3821 323 3875 et
345 3822 441 3874 cetera
466 3812 532 3873 talia
555 3811 692 3873 adverbia
715 3815 884 3892 quantitatis
906 3817 1041 3891 gmetivo
1056 3816 1137 3874 casui
1160 3814 1344 3891 respondere
1367 3815 1523 3892 reperiun-

229 3923 288 3975 tur.
333 3914 470 3976 adverbia
492 3913 596 3974 localia
619 3913 755 3993 quattuor
778 3915 872 3974 modis
895 3915 1074 3991 figurantur:
1100 3934 1154 3993 per
1168 3914 1276 3985 locum,
1297 3923 1329 3975 ut
1343 3911 1358 3997 ΙΙ

191 4031 217 4071 ιι
383 4016 452 4076 Ιιιι
474 4017 547 4076 iter
571 4014 733 4095 Elysium
759 4015 881 4085 nobis;

230 4119 260 4178 in
282 4116 390 4186 locum,
414 4124 447 4177 nt

383 4218 455 4279 hnc
476 4219 579 4287 ades,
604 4237 622 4278 o
644 4218 808 4281 lormosc
830 4238 934 4298 puer;

230 4321 261 4380 in
283 4318 359 4389 loco,
382 4328 416 4382 ut

301 4560 331 4609 21
350 4561 425 4610 istinc
442 4575 471 4609 ro
488 4559 593 4609 atincIt
679 4560 714 4610 22
734 4568 791 4610 sunt
806 4560 858 4610 aliu
877 4561 899 4611 Il
918 4568 976 4610 srrnt
995 4562 1019 4611 B
1104 4561 1137 4610 25
1154 4568 1205 4609 tum
1225 4560 1309 4610 decuit
1327 4559 1350 4608 ll
1368 4566 1421 4607 tum
1437 4557 1524 4607 docuit

231 4630 270 4679 B:
293 4631 454 4695 Verum
474 4628 663 4680 tursomodo
734 4631 813 4681 dabas
831 4632 854 4682 ll
872 4630 950 4680 dabat
970 4631 995 4680 B
1063 4629 1350 4681 ablactabantur
1419 4629 1452 4677 27
1472 4637 1522 4675 tum

232 4706 283 4748 tum
302 4698 495 4764 —perlectum
514 4707 552 4748 eet
571 4713 616 4752 om.
637 4699 670 4761 B,
689 4700 793 4751 ΜΗ
881 4702 915 4752 29
934 4710 958 4750 et
975 4715 1020 4750 om.
1039 4700 1071 4759 ll,
1088 4701 1150 4752 add.
1169 4715 1198 4748 ro
1285 4696 1348 4762 alia]
1369 4697 1457 4760 aliqua
1476 4695 1524 4746 nn

301 4766 561 4820 mecoenatiana
645 4767 679 4820 35
697 4769 756 4837 bac]
779 4773 858 4836 Verp.
877 4770 944 4821 Aen.
964 4770 998 4819 Vl
1017 4770 1067 4820 642
1139 4770 1172 4821 tt
1192 4768 1242 4818 buc
1257 4767 1280 4818 Il
1297 4767 1365 4816 huuc
1381 4766 1422 4817 B:
1443 4767 1522 4831 Verp.

232 4837 311 4891 bucol.
328 4841 354 4904 2,
371 4841 405 4891 lb
477 4836 604 4888 lormouae
621 4838 647 4889 B
