<?xml version="1.0" encoding="UTF-8"?>
<!DOCTYPE html PUBLIC "-//W3C//DTD XHTML 1.0 Transitional//EN"
    "http://www.w3.org/TR/xhtml1/DTD/xhtml1-transitional.dtd">
<html xmlns="http://www.w3.org/1999/xhtml" xml:lang="en" lang="en">
 <head>
  <title>
</title>
<meta http-equiv="Content-Type" content="text/html;charset=utf-8" />
  <meta name='ocr-system' content='tesseract 3.04.00' />
  <meta name='ocr-capabilities' content='ocr_page ocr_carea ocr_par ocr_line ocrx_word'/>
</head>
<body>
  <div class='ocr_page' id='page_1' title='image "./grammaticilatin05keilgoog/grammaticilatin05keilgoog_0500.png"; bbox 0 0 3346 5506; ppageno 0'>
   <div class='ocr_carea' id='block_1_1' title="bbox 642 376 1475 541">
    <p class='ocr_par' dir='ltr' id='par_1_1' title="bbox 642 376 1475 541">
     <span class='ocr_line' id='line_1_1' title="bbox 642 376 1475 449; baseline 0.014 -12"><span class='ocrx_word' id='word_1_1' title='bbox 642 376 756 439; x_wconf 85' lang='lat' dir='ltr'><strong>COldbl.</strong></span> <span class='ocrx_word' id='word_1_2' title='bbox 780 376 818 440; x_wconf 88' lang='grc' dir='ltr'><strong>ΙΝ</strong></span> <span class='ocrx_word' id='word_1_3' title='bbox 840 377 1020 442; x_wconf 73' lang='lat' dir='ltr'><strong>bontilli</strong></span> <span class='ocrx_word' id='word_1_4' title='bbox 1415 386 1475 449; x_wconf 83' lang='grc'><strong>435</strong></span> 
     </span>
     <span class='ocr_line' id='line_1_2' title="bbox 1254 486 1424 541; baseline -0.006 -12"><span class='ocrx_word' id='word_1_5' title='bbox 1254 500 1276 541; x_wconf 78' lang='lat' dir='ltr'><strong>p.</strong></span> <span class='ocrx_word' id='word_1_6' title='bbox 1293 487 1349 530; x_wconf 79' lang='lat' dir='ltr'><strong>raro.</strong></span> <span class='ocrx_word' id='word_1_7' title='bbox 1362 489 1386 529; x_wconf 84' lang='lat' dir='ltr'><strong>n</strong></span> <span class='ocrx_word' id='word_1_8' title='bbox 1401 486 1424 528; x_wconf 86' lang='lat' dir='ltr'><strong>r.</strong></span> 
     </span>
    </p>
   </div>
   <div class='ocr_carea' id='block_1_2' title="bbox 185 561 1517 2792">
    <p class='ocr_par' dir='ltr' id='par_1_2' title="bbox 185 561 1515 1974">
     <span class='ocr_line' id='line_1_3' title="bbox 187 561 1476 647; baseline 0.005 -24"><span class='ocrx_word' id='word_1_9' title='bbox 187 562 219 623; x_wconf 88' lang='lat' dir='ltr'><strong>bi</strong></span> <span class='ocrx_word' id='word_1_10' title='bbox 240 562 348 642; x_wconf 88' lang='lat' dir='ltr'><strong>agiles,</strong></span> <span class='ocrx_word' id='word_1_11' title='bbox 371 563 427 624; x_wconf 91' lang='lat' dir='ltr'><strong>bae</strong></span> <span class='ocrx_word' id='word_1_12' title='bbox 441 561 510 623; x_wconf 94' lang='lat' dir='ltr'><strong>ldus</strong></span> <span class='ocrx_word' id='word_1_13' title='bbox 530 582 617 644; x_wconf 88' lang='lat' dir='ltr'><strong>qrrem</strong></span> <span class='ocrx_word' id='word_1_14' title='bbox 641 564 677 625; x_wconf 90' lang='lat' dir='ltr'><strong>ad</strong></span> <span class='ocrx_word' id='word_1_15' title='bbox 700 566 818 627; x_wconf 92' lang='lat' dir='ltr'><strong>modum</strong></span> <span class='ocrx_word' id='word_1_16' title='bbox 841 567 897 628; x_wconf 88' lang='lat' dir='ltr'><strong>bae</strong></span> <span class='ocrx_word' id='word_1_17' title='bbox 919 584 1031 629; x_wconf 89' lang='lat' dir='ltr'><strong>manus.</strong></span> <span class='ocrx_word' id='word_1_18' title='bbox 1060 584 1235 647; x_wconf 87' lang='lat' dir='ltr'><strong>quamquam</strong></span> <span class='ocrx_word' id='word_1_19' title='bbox 1259 569 1410 638; x_wconf 84' lang='lat' dir='ltr'><strong>dixerunt,</strong></span> <span class='ocrx_word' id='word_1_20' title='bbox 1434 576 1476 639; x_wconf 92' lang='lat' dir='ltr'><strong>ut,</strong></span> 
     </span>
     <span class='ocr_line' id='line_1_4' title="bbox 185 659 1477 746; baseline 0.005 -20"><span class='ocrx_word' id='word_1_21' title='bbox 185 665 336 746; x_wconf 85' lang='lat' dir='ltr'><strong>quemad</strong></span> <span class='ocrx_word' id='word_1_22' title='bbox 364 665 483 727; x_wconf 92' lang='lat' dir='ltr'><strong>modum</strong></span> <span class='ocrx_word' id='word_1_23' title='bbox 512 659 623 743; x_wconf 77' lang='lat' dir='ltr'><strong>regulis</strong></span> <span class='ocrx_word' id='word_1_24' title='bbox 644 675 760 738; x_wconf 79' lang='lat' dir='ltr'>carent,</span> <span class='ocrx_word' id='word_1_25' title='bbox 787 670 827 729; x_wconf 90' lang='lat' dir='ltr'><strong>ita</strong></span> <span class='ocrx_word' id='word_1_26' title='bbox 850 670 929 730; x_wconf 89' lang='lat' dir='ltr'><strong>varie</strong></span> <span class='ocrx_word' id='word_1_27' title='bbox 951 668 1177 732; x_wconf 79' lang='lat' dir='ltr'>declinarentur.</span> <span class='ocrx_word' id='word_1_28' title='bbox 1222 689 1289 731; x_wconf 93' lang='lat' dir='ltr'><strong>nam</strong></span> <span class='ocrx_word' id='word_1_29' title='bbox 1313 672 1477 733; x_wconf 85' lang='lat' dir='ltr'><strong>invenimus</strong></span> 
     </span>
     <span class='ocr_line' id='line_1_5' title="bbox 186 768 1475 848; baseline 0.005 -20"><span class='ocrx_word' id='word_1_30' title='bbox 186 768 266 848; x_wconf 85' lang='lat' dir='ltr'><strong>apud</strong></span> <span class='ocrx_word' id='word_1_31' title='bbox 290 776 427 831; x_wconf 76' lang='lat' dir='ltr'><strong>auctores</strong></span> <span class='ocrx_word' id='word_1_32' title='bbox 448 776 478 829; x_wconf 92' lang='lat' dir='ltr'><strong>et</strong></span> <span class='ocrx_word' id='word_1_33' title='bbox 500 769 638 831; x_wconf 90' lang='lat' dir='ltr'><strong>ancilium</strong></span> <span class='ocrx_word' id='word_1_34' title='bbox 662 776 692 831; x_wconf 88' lang='lat' dir='ltr'><strong>et</strong></span> <span class='ocrx_word' id='word_1_35' title='bbox 713 769 902 840; x_wconf 89' lang='lat' dir='ltr'><strong>anciliorum,</strong></span> <span class='ocrx_word' id='word_1_36' title='bbox 926 778 956 832; x_wconf 89' lang='lat' dir='ltr'><strong>et</strong></span> <span class='ocrx_word' id='word_1_37' title='bbox 971 770 1169 833; x_wconf 86' lang='lat' dir='ltr'><strong>Vulcanalium</strong></span> <span class='ocrx_word' id='word_1_38' title='bbox 1186 780 1216 834; x_wconf 92' lang='lat' dir='ltr'><strong>et</strong></span> <span class='ocrx_word' id='word_1_39' title='bbox 1229 772 1475 834; x_wconf 87' lang='lat' dir='ltr'><strong>Vulcanaliorum.</strong></span> 
     </span>
     <span class='ocr_line' id='line_1_6' title="bbox 186 871 1476 956; baseline 0.005 -27"><span class='ocrx_word' id='word_1_40' title='bbox 186 871 259 931; x_wconf 90' lang='lat' dir='ltr'><strong>item</strong></span> <span class='ocrx_word' id='word_1_41' title='bbox 282 872 403 932; x_wconf 90' lang='lat' dir='ltr'><strong>nomina</strong></span> <span class='ocrx_word' id='word_1_42' title='bbox 427 871 539 933; x_wconf 87' lang='lat' dir='ltr'><strong>Graeca</strong></span> <span class='ocrx_word' id='word_1_43' title='bbox 561 890 577 932; x_wconf 92' lang='lat' dir='ltr'><strong>a</strong></span> <span class='ocrx_word' id='word_1_44' title='bbox 602 889 689 951; x_wconf 89' lang='lat' dir='ltr'><strong>supra</strong></span> <span class='ocrx_word' id='word_1_45' title='bbox 713 871 799 933; x_wconf 91' lang='lat' dir='ltr'><strong>dictis</strong></span> <span class='ocrx_word' id='word_1_46' title='bbox 820 872 931 952; x_wconf 86' lang='lat' dir='ltr'><strong>regulis</strong></span> <span class='ocrx_word' id='word_1_47' title='bbox 952 882 1161 953; x_wconf 78' lang='lat' dir='ltr'><strong>segregantur,</strong></span> <span class='ocrx_word' id='word_1_48' title='bbox 1184 882 1217 934; x_wconf 92' lang='lat' dir='ltr'><strong>ut</strong></span> <span class='ocrx_word' id='word_1_49' title='bbox 1238 874 1384 937; x_wconf 83' lang='lat' dir='ltr'><strong>emblema</strong></span> <span class='ocrx_word' id='word_1_50' title='bbox 1405 894 1476 956; x_wconf 90' lang='lat' dir='ltr'><strong>poe-</strong></span> 
     </span>
     <span class='ocr_line' id='line_1_7' title="bbox 187 973 1502 1046; baseline 0 -13"><span class='ocrx_word' id='word_1_51' title='bbox 187 989 252 1043; x_wconf 85' lang='lat' dir='ltr'><strong>ma;</strong></span> <span class='ocrx_word' id='word_1_52' title='bbox 280 981 312 1034; x_wconf 89' lang='lat' dir='ltr'><strong>et</strong></span> <span class='ocrx_word' id='word_1_53' title='bbox 337 973 395 1034; x_wconf 91' lang='lat' dir='ltr'><strong>boc</strong></span> <span class='ocrx_word' id='word_1_54' title='bbox 416 975 501 1034; x_wconf 90' lang='lat' dir='ltr'><strong>iuste.</strong></span> <span class='ocrx_word' id='word_1_55' title='bbox 547 991 614 1034; x_wconf 91' lang='lat' dir='ltr'><strong>nam</strong></span> <span class='ocrx_word' id='word_1_56' title='bbox 642 975 667 1035; x_wconf 90' lang='lat' dir='ltr'><strong>sl</strong></span> <span class='ocrx_word' id='word_1_57' title='bbox 689 973 801 1036; x_wconf 89' lang='lat' dir='ltr'><strong>Graeca</strong></span> <span class='ocrx_word' id='word_1_58' title='bbox 823 985 904 1045; x_wconf 89' lang='lat' dir='ltr'><strong>sunt,</strong></span> <span class='ocrx_word' id='word_1_59' title='bbox 935 974 980 1035; x_wconf 85' lang='lat' dir='ltr'><strong>rel</strong></span> <span class='ocrx_word' id='word_1_60' title='bbox 1002 974 1127 1036; x_wconf 92' lang='lat' dir='ltr'><strong>ablativo</strong></span> <span class='ocrx_word' id='word_1_61' title='bbox 1150 985 1266 1046; x_wconf 82' lang='lat' dir='ltr'><strong>carent3</strong></span> <span class='ocrx_word' id='word_1_62' title='bbox 1290 976 1357 1038; x_wconf 89' lang='lat' dir='ltr'><strong>illae</strong></span> <span class='ocrx_word' id='word_1_63' title='bbox 1379 985 1502 1038; x_wconf 78' lang='lat' dir='ltr'><strong>autema</strong></span> 
     </span>
     <span class='ocr_line' id='line_1_8' title="bbox 187 1073 1476 1158; baseline 0.003 -24"><span class='ocrx_word' id='word_1_64' title='bbox 187 1073 309 1152; x_wconf 87' lang='lat' dir='ltr'><strong>regulae</strong></span> <span class='ocrx_word' id='word_1_65' title='bbox 331 1074 368 1136; x_wconf 91' lang='lat' dir='ltr'><strong>ab</strong></span> <span class='ocrx_word' id='word_1_66' title='bbox 391 1073 515 1136; x_wconf 88' lang='lat' dir='ltr'><strong>ablativo</strong></span> <span class='ocrx_word' id='word_1_67' title='bbox 538 1077 682 1154; x_wconf 77' lang='lat' dir='ltr'><strong>originem</strong></span> <span class='ocrx_word' id='word_1_68' title='bbox 706 1085 842 1147; x_wconf 93' lang='lat' dir='ltr'><strong>sumunt,</strong></span> <span class='ocrx_word' id='word_1_69' title='bbox 864 1095 937 1158; x_wconf 85' lang='lat' dir='ltr'><strong>quas</strong></span> <span class='ocrx_word' id='word_1_70' title='bbox 959 1095 1017 1138; x_wconf 94' lang='lat' dir='ltr'><strong>non</strong></span> <span class='ocrx_word' id='word_1_71' title='bbox 1040 1085 1165 1158; x_wconf 88' lang='lat' dir='ltr'><strong>possunt</strong></span> <span class='ocrx_word' id='word_1_72' title='bbox 1185 1079 1335 1158; x_wconf 86' lang='lat' dir='ltr'><strong>suscipere</strong></span> <span class='ocrx_word' id='word_1_73' title='bbox 1357 1081 1476 1139; x_wconf 86' lang='lat' dir='ltr'><strong>nomina</strong></span> 
     </span>
     <span class='ocr_line' id='line_1_9' title="bbox 187 1174 1477 1243; baseline 0.005 -7"><span class='ocrx_word' id='word_1_74' title='bbox 187 1174 316 1237; x_wconf 82' lang='lat' dir='ltr'><strong>ablativo</strong></span> <span class='ocrx_word' id='word_1_75' title='bbox 338 1178 477 1238; x_wconf 88' lang='lat' dir='ltr'><strong>carentia.</strong></span> <span class='ocrx_word' id='word_1_76' title='bbox 515 1177 566 1238; x_wconf 91' lang='lat' dir='ltr'><strong>sed</strong></span> <span class='ocrx_word' id='word_1_77' title='bbox 588 1177 662 1239; x_wconf 92' lang='lat' dir='ltr'><strong>baec</strong></span> <span class='ocrx_word' id='word_1_78' title='bbox 684 1180 811 1240; x_wconf 89' lang='lat' dir='ltr'><strong>maiores</strong></span> <span class='ocrx_word' id='word_1_79' title='bbox 834 1180 928 1242; x_wconf 89' lang='lat' dir='ltr'><strong>nostri</strong></span> <span class='ocrx_word' id='word_1_80' title='bbox 951 1186 1001 1240; x_wconf 87' lang='lat' dir='ltr'><strong>aut</strong></span> <span class='ocrx_word' id='word_1_81' title='bbox 1022 1181 1107 1240; x_wconf 87' lang='lat' dir='ltr'><strong>tertia</strong></span> <span class='ocrx_word' id='word_1_82' title='bbox 1131 1178 1326 1241; x_wconf 87' lang='lat' dir='ltr'><strong>declinatione</strong></span> <span class='ocrx_word' id='word_1_83' title='bbox 1349 1179 1477 1243; x_wconf 88' lang='lat' dir='ltr'><strong>declina·</strong></span> 
     </span>
     <span class='ocr_line' id='line_1_10' title="bbox 187 1277 1478 1362; baseline 0.004 -23"><span class='ocrx_word' id='word_1_84' title='bbox 187 1277 275 1348; x_wconf 88' lang='lat' dir='ltr'><strong>baut,</strong></span> <span class='ocrx_word' id='word_1_85' title='bbox 306 1280 331 1339; x_wconf 90' lang='lat' dir='ltr'><strong>si</strong></span> <span class='ocrx_word' id='word_1_86' title='bbox 360 1278 484 1340; x_wconf 86' lang='lat' dir='ltr'><strong>inissent</strong></span> <span class='ocrx_word' id='word_1_87' title='bbox 514 1282 632 1357; x_wconf 89' lang='lat' dir='ltr'><strong>generis</strong></span> <span class='ocrx_word' id='word_1_88' title='bbox 659 1282 772 1351; x_wconf 86' lang='lat' dir='ltr'><strong>neutri,</strong></span> <span class='ocrx_word' id='word_1_89' title='bbox 800 1287 833 1342; x_wconf 94' lang='lat' dir='ltr'><strong>ut</strong></span> <span class='ocrx_word' id='word_1_90' title='bbox 854 1299 957 1360; x_wconf 88' lang='lat' dir='ltr'><strong>poema</strong></span> <span class='ocrx_word' id='word_1_91' title='bbox 979 1284 1136 1362; x_wconf 90' lang='lat' dir='ltr'><strong>poematis;</strong></span> <span class='ocrx_word' id='word_1_92' title='bbox 1160 1289 1209 1344; x_wconf 90' lang='lat' dir='ltr'><strong>aut</strong></span> <span class='ocrx_word' id='word_1_93' title='bbox 1231 1284 1325 1361; x_wconf 90' lang='lat' dir='ltr'><strong>prima</strong></span> <span class='ocrx_word' id='word_1_94' title='bbox 1348 1282 1478 1344; x_wconf 91' lang='lat' dir='ltr'><strong>declina-</strong></span> 
     </span>
     <span class='ocr_line' id='line_1_11' title="bbox 188 1379 1479 1464; baseline 0.005 -24"><span class='ocrx_word' id='word_1_95' title='bbox 188 1383 269 1441; x_wconf 90' lang='lat' dir='ltr'><strong>tione</strong></span> <span class='ocrx_word' id='word_1_96' title='bbox 302 1379 504 1454; x_wconf 89' lang='lat' dir='ltr'><strong>declinabant,</strong></span> <span class='ocrx_word' id='word_1_97' title='bbox 538 1384 562 1442; x_wconf 89' lang='lat' dir='ltr'><strong>si</strong></span> <span class='ocrx_word' id='word_1_98' title='bbox 596 1383 720 1444; x_wconf 85' lang='lat' dir='ltr'><strong>inissent</strong></span> <span class='ocrx_word' id='word_1_99' title='bbox 751 1385 868 1462; x_wconf 91' lang='lat' dir='ltr'><strong>generis</strong></span> <span class='ocrx_word' id='word_1_100' title='bbox 901 1385 1048 1455; x_wconf 79' lang='lat' dir='ltr'><strong>feminini,</strong></span> <span class='ocrx_word' id='word_1_101' title='bbox 1081 1392 1115 1445; x_wconf 93' lang='lat' dir='ltr'><strong>ut</strong></span> <span class='ocrx_word' id='word_1_102' title='bbox 1147 1384 1220 1445; x_wconf 91' lang='lat' dir='ltr'><strong>baec</strong></span> <span class='ocrx_word' id='word_1_103' title='bbox 1253 1403 1358 1464; x_wconf 90' lang='lat' dir='ltr'><strong>poema</strong></span> <span class='ocrx_word' id='word_1_104' title='bbox 1392 1385 1479 1446; x_wconf 91' lang='lat' dir='ltr'><strong>buius</strong></span> 
     </span>
     <span class='ocr_line' id='line_1_12' title="bbox 189 1485 1515 1567; baseline 0 -23"><span class='ocrx_word' id='word_1_105' title='bbox 189 1501 324 1562; x_wconf 71' lang='lat' dir='ltr'><strong>mamae,</strong></span> <span class='ocrx_word' id='word_1_106' title='bbox 360 1500 538 1564; x_wconf 86' lang='lat' dir='ltr'><strong>quamquam</strong></span> <span class='ocrx_word' id='word_1_107' title='bbox 561 1487 727 1546; x_wconf 85' lang='lat' dir='ltr'><strong>invenimus</strong></span> <span class='ocrx_word' id='word_1_108' title='bbox 749 1485 862 1567; x_wconf 84' lang='lat' dir='ltr'><strong>aliquos</strong></span> <span class='ocrx_word' id='word_1_109' title='bbox 884 1504 969 1548; x_wconf 89' lang='lat' dir='ltr'><strong>casus</strong></span> <span class='ocrx_word' id='word_1_110' title='bbox 991 1504 1045 1548; x_wconf 91' lang='lat' dir='ltr'><strong>nec</strong></span> <span class='ocrx_word' id='word_1_111' title='bbox 1068 1486 1104 1548; x_wconf 91' lang='lat' dir='ltr'><strong>ab</strong></span> <span class='ocrx_word' id='word_1_112' title='bbox 1126 1486 1184 1547; x_wconf 89' lang='lat' dir='ltr'><strong>illis</strong></span> <span class='ocrx_word' id='word_1_113' title='bbox 1206 1505 1261 1547; x_wconf 93' lang='lat' dir='ltr'><strong>nec</strong></span> <span class='ocrx_word' id='word_1_114' title='bbox 1284 1487 1320 1548; x_wconf 90' lang='lat' dir='ltr'><strong>ab</strong></span> <span class='ocrx_word' id='word_1_115' title='bbox 1343 1488 1407 1549; x_wconf 91' lang='lat' dir='ltr'><strong>istis</strong></span> <span class='ocrx_word' id='word_1_116' title='bbox 1427 1504 1515 1549; x_wconf 81' lang='lat' dir='ltr'><strong>re·10</strong></span> 
     </span>
     <span class='ocr_line' id='line_1_13' title="bbox 190 1584 1477 1671; baseline 0.004 -26"><span class='ocrx_word' id='word_1_117' title='bbox 190 1584 266 1663; x_wconf 87' lang='lat' dir='ltr'><strong>gulis</strong></span> <span class='ocrx_word' id='word_1_118' title='bbox 294 1585 473 1657; x_wconf 88' lang='lat' dir='ltr'><strong>declinatos,</strong></span> <span class='ocrx_word' id='word_1_119' title='bbox 502 1586 531 1647; x_wconf 94' lang='lat' dir='ltr'><strong>id</strong></span> <span class='ocrx_word' id='word_1_120' title='bbox 560 1595 605 1648; x_wconf 89' lang='lat' dir='ltr'><strong>est</strong></span> <span class='ocrx_word' id='word_1_121' title='bbox 626 1589 792 1667; x_wconf 88' lang='lat' dir='ltr'><strong>genetivum</strong></span> <span class='ocrx_word' id='word_1_122' title='bbox 815 1587 958 1668; x_wconf 81' lang='lat' dir='ltr'><strong>pluralem</strong></span> <span class='ocrx_word' id='word_1_123' title='bbox 982 1596 1011 1650; x_wconf 91' lang='lat' dir='ltr'><strong>et</strong></span> <span class='ocrx_word' id='word_1_124' title='bbox 1033 1588 1159 1649; x_wconf 87' lang='lat' dir='ltr'><strong>dativum</strong></span> <span class='ocrx_word' id='word_1_125' title='bbox 1183 1596 1212 1649; x_wconf 92' lang='lat' dir='ltr'><strong>et</strong></span> <span class='ocrx_word' id='word_1_126' title='bbox 1233 1587 1389 1650; x_wconf 81' lang='lat' dir='ltr'><strong>ablativum</strong></span> <span class='ocrx_word' id='word_1_127' title='bbox 1413 1588 1477 1671; x_wconf 92' lang='lat' dir='ltr'><strong>plu·</strong></span> 
     </span>
     <span class='ocr_line' id='line_1_14' title="bbox 192 1686 1479 1771; baseline 0.002 -23"><span class='ocrx_word' id='word_1_128' title='bbox 192 1687 279 1750; x_wconf 89' lang='lat' dir='ltr'><strong>rales:</strong></span> <span class='ocrx_word' id='word_1_129' title='bbox 304 1686 431 1768; x_wconf 89' lang='lat' dir='ltr'><strong>legimus</strong></span> <span class='ocrx_word' id='word_1_130' title='bbox 453 1691 531 1750; x_wconf 91' lang='lat' dir='ltr'><strong>enim</strong></span> <span class='ocrx_word' id='word_1_131' title='bbox 555 1689 631 1769; x_wconf 91' lang='lat' dir='ltr'><strong>apud</strong></span> <span class='ocrx_word' id='word_1_132' title='bbox 655 1691 827 1753; x_wconf 85' lang='lat' dir='ltr'><strong>Ciceronem</strong></span> <span class='ocrx_word' id='word_1_133' title='bbox 856 1690 962 1752; x_wconf 93' lang='lat' dir='ltr'><strong>borum</strong></span> <span class='ocrx_word' id='word_1_134' title='bbox 991 1699 1194 1771; x_wconf 86' lang='lat' dir='ltr'><strong>poematorum</strong></span> <span class='ocrx_word' id='word_1_135' title='bbox 1217 1690 1264 1751; x_wconf 92' lang='lat' dir='ltr'><strong>bis</strong></span> <span class='ocrx_word' id='word_1_136' title='bbox 1286 1693 1429 1770; x_wconf 91' lang='lat' dir='ltr'><strong>poematis</strong></span> <span class='ocrx_word' id='word_1_137' title='bbox 1450 1697 1479 1751; x_wconf 92' lang='lat' dir='ltr'><strong>et</strong></span> 
     </span>
     <span class='ocr_line' id='line_1_15' title="bbox 193 1788 1478 1876; baseline 0.003 -27"><span class='ocrx_word' id='word_1_138' title='bbox 193 1788 297 1852; x_wconf 87' lang='lat' dir='ltr'><strong>abbis</strong></span> <span class='ocrx_word' id='word_1_139' title='bbox 320 1792 479 1872; x_wconf 87' lang='lat' dir='ltr'><strong>poematis;</strong></span> <span class='ocrx_word' id='word_1_140' title='bbox 508 1790 643 1853; x_wconf 92' lang='lat' dir='ltr'><strong>similiter</strong></span> <span class='ocrx_word' id='word_1_141' title='bbox 672 1800 701 1853; x_wconf 91' lang='lat' dir='ltr'><strong>et</strong></span> <span class='ocrx_word' id='word_1_142' title='bbox 724 1791 967 1854; x_wconf 89' lang='lat' dir='ltr'><strong>emblematorum</strong></span> <span class='ocrx_word' id='word_1_143' title='bbox 991 1801 1021 1853; x_wconf 91' lang='lat' dir='ltr'><strong>et</strong></span> <span class='ocrx_word' id='word_1_144' title='bbox 1042 1791 1238 1864; x_wconf 86' lang='lat' dir='ltr'><strong>emblematis,</strong></span> <span class='ocrx_word' id='word_1_145' title='bbox 1266 1793 1478 1876; x_wconf 90' lang='lat' dir='ltr'><strong>peripetasma·</strong></span> 
     </span>
     <span class='ocr_line' id='line_1_16' title="bbox 193 1893 554 1974; baseline 0.003 -21"><span class='ocrx_word' id='word_1_146' title='bbox 193 1899 287 1954; x_wconf 87' lang='lat' dir='ltr'><strong>torum</strong></span> <span class='ocrx_word' id='word_1_147' title='bbox 310 1893 554 1974; x_wconf 86' lang='lat' dir='ltr'><strong>peripetasmatis.</strong></span> 
     </span>
    </p>

    <p class='ocr_par' dir='ltr' id='par_1_3' title="bbox 195 1995 1517 2792">
     <span class='ocr_line' id='line_1_17' title="bbox 272 1995 1516 2077; baseline 0 -20"><span class='ocrx_word' id='word_1_148' title='bbox 272 1995 414 2075; x_wconf 74' lang='lat' dir='ltr'><strong>Analogia</strong></span> <span class='ocrx_word' id='word_1_149' title='bbox 443 1995 549 2057; x_wconf 89' lang='lat' dir='ltr'><strong>dicitur</strong></span> <span class='ocrx_word' id='word_1_150' title='bbox 578 1997 653 2057; x_wconf 90' lang='lat' dir='ltr'><strong>ratio</strong></span> <span class='ocrx_word' id='word_1_151' title='bbox 676 1995 879 2057; x_wconf 86' lang='lat' dir='ltr'><strong>declinationis</strong></span> <span class='ocrx_word' id='word_1_152' title='bbox 901 1998 1053 2058; x_wconf 91' lang='lat' dir='ltr'><strong>nominum</strong></span> <span class='ocrx_word' id='word_1_153' title='bbox 1076 1998 1154 2058; x_wconf 91' lang='lat' dir='ltr'><strong>inter</strong></span> <span class='ocrx_word' id='word_1_154' title='bbox 1176 2015 1207 2059; x_wconf 93' lang='lat' dir='ltr'><strong>se</strong></span> <span class='ocrx_word' id='word_1_155' title='bbox 1230 1998 1311 2058; x_wconf 91' lang='lat' dir='ltr'><strong>omni</strong></span> <span class='ocrx_word' id='word_1_156' title='bbox 1332 2007 1417 2077; x_wconf 89' lang='lat' dir='ltr'><strong>parte</strong></span> <span class='ocrx_word' id='word_1_157' title='bbox 1438 1999 1477 2061; x_wconf 89' lang='lat' dir='ltr'><strong>si·</strong></span> <span class='ocrx_word' id='word_1_158' title='bbox 1493 2014 1516 2057; x_wconf 84' lang='lat' dir='ltr'><strong>ra</strong></span> 
     </span>
     <span class='ocr_line' id='line_1_18' title="bbox 195 2096 1478 2179; baseline 0.002 -20"><span class='ocrx_word' id='word_1_159' title='bbox 195 2096 320 2166; x_wconf 77' lang='lat' dir='ltr'><strong>milium:</strong></span> <span class='ocrx_word' id='word_1_160' title='bbox 344 2096 446 2158; x_wconf 83' lang='lat' dir='ltr'><strong>Latine</strong></span> <span class='ocrx_word' id='word_1_161' title='bbox 467 2100 621 2177; x_wconf 88' lang='lat' dir='ltr'><strong>proportio</strong></span> <span class='ocrx_word' id='word_1_162' title='bbox 644 2106 773 2160; x_wconf 91' lang='lat' dir='ltr'><strong>vocatur.</strong></span> <span class='ocrx_word' id='word_1_163' title='bbox 804 2099 922 2160; x_wconf 88' lang='lat' dir='ltr'><strong>nomina</strong></span> <span class='ocrx_word' id='word_1_164' title='bbox 945 2105 1043 2160; x_wconf 87' lang='lat' dir='ltr'><strong>sutem</strong></span> <span class='ocrx_word' id='word_1_165' title='bbox 1065 2097 1169 2159; x_wconf 89' lang='lat' dir='ltr'><strong>similla</strong></span> <span class='ocrx_word' id='word_1_166' title='bbox 1192 2107 1261 2160; x_wconf 92' lang='lat' dir='ltr'><strong>sunt</strong></span> <span class='ocrx_word' id='word_1_167' title='bbox 1283 2102 1363 2162; x_wconf 91' lang='lat' dir='ltr'><strong>omni</strong></span> <span class='ocrx_word' id='word_1_168' title='bbox 1384 2108 1478 2179; x_wconf 90' lang='lat' dir='ltr'><strong>parte,</strong></span> 
     </span>
     <span class='ocr_line' id='line_1_19' title="bbox 196 2197 1479 2283; baseline 0.003 -24"><span class='ocrx_word' id='word_1_169' title='bbox 196 2200 306 2261; x_wconf 87' lang='lat' dir='ltr'><strong>siocto</strong></span> <span class='ocrx_word' id='word_1_170' title='bbox 328 2197 419 2261; x_wconf 90' lang='lat' dir='ltr'><strong>rebus</strong></span> <span class='ocrx_word' id='word_1_171' title='bbox 440 2200 500 2261; x_wconf 90' lang='lat' dir='ltr'><strong>sint</strong></span> <span class='ocrx_word' id='word_1_172' title='bbox 520 2198 641 2270; x_wconf 88' lang='lat' dir='ltr'><strong>similia,</strong></span> <span class='ocrx_word' id='word_1_173' title='bbox 664 2199 693 2259; x_wconf 92' lang='lat' dir='ltr'><strong>id</strong></span> <span class='ocrx_word' id='word_1_174' title='bbox 717 2207 761 2260; x_wconf 92' lang='lat' dir='ltr'><strong>est</strong></span> <span class='ocrx_word' id='word_1_175' title='bbox 783 2219 834 2261; x_wconf 85' lang='lat' dir='ltr'><strong>sex</strong></span> <span class='ocrx_word' id='word_1_176' title='bbox 856 2199 914 2260; x_wconf 93' lang='lat' dir='ltr'><strong>illis</strong></span> <span class='ocrx_word' id='word_1_177' title='bbox 935 2218 1011 2280; x_wconf 88' lang='lat' dir='ltr'><strong>quae</strong></span> <span class='ocrx_word' id='word_1_178' title='bbox 1032 2200 1169 2262; x_wconf 86' lang='lat' dir='ltr'><strong>accidunt</strong></span> <span class='ocrx_word' id='word_1_179' title='bbox 1191 2202 1317 2272; x_wconf 92' lang='lat' dir='ltr'><strong>nomini,</strong></span> <span class='ocrx_word' id='word_1_180' title='bbox 1341 2201 1479 2283; x_wconf 89' lang='lat' dir='ltr'><strong>qualitate</strong></span> 
     </span>
     <span class='ocr_line' id='line_1_20' title="bbox 196 2298 1480 2385; baseline 0.002 -22"><span class='ocrx_word' id='word_1_181' title='bbox 196 2303 402 2383; x_wconf 82' lang='lat' dir='ltr'><strong>conparatione</strong></span> <span class='ocrx_word' id='word_1_182' title='bbox 424 2319 534 2380; x_wconf 78' lang='lat' dir='ltr'><strong>genere</strong></span> <span class='ocrx_word' id='word_1_183' title='bbox 556 2319 682 2364; x_wconf 90' lang='lat' dir='ltr'><strong>numero</strong></span> <span class='ocrx_word' id='word_1_184' title='bbox 704 2301 796 2381; x_wconf 87' lang='lat' dir='ltr'><strong>ligura</strong></span> <span class='ocrx_word' id='word_1_185' title='bbox 812 2298 826 2385; x_wconf 81' lang='grc' dir='ltr'><strong>ΙΙ</strong></span> <span class='ocrx_word' id='word_1_186' title='bbox 841 2319 924 2371; x_wconf 89' lang='lat' dir='ltr'><strong>casu,</strong></span> <span class='ocrx_word' id='word_1_187' title='bbox 941 2301 1048 2365; x_wconf 87' lang='lat' dir='ltr'><strong>deinde</strong></span> <span class='ocrx_word' id='word_1_188' title='bbox 1063 2304 1142 2363; x_wconf 81' lang='lat' dir='ltr'><strong>exitu</strong></span> <span class='ocrx_word' id='word_1_189' title='bbox 1157 2301 1349 2383; x_wconf 78' lang='lat' dir='ltr'><strong>syllabarum,</strong></span> <span class='ocrx_word' id='word_1_190' title='bbox 1373 2303 1480 2365; x_wconf 91' lang='lat' dir='ltr'><strong>deinde</strong></span> 
     </span>
     <span class='ocr_line' id='line_1_21' title="bbox 197 2403 1480 2484; baseline 0.002 -20"><span class='ocrx_word' id='word_1_191' title='bbox 197 2405 414 2465; x_wconf 88' lang='lat' dir='ltr'><strong>consonantium</strong></span> <span class='ocrx_word' id='word_1_192' title='bbox 447 2405 561 2465; x_wconf 87' lang='lat' dir='ltr'><strong>ratione</strong></span> <span class='ocrx_word' id='word_1_193' title='bbox 591 2403 846 2484; x_wconf 88' lang='lat' dir='ltr'><strong>paenultimarum.</strong></span> <span class='ocrx_word' id='word_1_194' title='bbox 891 2412 977 2484; x_wconf 87' lang='lat' dir='ltr'><strong>atque</strong></span> <span class='ocrx_word' id='word_1_195' title='bbox 1004 2405 1029 2464; x_wconf 93' lang='lat' dir='ltr'><strong>si</strong></span> <span class='ocrx_word' id='word_1_196' title='bbox 1058 2422 1115 2465; x_wconf 91' lang='lat' dir='ltr'><strong>una</strong></span> <span class='ocrx_word' id='word_1_197' title='bbox 1138 2422 1187 2466; x_wconf 91' lang='lat' dir='ltr'><strong>res</strong></span> <span class='ocrx_word' id='word_1_198' title='bbox 1210 2404 1246 2465; x_wconf 89' lang='lat' dir='ltr'><strong>de</strong></span> <span class='ocrx_word' id='word_1_199' title='bbox 1267 2405 1330 2465; x_wconf 88' lang='lat' dir='ltr'><strong>istis</strong></span> <span class='ocrx_word' id='word_1_200' title='bbox 1352 2411 1419 2466; x_wconf 89' lang='lat' dir='ltr'><strong>octo</strong></span> <span class='ocrx_word' id='word_1_201' title='bbox 1442 2407 1480 2467; x_wconf 92' lang='lat' dir='ltr'><strong>si·</strong></span> 
     </span>
     <span class='ocr_line' id='line_1_22' title="bbox 196 2504 1517 2586; baseline 0 -20"><span class='ocrx_word' id='word_1_202' title='bbox 196 2504 310 2568; x_wconf 83' lang='lat' dir='ltr'><strong>milibus</strong></span> <span class='ocrx_word' id='word_1_203' title='bbox 337 2504 470 2576; x_wconf 86' lang='lat' dir='ltr'><strong>desierit,</strong></span> <span class='ocrx_word' id='word_1_204' title='bbox 502 2506 627 2567; x_wconf 90' lang='lat' dir='ltr'><strong>dicimus</strong></span> <span class='ocrx_word' id='word_1_205' title='bbox 656 2504 763 2586; x_wconf 91' lang='lat' dir='ltr'><strong>[enim]</strong></span> <span class='ocrx_word' id='word_1_206' title='bbox 792 2523 901 2567; x_wconf 86' lang='lat' dir='ltr'><strong>nomen</strong></span> <span class='ocrx_word' id='word_1_207' title='bbox 931 2506 1009 2567; x_wconf 88' lang='lat' dir='ltr'><strong>nulla</strong></span> <span class='ocrx_word' id='word_1_208' title='bbox 1032 2508 1145 2567; x_wconf 89' lang='lat' dir='ltr'><strong>ratione</strong></span> <span class='ocrx_word' id='word_1_209' title='bbox 1168 2505 1302 2569; x_wconf 89' lang='lat' dir='ltr'><strong>similiter</strong></span> <span class='ocrx_word' id='word_1_210' title='bbox 1325 2506 1476 2570; x_wconf 87' lang='lat' dir='ltr'><strong>declinari.</strong></span> <span class='ocrx_word' id='word_1_211' title='bbox 1491 2525 1517 2566; x_wconf 77' lang='lat' dir='ltr'><strong>ro</strong></span> 
     </span>
     <span class='ocr_line' id='line_1_23' title="bbox 197 2606 1478 2690; baseline 0.002 -21"><span class='ocrx_word' id='word_1_212' title='bbox 197 2608 275 2669; x_wconf 86' lang='lat' dir='ltr'><strong>caius</strong></span> <span class='ocrx_word' id='word_1_213' title='bbox 302 2609 346 2668; x_wconf 91' lang='lat' dir='ltr'><strong>rei</strong></span> <span class='ocrx_word' id='word_1_214' title='bbox 375 2607 541 2688; x_wconf 81' lang='lat' dir='ltr'><strong>exemplum</strong></span> <span class='ocrx_word' id='word_1_215' title='bbox 570 2609 608 2668; x_wconf 92' lang='lat' dir='ltr'><strong>sit</strong></span> <span class='ocrx_word' id='word_1_216' title='bbox 634 2607 718 2688; x_wconf 88' lang='lat' dir='ltr'><strong>lepus</strong></span> <span class='ocrx_word' id='word_1_217' title='bbox 746 2614 776 2669; x_wconf 92' lang='lat' dir='ltr'><strong>et</strong></span> <span class='ocrx_word' id='word_1_218' title='bbox 798 2606 893 2689; x_wconf 91' lang='lat' dir='ltr'><strong>lupus.</strong></span> <span class='ocrx_word' id='word_1_219' title='bbox 939 2625 1006 2669; x_wconf 92' lang='lat' dir='ltr'><strong>nam</strong></span> <span class='ocrx_word' id='word_1_220' title='bbox 1028 2607 1097 2669; x_wconf 90' lang='lat' dir='ltr'><strong>licet</strong></span> <span class='ocrx_word' id='word_1_221' title='bbox 1118 2617 1230 2689; x_wconf 90' lang='lat' dir='ltr'><strong>septem</strong></span> <span class='ocrx_word' id='word_1_222' title='bbox 1253 2608 1387 2690; x_wconf 90' lang='lat' dir='ltr'><strong>partibus</strong></span> <span class='ocrx_word' id='word_1_223' title='bbox 1408 2628 1478 2671; x_wconf 90' lang='lat' dir='ltr'><strong>con·</strong></span> 
     </span>
     <span class='ocr_line' id='line_1_24' title="bbox 196 2709 1478 2792; baseline 0.002 -22"><span class='ocrx_word' id='word_1_224' title='bbox 196 2712 334 2779; x_wconf 84' lang='lat' dir='ltr'><strong>sentiant,</strong></span> <span class='ocrx_word' id='word_1_225' title='bbox 358 2717 471 2779; x_wconf 92' lang='lat' dir='ltr'><strong>tamen,</strong></span> <span class='ocrx_word' id='word_1_226' title='bbox 501 2711 569 2791; x_wconf 86' lang='lat' dir='ltr'><strong>quia</strong></span> <span class='ocrx_word' id='word_1_227' title='bbox 591 2727 700 2788; x_wconf 87' lang='lat' dir='ltr'><strong>genere</strong></span> <span class='ocrx_word' id='word_1_228' title='bbox 723 2709 898 2771; x_wconf 87' lang='lat' dir='ltr'><strong>dissentiunt</strong></span> <span class='ocrx_word' id='word_1_229' title='bbox 922 2709 1023 2792; x_wconf 88' lang='lat' dir='ltr'><strong>(lupus</strong></span> <span class='ocrx_word' id='word_1_230' title='bbox 1045 2712 1124 2772; x_wconf 91' lang='lat' dir='ltr'><strong>enim</strong></span> <span class='ocrx_word' id='word_1_231' title='bbox 1147 2711 1304 2772; x_wconf 87' lang='lat' dir='ltr'><strong>transitio</strong></span> <span class='ocrx_word' id='word_1_232' title='bbox 1328 2710 1405 2772; x_wconf 89' lang='lat' dir='ltr'><strong>aliud</strong></span> <span class='ocrx_word' id='word_1_233' title='bbox 1428 2728 1478 2790; x_wconf 90' lang='lat' dir='ltr'><strong>ge·</strong></span> 
     </span>
    </p>
   </div>
   <div class='ocr_carea' id='block_1_3' title="bbox 198 2810 964 2892">
    <p class='ocr_par' dir='ltr' id='par_1_4' title="bbox 198 2810 964 2892">
     <span class='ocr_line' id='line_1_25' title="bbox 198 2810 964 2892; baseline 0.004 -22"><span class='ocrx_word' id='word_1_234' title='bbox 198 2826 259 2883; x_wconf 88' lang='lat' dir='ltr'><strong>uus,</strong></span> <span class='ocrx_word' id='word_1_235' title='bbox 282 2819 317 2873; x_wconf 92' lang='lat' dir='ltr'><strong>ut</strong></span> <span class='ocrx_word' id='word_1_236' title='bbox 338 2810 425 2891; x_wconf 90' lang='lat' dir='ltr'><strong>lupus</strong></span> <span class='ocrx_word' id='word_1_237' title='bbox 446 2810 529 2890; x_wconf 88' lang='lat' dir='ltr'><strong>lupa,</strong></span> <span class='ocrx_word' id='word_1_238' title='bbox 552 2811 635 2892; x_wconf 92' lang='lat' dir='ltr'><strong>lepus</strong></span> <span class='ocrx_word' id='word_1_239' title='bbox 658 2812 724 2892; x_wconf 88' lang='lat' dir='ltr'><strong>lepa</strong></span> <span class='ocrx_word' id='word_1_240' title='bbox 745 2830 805 2872; x_wconf 91' lang='lat' dir='ltr'><strong>non</strong></span> <span class='ocrx_word' id='word_1_241' title='bbox 827 2812 911 2892; x_wconf 86' lang='lat' dir='ltr'><strong>iacit)</strong></span> <span class='ocrx_word' id='word_1_242' title='bbox 934 2829 964 2873; x_wconf 74' lang='lat' dir='ltr'><strong>u,</strong></span> 
     </span>
    </p>
   </div>
   <div class='ocr_carea' id='block_1_4' title="bbox 684 2997 985 3061">
    <p class='ocr_par' dir='ltr' id='par_1_5' title="bbox 684 2997 985 3061">
     <span class='ocr_line' id='line_1_26' title="bbox 684 2997 985 3061; baseline -0.003 -1"><span class='ocrx_word' id='word_1_243' title='bbox 684 2998 733 3060; x_wconf 75' lang='lat' dir='ltr'><strong>bn</strong></span> <span class='ocrx_word' id='word_1_244' title='bbox 753 2997 985 3061; x_wconf 82' lang='lat' dir='ltr'><strong>PRONObssNE.</strong></span> 
     </span>
    </p>
   </div>
   <div class='ocr_carea' id='block_1_5' title="bbox 196 3132 1516 3930">
    <p class='ocr_par' dir='ltr' id='par_1_6' title="bbox 196 3132 1516 3930">
     <span class='ocr_line' id='line_1_27' title="bbox 274 3132 1516 3215; baseline -0.002 -17"><span class='ocrx_word' id='word_1_245' title='bbox 274 3133 391 3198; x_wconf 90' lang='lat' dir='ltr'><strong>Probus</strong></span> <span class='ocrx_word' id='word_1_246' title='bbox 418 3140 514 3196; x_wconf 91' lang='lat' dir='ltr'><strong>autem</strong></span> <span class='ocrx_word' id='word_1_247' title='bbox 543 3152 708 3215; x_wconf 88' lang='lat' dir='ltr'><strong>pronomen</strong></span> <span class='ocrx_word' id='word_1_248' title='bbox 735 3136 766 3196; x_wconf 90' lang='lat' dir='ltr'><strong>in</strong></span> <span class='ocrx_word' id='word_1_249' title='bbox 795 3142 932 3215; x_wconf 85' lang='lat' dir='ltr'><strong>quattuor</strong></span> <span class='ocrx_word' id='word_1_250' title='bbox 958 3139 1057 3214; x_wconf 88' lang='lat' dir='ltr'><strong>partes</strong></span> <span class='ocrx_word' id='word_1_251' title='bbox 1085 3132 1272 3195; x_wconf 90' lang='lat' dir='ltr'><strong>dividendum</strong></span> <span class='ocrx_word' id='word_1_252' title='bbox 1295 3134 1419 3213; x_wconf 81' lang='lat' dir='ltr'><strong>putarit,</strong></span> <span class='ocrx_word' id='word_1_253' title='bbox 1448 3133 1477 3194; x_wconf 91' lang='lat' dir='ltr'><strong>id</strong></span> <span class='ocrx_word' id='word_1_254' title='bbox 1490 3156 1516 3196; x_wconf 78' lang='lat' dir='ltr'><strong>u</strong></span> 
     </span>
     <span class='ocr_line' id='line_1_28' title="bbox 198 3236 1476 3318; baseline -0.002 -19"><span class='ocrx_word' id='word_1_255' title='bbox 198 3247 237 3299; x_wconf 87' lang='lat' dir='ltr'><strong>est</strong></span> <span class='ocrx_word' id='word_1_256' title='bbox 273 3254 438 3318; x_wconf 90' lang='lat' dir='ltr'><strong>pronomen</strong></span> <span class='ocrx_word' id='word_1_257' title='bbox 477 3237 591 3298; x_wconf 84' lang='lat' dir='ltr'><strong>linitum</strong></span> <span class='ocrx_word' id='word_1_258' title='bbox 627 3236 773 3297; x_wconf 83' lang='lat' dir='ltr'><strong>inlinitum</strong></span> <span class='ocrx_word' id='word_1_259' title='bbox 812 3238 910 3297; x_wconf 90' lang='lat' dir='ltr'><strong>minus</strong></span> <span class='ocrx_word' id='word_1_260' title='bbox 936 3254 1025 3316; x_wconf 86' lang='lat' dir='ltr'><strong>qnam</strong></span> <span class='ocrx_word' id='word_1_261' title='bbox 1057 3236 1171 3297; x_wconf 87' lang='lat' dir='ltr'><strong>linitum</strong></span> <span class='ocrx_word' id='word_1_262' title='bbox 1207 3242 1237 3296; x_wconf 90' lang='lat' dir='ltr'><strong>et</strong></span> <span class='ocrx_word' id='word_1_263' title='bbox 1263 3237 1476 3316; x_wconf 89' lang='lat' dir='ltr'><strong>possessivum;</strong></span> 
     </span>
     <span class='ocr_line' id='line_1_29' title="bbox 197 3337 1479 3418; baseline -0.002 -18"><span class='ocrx_word' id='word_1_264' title='bbox 197 3338 270 3418; x_wconf 87' lang='lat' dir='ltr'><strong>qnod</strong></span> <span class='ocrx_word' id='word_1_265' title='bbox 298 3357 358 3401; x_wconf 92' lang='lat' dir='ltr'><strong>non</strong></span> <span class='ocrx_word' id='word_1_266' title='bbox 386 3339 500 3400; x_wconf 86' lang='lat' dir='ltr'><strong>ridetur</strong></span> <span class='ocrx_word' id='word_1_267' title='bbox 527 3337 637 3401; x_wconf 89' lang='lat' dir='ltr'><strong>babere</strong></span> <span class='ocrx_word' id='word_1_268' title='bbox 663 3339 817 3398; x_wconf 87' lang='lat' dir='ltr'><strong>rationem.</strong></span> <span class='ocrx_word' id='word_1_269' title='bbox 852 3337 930 3398; x_wconf 91' lang='lat' dir='ltr'><strong>unde</strong></span> <span class='ocrx_word' id='word_1_270' title='bbox 958 3337 1087 3399; x_wconf 86' lang='lat' dir='ltr'><strong>Donatus</strong></span> <span class='ocrx_word' id='word_1_271' title='bbox 1114 3338 1232 3409; x_wconf 86' lang='lat' dir='ltr'><strong>melius,</strong></span> <span class='ocrx_word' id='word_1_272' title='bbox 1267 3338 1316 3415; x_wconf 92' lang='lat' dir='ltr'><strong>qui</strong></span> <span class='ocrx_word' id='word_1_273' title='bbox 1348 3337 1379 3398; x_wconf 93' lang='lat' dir='ltr'><strong>in</strong></span> <span class='ocrx_word' id='word_1_274' title='bbox 1407 3337 1479 3399; x_wconf 89' lang='lat' dir='ltr'><strong>duas</strong></span> 
     </span>
     <span class='ocr_line' id='line_1_30' title="bbox 196 3438 1479 3523; baseline -0.003 -20"><span class='ocrx_word' id='word_1_275' title='bbox 196 3449 291 3519; x_wconf 86' lang='lat' dir='ltr'><strong>partes</strong></span> <span class='ocrx_word' id='word_1_276' title='bbox 311 3442 342 3502; x_wconf 88' lang='lat' dir='ltr'><strong>in</strong></span> <span class='ocrx_word' id='word_1_277' title='bbox 365 3442 460 3523; x_wconf 89' lang='lat' dir='ltr'><strong>primo</strong></span> <span class='ocrx_word' id='word_1_278' title='bbox 483 3438 588 3502; x_wconf 91' lang='lat' dir='ltr'><strong>divisit.</strong></span> <span class='ocrx_word' id='word_1_279' title='bbox 633 3456 701 3501; x_wconf 90' lang='lat' dir='ltr'><strong>nam</strong></span> <span class='ocrx_word' id='word_1_280' title='bbox 724 3440 749 3501; x_wconf 91' lang='lat' dir='ltr'><strong>si</strong></span> <span class='ocrx_word' id='word_1_281' title='bbox 771 3457 804 3500; x_wconf 91' lang='lat' dir='ltr'><strong>ea</strong></span> <span class='ocrx_word' id='word_1_282' title='bbox 826 3446 895 3500; x_wconf 87' lang='lat' dir='ltr'><strong>sunt</strong></span> <span class='ocrx_word' id='word_1_283' title='bbox 915 3440 996 3500; x_wconf 88' lang='lat' dir='ltr'><strong>linita</strong></span> <span class='ocrx_word' id='word_1_284' title='bbox 1019 3440 1210 3518; x_wconf 88' lang='lat' dir='ltr'><strong>pronomina,</strong></span> <span class='ocrx_word' id='word_1_285' title='bbox 1233 3458 1308 3520; x_wconf 89' lang='lat' dir='ltr'><strong>quae</strong></span> <span class='ocrx_word' id='word_1_286' title='bbox 1330 3439 1479 3519; x_wconf 88' lang='lat' dir='ltr'><strong>recipiunt</strong></span> 
     </span>
     <span class='ocr_line' id='line_1_31' title="bbox 196 3539 1478 3624; baseline -0.004 -20"><span class='ocrx_word' id='word_1_287' title='bbox 196 3558 349 3620; x_wconf 89' lang='lat' dir='ltr'><strong>personas,</strong></span> <span class='ocrx_word' id='word_1_288' title='bbox 373 3540 428 3604; x_wconf 91' lang='lat' dir='ltr'><strong>alia</strong></span> <span class='ocrx_word' id='word_1_289' title='bbox 451 3545 565 3613; x_wconf 90' lang='lat' dir='ltr'><strong>omnia,</strong></span> <span class='ocrx_word' id='word_1_290' title='bbox 588 3560 663 3624; x_wconf 92' lang='lat' dir='ltr'><strong>quae</strong></span> <span class='ocrx_word' id='word_1_291' title='bbox 685 3559 744 3602; x_wconf 93' lang='lat' dir='ltr'><strong>non</strong></span> <span class='ocrx_word' id='word_1_292' title='bbox 767 3540 913 3621; x_wconf 90' lang='lat' dir='ltr'><strong>recipiunt</strong></span> <span class='ocrx_word' id='word_1_293' title='bbox 934 3558 1090 3620; x_wconf 90' lang='lat' dir='ltr'><strong>personas,</strong></span> <span class='ocrx_word' id='word_1_294' title='bbox 1119 3541 1231 3602; x_wconf 82' lang='lat' dir='ltr'><strong>infinita</strong></span> <span class='ocrx_word' id='word_1_295' title='bbox 1254 3539 1378 3601; x_wconf 91' lang='lat' dir='ltr'><strong>dicenda</strong></span> <span class='ocrx_word' id='word_1_296' title='bbox 1400 3547 1478 3601; x_wconf 88' lang='lat' dir='ltr'><strong>sunt.</strong></span> 
     </span>
     <span class='ocr_line' id='line_1_32' title="bbox 197 3642 1516 3726; baseline 0 -23"><span class='ocrx_word' id='word_1_297' title='bbox 197 3642 270 3706; x_wconf 90' lang='lat' dir='ltr'><strong>unde</strong></span> <span class='ocrx_word' id='word_1_298' title='bbox 297 3653 420 3726; x_wconf 89' lang='lat' dir='ltr'><strong>apparet</strong></span> <span class='ocrx_word' id='word_1_299' title='bbox 447 3644 525 3724; x_wconf 90' lang='lat' dir='ltr'><strong>quod</strong></span> <span class='ocrx_word' id='word_1_300' title='bbox 554 3644 667 3706; x_wconf 87' lang='lat' dir='ltr'><strong>infinita</strong></span> <span class='ocrx_word' id='word_1_301' title='bbox 695 3651 724 3704; x_wconf 91' lang='lat' dir='ltr'><strong>et</strong></span> <span class='ocrx_word' id='word_1_302' title='bbox 752 3644 850 3703; x_wconf 92' lang='lat' dir='ltr'><strong>minus</strong></span> <span class='ocrx_word' id='word_1_303' title='bbox 871 3659 959 3722; x_wconf 88' lang='lat' dir='ltr'><strong>qaam</strong></span> <span class='ocrx_word' id='word_1_304' title='bbox 982 3642 1062 3703; x_wconf 85' lang='lat' dir='ltr'><strong>linita</strong></span> <span class='ocrx_word' id='word_1_305' title='bbox 1088 3650 1207 3703; x_wconf 91' lang='lat' dir='ltr'><strong>suntet</strong></span> <span class='ocrx_word' id='word_1_306' title='bbox 1234 3642 1409 3724; x_wconf 82' lang='lat' dir='ltr'><strong>possessiva:</strong></span> <span class='ocrx_word' id='word_1_307' title='bbox 1446 3642 1476 3702; x_wconf 91' lang='lat' dir='ltr'><strong>ln</strong></span> <span class='ocrx_word' id='word_1_308' title='bbox 1491 3663 1516 3703; x_wconf 85' lang='lat' dir='ltr'><strong>so</strong></span> 
     </span>
     <span class='ocr_line' id='line_1_33' title="bbox 197 3742 1478 3827; baseline -0.001 -22"><span class='ocrx_word' id='word_1_309' title='bbox 197 3742 250 3807; x_wconf 81' lang='lat' dir='ltr'><strong>iilis</strong></span> <span class='ocrx_word' id='word_1_310' title='bbox 272 3747 352 3808; x_wconf 89' lang='lat' dir='ltr'><strong>enim</strong></span> <span class='ocrx_word' id='word_1_311' title='bbox 380 3763 440 3808; x_wconf 92' lang='lat' dir='ltr'><strong>non</strong></span> <span class='ocrx_word' id='word_1_312' title='bbox 469 3747 576 3808; x_wconf 92' lang='lat' dir='ltr'><strong>accidit</strong></span> <span class='ocrx_word' id='word_1_313' title='bbox 598 3752 678 3808; x_wconf 89' lang='lat' dir='ltr'><strong>certa</strong></span> <span class='ocrx_word' id='word_1_314' title='bbox 700 3761 837 3827; x_wconf 88' lang='lat' dir='ltr'><strong>persona.</strong></span> <span class='ocrx_word' id='word_1_315' title='bbox 882 3745 962 3804; x_wconf 87' lang='lat' dir='ltr'><strong>cuias</strong></span> <span class='ocrx_word' id='word_1_316' title='bbox 985 3750 1015 3805; x_wconf 91' lang='lat' dir='ltr'><strong>et</strong></span> <span class='ocrx_word' id='word_1_317' title='bbox 1035 3751 1151 3805; x_wconf 90' lang='lat' dir='ltr'><strong>nostras</strong></span> <span class='ocrx_word' id='word_1_318' title='bbox 1173 3742 1219 3805; x_wconf 88' lang='lat' dir='ltr'><strong>vel</strong></span> <span class='ocrx_word' id='word_1_319' title='bbox 1241 3745 1352 3805; x_wconf 90' lang='lat' dir='ltr'><strong>cuiates</strong></span> <span class='ocrx_word' id='word_1_320' title='bbox 1374 3751 1403 3804; x_wconf 90' lang='lat' dir='ltr'><strong>et</strong></span> <span class='ocrx_word' id='word_1_321' title='bbox 1425 3761 1478 3804; x_wconf 93' lang='lat' dir='ltr'><strong>no-</strong></span> 
     </span>
     <span class='ocr_line' id='line_1_34' title="bbox 198 3845 1477 3930; baseline -0.001 -23"><span class='ocrx_word' id='word_1_322' title='bbox 198 3854 300 3911; x_wconf 84' lang='lat' dir='ltr'><strong>strates</strong></span> <span class='ocrx_word' id='word_1_323' title='bbox 331 3850 415 3925; x_wconf 87' lang='lat' dir='ltr'><strong>(nam</strong></span> <span class='ocrx_word' id='word_1_324' title='bbox 447 3855 605 3930; x_wconf 89' lang='lat' dir='ltr'><strong>utrumque</strong></span> <span class='ocrx_word' id='word_1_325' title='bbox 639 3848 764 3909; x_wconf 90' lang='lat' dir='ltr'><strong>dicimus</strong></span> <span class='ocrx_word' id='word_1_326' title='bbox 796 3845 957 3908; x_wconf 90' lang='lat' dir='ltr'><strong>secundum</strong></span> <span class='ocrx_word' id='word_1_327' title='bbox 990 3845 1085 3908; x_wconf 88' lang='lat' dir='ltr'><strong>Plauti</strong></span> <span class='ocrx_word' id='word_1_328' title='bbox 1117 3845 1335 3926; x_wconf 83' lang='lat' dir='ltr'><strong>auctoritatem]</strong></span> <span class='ocrx_word' id='word_1_329' title='bbox 1360 3855 1477 3924; x_wconf 83' lang='lat' dir='ltr'><strong>gentem</strong></span> 
     </span>
    </p>
   </div>
   <div class='ocr_carea' id='block_1_6' title="bbox 194 4101 1481 4940">
    <p class='ocr_par' dir='ltr' id='par_1_7' title="bbox 194 4101 1481 4940">
     <span class='ocr_line' id='line_1_35' title="bbox 261 4101 1479 4168; baseline -0.005 -12"><span class='ocrx_word' id='word_1_330' title='bbox 261 4102 278 4156; x_wconf 84' lang='lat'><strong>3</strong></span> <span class='ocrx_word' id='word_1_331' title='bbox 300 4105 448 4156; x_wconf 88' lang='lat' dir='ltr'><strong>anciliorum</strong></span> <span class='ocrx_word' id='word_1_332' title='bbox 472 4106 571 4156; x_wconf 69' lang='lat' dir='ltr'><strong>dimisse</strong></span> <span class='ocrx_word' id='word_1_333' title='bbox 591 4105 723 4157; x_wconf 76' lang='lat' dir='ltr'><strong>Horatium</strong></span> <span class='ocrx_word' id='word_1_334' title='bbox 741 4119 819 4154; x_wconf 87' lang='lat' dir='ltr'><strong>carm.</strong></span> <span class='ocrx_word' id='word_1_335' title='bbox 836 4103 914 4163; x_wconf 81' lang='lat'><strong>1115,</strong></span> <span class='ocrx_word' id='word_1_336' title='bbox 931 4101 973 4165; x_wconf 89' lang='grc'><strong>10,</strong></span> <span class='ocrx_word' id='word_1_337' title='bbox 997 4102 1144 4154; x_wconf 85' lang='lat' dir='ltr'><strong>anciliorum</strong></span> <span class='ocrx_word' id='word_1_338' title='bbox 1170 4113 1194 4153; x_wconf 86' lang='lat' dir='ltr'><strong>et</strong></span> <span class='ocrx_word' id='word_1_339' title='bbox 1218 4102 1326 4154; x_wconf 88' lang='lat' dir='ltr'><strong>nominis</strong></span> <span class='ocrx_word' id='word_1_340' title='bbox 1352 4110 1377 4153; x_wconf 90' lang='lat' dir='ltr'><strong>et</strong></span> <span class='ocrx_word' id='word_1_341' title='bbox 1393 4110 1479 4168; x_wconf 87' lang='lat' dir='ltr'><strong>togae,</strong></span> 
     </span>
     <span class='ocr_line' id='line_1_36' title="bbox 196 4171 1480 4237; baseline -0.002 -11"><span class='ocrx_word' id='word_1_342' title='bbox 196 4173 399 4226; x_wconf 73' lang='lat' dir='ltr'><strong>vulcanaliorum</strong></span> <span class='ocrx_word' id='word_1_343' title='bbox 409 4174 560 4236; x_wconf 80' lang='lat' dir='ltr'><strong>Sallustium,</strong></span> <span class='ocrx_word' id='word_1_344' title='bbox 574 4173 649 4226; x_wconf 84' lang='lat' dir='ltr'><strong>Curio</strong></span> <span class='ocrx_word' id='word_1_345' title='bbox 663 4175 755 4224; x_wconf 86' lang='lat' dir='ltr'><strong>ibidem</strong></span> <span class='ocrx_word' id='word_1_346' title='bbox 774 4180 886 4224; x_wconf 87' lang='lat' dir='ltr'><strong>moratus</strong></span> <span class='ocrx_word' id='word_1_347' title='bbox 900 4171 1023 4237; x_wconf 87' lang='lat' dir='ltr'><strong>religione</strong></span> <span class='ocrx_word' id='word_1_348' title='bbox 1033 4173 1247 4234; x_wconf 86' lang='lat' dir='ltr'><strong>Vulcanaiiorum,</strong></span> <span class='ocrx_word' id='word_1_349' title='bbox 1265 4173 1393 4224; x_wconf 83' lang='lat' dir='ltr'><strong>adnotavit</strong></span> <span class='ocrx_word' id='word_1_350' title='bbox 1406 4172 1480 4223; x_wconf 87' lang='lat' dir='ltr'><strong>Pom·</strong></span> 
     </span>
     <span class='ocr_line' id='line_1_37' title="bbox 194 4241 1476 4311; baseline -0.002 -13"><span class='ocrx_word' id='word_1_351' title='bbox 194 4249 299 4311; x_wconf 68' lang='lat' dir='ltr'><strong>pemp.</strong></span> <span class='ocrx_word' id='word_1_352' title='bbox 317 4244 376 4299; x_wconf 77' lang='lat' dir='ltr'><strong>los.</strong></span> <span class='ocrx_word' id='word_1_353' title='bbox 396 4246 447 4295; x_wconf 80' lang='lat'><strong>227</strong></span> <span class='ocrx_word' id='word_1_354' title='bbox 519 4244 552 4297; x_wconf 82' lang='lat'><strong>13</strong></span> <span class='ocrx_word' id='word_1_355' title='bbox 565 4244 736 4310; x_wconf 73' lang='lat' dir='ltr'><strong>poematium</strong></span> <span class='ocrx_word' id='word_1_356' title='bbox 752 4243 848 4296; x_wconf 74' lang='lat' dir='ltr'><strong>rietur.</strong></span> <span class='ocrx_word' id='word_1_357' title='bbox 865 4243 902 4292; x_wconf 85' lang='lat' dir='ltr'><strong>ad</strong></span> <span class='ocrx_word' id='word_1_358' title='bbox 917 4241 1030 4293; x_wconf 77' lang='lat' dir='ltr'><strong>Hereum</strong></span> <span class='ocrx_word' id='word_1_359' title='bbox 1053 4244 1099 4294; x_wconf 93' lang='lat' dir='ltr'><strong>llll</strong></span> <span class='ocrx_word' id='word_1_360' title='bbox 1117 4245 1143 4306; x_wconf 90' lang='grc'><strong>4,</strong></span> <span class='ocrx_word' id='word_1_361' title='bbox 1159 4245 1185 4301; x_wconf 91' lang='grc'><strong>7,</strong></span> <span class='ocrx_word' id='word_1_362' title='bbox 1198 4242 1357 4293; x_wconf 83' lang='lat' dir='ltr'><strong>emblematis</strong></span> <span class='ocrx_word' id='word_1_363' title='bbox 1372 4259 1407 4293; x_wconf 78' lang='lat' dir='ltr'><strong>etc</strong></span> <span class='ocrx_word' id='word_1_364' title='bbox 1425 4243 1476 4296; x_wconf 82' lang='lat' dir='ltr'><strong>Cic.</strong></span> 
     </span>
     <span class='ocr_line' id='line_1_38' title="bbox 194 4312 1478 4378; baseline -0.003 -13"><span class='ocrx_word' id='word_1_365' title='bbox 194 4317 219 4365; x_wconf 78' lang='lat' dir='ltr'><strong>in</strong></span> <span class='ocrx_word' id='word_1_366' title='bbox 238 4318 317 4368; x_wconf 79' lang='lat' dir='ltr'><strong>Vm.</strong></span> <span class='ocrx_word' id='word_1_367' title='bbox 339 4322 388 4366; x_wconf 83' lang='lat' dir='ltr'><strong>act.</strong></span> <span class='ocrx_word' id='word_1_368' title='bbox 410 4330 462 4366; x_wconf 81' lang='lat' dir='ltr'><strong>aec.</strong></span> <span class='ocrx_word' id='word_1_369' title='bbox 485 4315 528 4365; x_wconf 92' lang='lat' dir='ltr'><strong>llll</strong></span> <span class='ocrx_word' id='word_1_370' title='bbox 549 4314 597 4375; x_wconf 83' lang='lat'><strong>17,</strong></span> <span class='ocrx_word' id='word_1_371' title='bbox 618 4314 651 4367; x_wconf 82' lang='lat'><strong>37</strong></span> <span class='ocrx_word' id='word_1_372' title='bbox 673 4315 755 4365; x_wconf 85' lang='lat' dir='ltr'><strong>attulit</strong></span> <span class='ocrx_word' id='word_1_373' title='bbox 776 4313 926 4364; x_wconf 73' lang='lat' dir='ltr'><strong>Priscianus</strong></span> <span class='ocrx_word' id='word_1_374' title='bbox 944 4329 972 4376; x_wconf 89' lang='lat' dir='ltr'><strong>p.</strong></span> <span class='ocrx_word' id='word_1_375' title='bbox 991 4312 1059 4374; x_wconf 82' lang='grc'><strong>774,</strong></span> <span class='ocrx_word' id='word_1_376' title='bbox 1086 4313 1290 4378; x_wconf 86' lang='lat' dir='ltr'><strong>peripetasmatis</strong></span> <span class='ocrx_word' id='word_1_377' title='bbox 1316 4328 1351 4364; x_wconf 77' lang='lat' dir='ltr'><strong>eoe</strong></span> <span class='ocrx_word' id='word_1_378' title='bbox 1374 4313 1425 4366; x_wconf 81' lang='lat' dir='ltr'><strong>Oia.</strong></span> <span class='ocrx_word' id='word_1_379' title='bbox 1453 4314 1478 4362; x_wconf 84' lang='lat' dir='ltr'><strong>iu</strong></span> 
     </span>
     <span class='ocr_line' id='line_1_39' title="bbox 200 4381 1391 4446; baseline -0.002 -12"><span class='ocrx_word' id='word_1_380' title='bbox 200 4386 275 4439; x_wconf 82' lang='lat' dir='ltr'><strong>Verr.</strong></span> <span class='ocrx_word' id='word_1_381' title='bbox 294 4394 345 4439; x_wconf 82' lang='lat' dir='ltr'><strong>act.</strong></span> <span class='ocrx_word' id='word_1_382' title='bbox 369 4399 420 4438; x_wconf 81' lang='lat' dir='ltr'><strong>aec.</strong></span> <span class='ocrx_word' id='word_1_383' title='bbox 438 4385 482 4435; x_wconf 93' lang='lat' dir='ltr'><strong>llll</strong></span> <span class='ocrx_word' id='word_1_384' title='bbox 503 4386 546 4446; x_wconf 81' lang='grc'>12,</span> <span class='ocrx_word' id='word_1_385' title='bbox 563 4382 598 4436; x_wconf 80' lang='grc'><strong>28</strong></span> <span class='ocrx_word' id='word_1_386' title='bbox 618 4384 768 4435; x_wconf 63' lang='lat' dir='ltr'><strong>Priamum</strong></span> <span class='ocrx_word' id='word_1_387' title='bbox 783 4386 801 4437; x_wconf 87' lang='lat' dir='ltr'><strong>l.</strong></span> <span class='ocrx_word' id='word_1_388' title='bbox 819 4398 843 4435; x_wconf 83' lang='lat' dir='ltr'><strong>c.</strong></span> <span class='ocrx_word' id='word_1_389' title='bbox 861 4384 1038 4446; x_wconf 79' lang='lat' dir='ltr'><strong>Pompeiusp.</strong></span> <span class='ocrx_word' id='word_1_390' title='bbox 1055 4383 1252 4435; x_wconf 64' lang='lat' dir='ltr'><strong>trucutentus</strong></span> <span class='ocrx_word' id='word_1_391' title='bbox 1277 4398 1304 4446; x_wconf 87' lang='lat' dir='ltr'><strong>p.</strong></span> <span class='ocrx_word' id='word_1_392' title='bbox 1326 4381 1391 4433; x_wconf 79' lang='lat' dir='ltr'><strong>root</strong></span> 
     </span>
     <span class='ocr_line' id='line_1_40' title="bbox 196 4453 1477 4519; baseline -0.005 -13"><span class='ocrx_word' id='word_1_393' title='bbox 196 4453 228 4506; x_wconf 75' lang='lat' dir='ltr'><strong>tu</strong></span> <span class='ocrx_word' id='word_1_394' title='bbox 239 4457 354 4519; x_wconf 72' lang='lat' dir='ltr'><strong>sonasse</strong></span> <span class='ocrx_word' id='word_1_395' title='bbox 374 4456 488 4513; x_wconf 85' lang='lat' dir='ltr'><strong>desierit,</strong></span> <span class='ocrx_word' id='word_1_396' title='bbox 506 4456 556 4504; x_wconf 92' lang='lat' dir='ltr'><strong>iam</strong></span> <span class='ocrx_word' id='word_1_397' title='bbox 576 4469 626 4506; x_wconf 90' lang='lat' dir='ltr'><strong>nou</strong></span> <span class='ocrx_word' id='word_1_398' title='bbox 641 4463 691 4506; x_wconf 79' lang='lat' dir='ltr'><strong>atat</strong></span> <span class='ocrx_word' id='word_1_399' title='bbox 708 4453 836 4519; x_wconf 86' lang='lat' dir='ltr'><strong>analogia.</strong></span> <span class='ocrx_word' id='word_1_400' title='bbox 856 4453 963 4503; x_wconf 84' lang='lat' dir='ltr'><strong>dicimus</strong></span> <span class='ocrx_word' id='word_1_401' title='bbox 976 4453 1043 4502; x_wconf 88' lang='lat' dir='ltr'><strong>enim</strong></span> <span class='ocrx_word' id='word_1_402' title='bbox 1113 4453 1144 4503; x_wconf 82' lang='grc'>21</span> <span class='ocrx_word' id='word_1_403' title='bbox 1159 4466 1217 4502; x_wconf 86' lang='lat' dir='ltr'><strong>nam</strong></span> <span class='ocrx_word' id='word_1_404' title='bbox 1232 4453 1291 4502; x_wconf 90' lang='lat' dir='ltr'><strong>lieet</strong></span> <span class='ocrx_word' id='word_1_405' title='bbox 1305 4464 1405 4518; x_wconf 85' lang='lat' dir='ltr'><strong>semper</strong></span> <span class='ocrx_word' id='word_1_406' title='bbox 1418 4465 1477 4516; x_wconf 84' lang='lat' dir='ltr'><strong>par-</strong></span> 
     </span>
     <span class='ocr_line' id='line_1_41' title="bbox 195 4522 1478 4591; baseline -0.002 -16"><span class='ocrx_word' id='word_1_407' title='bbox 195 4525 261 4577; x_wconf 80' lang='lat' dir='ltr'><strong>tibus</strong></span> <span class='ocrx_word' id='word_1_408' title='bbox 273 4525 432 4577; x_wconf 86' lang='lat' dir='ltr'><strong>consentiant</strong></span> <span class='ocrx_word' id='word_1_409' title='bbox 448 4525 485 4577; x_wconf 89' lang='lat' dir='ltr'><strong>P:</strong></span> <span class='ocrx_word' id='word_1_410' title='bbox 499 4539 557 4574; x_wconf 86' lang='lat' dir='ltr'><strong>nam</strong></span> <span class='ocrx_word' id='word_1_411' title='bbox 573 4533 669 4591; x_wconf 87' lang='lat' dir='ltr'><strong>septem</strong></span> <span class='ocrx_word' id='word_1_412' title='bbox 683 4524 797 4590; x_wconf 83' lang='lat' dir='ltr'><strong>partibus</strong></span> <span class='ocrx_word' id='word_1_413' title='bbox 811 4524 980 4582; x_wconf 88' lang='lat' dir='ltr'><strong>consentiunt,</strong></span> <span class='ocrx_word' id='word_1_414' title='bbox 995 4530 1079 4572; x_wconf 86' lang='lat' dir='ltr'><strong>tamen</strong></span> <span class='ocrx_word' id='word_1_415' title='bbox 1093 4522 1166 4586; x_wconf 85' lang='lat' dir='ltr'><strong>quasi</strong></span> <span class='ocrx_word' id='word_1_416' title='bbox 1177 4537 1272 4589; x_wconf 86' lang='lat' dir='ltr'><strong>genere</strong></span> <span class='ocrx_word' id='word_1_417' title='bbox 1285 4523 1438 4574; x_wconf 80' lang='lat' dir='ltr'><strong>dissentiunt</strong></span> <span class='ocrx_word' id='word_1_418' title='bbox 1452 4536 1478 4578; x_wconf 84' lang='grc' dir='ltr'><strong>ς.</strong></span> 
     </span>
     <span class='ocr_line' id='line_1_42' title="bbox 194 4591 1481 4660; baseline -0.005 -13"><span class='ocrx_word' id='word_1_419' title='bbox 194 4595 306 4647; x_wconf 71' lang='lat' dir='ltr'><strong>lamam</strong></span> <span class='ocrx_word' id='word_1_420' title='bbox 324 4602 382 4660; x_wconf 79' lang='lat' dir='ltr'><strong>post</strong></span> <span class='ocrx_word' id='word_1_421' title='bbox 407 4595 467 4645; x_wconf 85' lang='lat' dir='ltr'><strong>lacit</strong></span> <span class='ocrx_word' id='word_1_422' title='bbox 488 4595 598 4646; x_wconf 82' lang='lat' dir='ltr'><strong>iudicavi</strong></span> <span class='ocrx_word' id='word_1_423' title='bbox 607 4632 614 4655; x_wconf 95' lang='lat'><strong>,</strong></span> <span class='ocrx_word' id='word_1_424' title='bbox 632 4610 682 4660; x_wconf 76' lang='lat' dir='ltr'><strong>pua</strong></span> <span class='ocrx_word' id='word_1_425' title='bbox 696 4601 721 4644; x_wconf 84' lang='lat' dir='ltr'><strong>et</strong></span> <span class='ocrx_word' id='word_1_426' title='bbox 735 4595 795 4656; x_wconf 60' lang='lat' dir='ltr'><strong>fines</strong></span> <span class='ocrx_word' id='word_1_427' title='bbox 811 4594 980 4649; x_wconf 75' lang='lat' dir='ltr'><strong>commentarii</strong></span> <span class='ocrx_word' id='word_1_428' title='bbox 993 4591 1025 4641; x_wconf 76' lang='lat' dir='ltr'><strong>ate</strong></span> <span class='ocrx_word' id='word_1_429' title='bbox 1042 4593 1137 4643; x_wconf 76' lang='lat' dir='ltr'><strong>mariae</strong></span> <span class='ocrx_word' id='word_1_430' title='bbox 1155 4599 1180 4643; x_wconf 83' lang='lat' dir='ltr'><strong>et</strong></span> <span class='ocrx_word' id='word_1_431' title='bbox 1196 4593 1290 4642; x_wconf 79' lang='lat' dir='ltr'><strong>initium</strong></span> <span class='ocrx_word' id='word_1_432' title='bbox 1308 4593 1432 4657; x_wconf 67' lang='lat' dir='ltr'><strong>sequente</strong></span> <span class='ocrx_word' id='word_1_433' title='bbox 1447 4592 1481 4640; x_wconf 80' lang='lat' dir='ltr'><strong>de</strong></span> 
     </span>
     <span class='ocr_line' id='line_1_43' title="bbox 194 4659 1478 4728; baseline -0.007 -10"><span class='ocrx_word' id='word_1_434' title='bbox 194 4669 335 4726; x_wconf 68' lang='lat' dir='ltr'><strong>munins</strong></span> <span class='ocrx_word' id='word_1_435' title='bbox 344 4663 457 4716; x_wconf 75' lang='lat' dir='ltr'><strong>baustum</strong></span> <span class='ocrx_word' id='word_1_436' title='bbox 471 4681 528 4716; x_wconf 77' lang='lat' dir='ltr'><strong>esre</strong></span> <span class='ocrx_word' id='word_1_437' title='bbox 543 4666 643 4716; x_wconf 81' lang='lat' dir='ltr'><strong>uidetur</strong></span> <span class='ocrx_word' id='word_1_438' title='bbox 695 4665 728 4714; x_wconf 78' lang='lat'><strong>25</strong></span> <span class='ocrx_word' id='word_1_439' title='bbox 742 4660 852 4728; x_wconf 89' lang='lat' dir='ltr'><strong>Probus]</strong></span> <span class='ocrx_word' id='word_1_440' title='bbox 868 4664 946 4716; x_wconf 74' lang='lat' dir='ltr'><strong>instit.</strong></span> <span class='ocrx_word' id='word_1_441' title='bbox 965 4668 1018 4711; x_wconf 84' lang='lat' dir='ltr'><strong>art.</strong></span> <span class='ocrx_word' id='word_1_442' title='bbox 1032 4676 1059 4725; x_wconf 85' lang='lat' dir='ltr'><strong>p.</strong></span> <span class='ocrx_word' id='word_1_443' title='bbox 1077 4659 1129 4716; x_wconf 74' lang='grc'><strong>146</strong></span> <span class='ocrx_word' id='word_1_444' title='bbox 1146 4663 1187 4717; x_wconf 86' lang='lat' dir='ltr'><strong>ed.</strong></span> <span class='ocrx_word' id='word_1_445' title='bbox 1207 4662 1285 4715; x_wconf 73' lang='lat' dir='ltr'><strong>Vna.</strong></span> <span class='ocrx_word' id='word_1_446' title='bbox 1355 4659 1388 4713; x_wconf 80' lang='lat'><strong>31</strong></span> <span class='ocrx_word' id='word_1_447' title='bbox 1408 4661 1478 4710; x_wconf 82' lang='lat' dir='ltr'><strong>euius</strong></span> 
     </span>
     <span class='ocr_line' id='line_1_44' title="bbox 195 4728 1480 4791; baseline -0.004 -6"><span class='ocrx_word' id='word_1_448' title='bbox 195 4743 218 4785; x_wconf 83' lang='lat' dir='ltr'><strong>et</strong></span> <span class='ocrx_word' id='word_1_449' title='bbox 235 4745 337 4788; x_wconf 85' lang='lat' dir='ltr'><strong>uestras</strong></span> <span class='ocrx_word' id='word_1_450' title='bbox 351 4735 391 4785; x_wconf 88' lang='lat' dir='ltr'><strong>uei</strong></span> <span class='ocrx_word' id='word_1_451' title='bbox 410 4736 506 4786; x_wconf 83' lang='lat' dir='ltr'><strong>calates</strong></span> <span class='ocrx_word' id='word_1_452' title='bbox 522 4744 547 4786; x_wconf 90' lang='lat' dir='ltr'><strong>et</strong></span> <span class='ocrx_word' id='word_1_453' title='bbox 566 4743 722 4791; x_wconf 65' lang='lat' dir='ltr'><strong>nostratesq</strong></span> <span class='ocrx_word' id='word_1_454' title='bbox 739 4733 822 4783; x_wconf 83' lang='lat' dir='ltr'><strong>cuium</strong></span> <span class='ocrx_word' id='word_1_455' title='bbox 840 4740 865 4782; x_wconf 87' lang='lat' dir='ltr'><strong>et</strong></span> <span class='ocrx_word' id='word_1_456' title='bbox 880 4741 991 4783; x_wconf 87' lang='lat' dir='ltr'><strong>nostram</strong></span> <span class='ocrx_word' id='word_1_457' title='bbox 1012 4731 1053 4783; x_wconf 89' lang='lat' dir='ltr'><strong>uel</strong></span> <span class='ocrx_word' id='word_1_458' title='bbox 1067 4734 1164 4784; x_wconf 71' lang='lat' dir='ltr'><strong>calates</strong></span> <span class='ocrx_word' id='word_1_459' title='bbox 1177 4728 1378 4785; x_wconf 70' lang='lat' dir='ltr'><strong>etaostrttesP</strong></span> <span class='ocrx_word' id='word_1_460' title='bbox 1413 4772 1415 4779; x_wconf 94' lang='lat'>.</span> <span class='ocrx_word' id='word_1_461' title='bbox 1443 4729 1480 4781; x_wconf 73' lang='lat'><strong>82</strong></span> 
     </span>
     <span class='ocr_line' id='line_1_45' title="bbox 195 4798 1479 4871; baseline -0.006 -15"><span class='ocrx_word' id='word_1_462' title='bbox 195 4806 332 4857; x_wconf 68' lang='lat' dir='ltr'><strong>meandum</strong></span> <span class='ocrx_word' id='word_1_463' title='bbox 345 4806 426 4856; x_wconf 79' lang='lat' dir='ltr'><strong>l&#39;lauti</strong></span> <span class='ocrx_word' id='word_1_464' title='bbox 439 4803 623 4871; x_wconf 80' lang='lat' dir='ltr'><strong>auctoritatem]</strong></span> <span class='ocrx_word' id='word_1_465' title='bbox 640 4804 674 4868; x_wconf 81' lang='lat' dir='ltr'><strong>cf.</strong></span> <span class='ocrx_word' id='word_1_466' title='bbox 693 4805 816 4861; x_wconf 74' lang='lat' dir='ltr'><strong>Priscian.</strong></span> <span class='ocrx_word' id='word_1_467' title='bbox 837 4816 864 4866; x_wconf 78' lang='grc' dir='ltr'><strong>ρ.</strong></span> <span class='ocrx_word' id='word_1_468' title='bbox 881 4800 942 4856; x_wconf 74' lang='lat' dir='ltr'><strong>itti.</strong></span> <span class='ocrx_word' id='word_1_469' title='bbox 957 4800 1035 4865; x_wconf 85' lang='grc'>1047,</span> <span class='ocrx_word' id='word_1_470' title='bbox 1050 4801 1169 4855; x_wconf 65' lang='lat' dir='ltr'><strong>limabat.</strong></span> <span class='ocrx_word' id='word_1_471' title='bbox 1183 4816 1247 4859; x_wconf 62' lang='grc' dir='ltr'><strong>η,</strong></span> <span class='ocrx_word' id='word_1_472' title='bbox 1262 4798 1343 4848; x_wconf 70' lang='lat' dir='ltr'><strong>Rh-</strong></span> <span class='ocrx_word' id='word_1_473' title='bbox 1354 4798 1449 4855; x_wconf 66' lang='lat' dir='ltr'><strong>udae</strong></span> <span class='ocrx_word' id='word_1_474' title='bbox 1468 4798 1479 4849; x_wconf 92' lang='grc'>1</span> 
     </span>
     <span class='ocr_line' id='line_1_46' title="bbox 195 4873 444 4940; baseline 0 -15"><span class='ocrx_word' id='word_1_475' title='bbox 195 4873 230 4939; x_wconf 90' lang='lat' dir='ltr'><strong>(a.</strong></span> <span class='ocrx_word' id='word_1_476' title='bbox 252 4876 332 4939; x_wconf 75' lang='grc'>1842)</span> <span class='ocrx_word' id='word_1_477' title='bbox 348 4891 375 4940; x_wconf 80' lang='lat' dir='ltr'><strong>p.</strong></span> <span class='ocrx_word' id='word_1_478' title='bbox 392 4876 444 4926; x_wconf 78' lang='grc'>3111</span> 
     </span>
    </p>
   </div>
   <div class='ocr_carea' id='block_1_7' title="bbox 0 0 1694 5506">
    <p class='ocr_par' dir='ltr' id='par_1_8' title="bbox 0 0 1694 5506">
     <span class='ocr_line' id='line_1_47' title="bbox 0 0 1694 5506; baseline 0 0"><span class='ocrx_word' id='word_1_479' title='bbox 0 0 1694 5506; x_wconf 95' lang='lat' dir='ltr'><strong> </strong></span> 
     </span>
    </p>
   </div>
  </div>
 </body>
</html>
