3314 5506
544 400 742 463 lNSTl'lVTA
763 402 903 466 anutvtt
922 403 1091 467 sto-238
1424 407 1464 470 85

217 531 241 573 p.
256 517 338 561 1⁹7.oe
350 516 378 561 R.
1250 534 1275 576 p.
1289 522 1336 564 777.
1345 521 1373 565 ts
1385 523 1414 565 V.

161 587 305 650 anomale
331 591 554 668 pronuntietur,
587 589 673 650 etiam
703 590 761 650 hoc
784 592 815 651 in
841 593 955 653 ratione
983 599 1147 654 metrorum
1174 591 1220 654 rel
1246 600 1464 657 structurarum

161 699 365 770 conpetenter
387 683 588 751 tractabimus.

253 795 334 854 Sane
359 793 389 852 in
418 792 475 852 hac
502 793 612 862 torma,
642 811 700 873 qua
726 793 857 855 diximus
883 795 1000 872 generis
1027 794 1157 856 seminini
1188 796 1308 856 nomina
1338 796 1463 858 ablativo

161 912 238 957 casu
261 895 381 955 numeri
405 892 564 970 singularis
585 913 602 954 a
621 893 716 956 littera
739 897 892 956 terminari
914 902 944 956 et
964 898 1142 956 nominativo
1165 914 1235 956 casu
1262 900 1379 959 numeri
1403 900 1462 958 sin·

161 995 282 1076 gularis
304 995 331 1056 ia
353 994 459 1056 litteris
486 996 615 1068 definiri,
644 998 811 1076 quaeritur,
838 995 935 1057 abeo
963 996 1042 1075 quod
1063 996 1135 1057 dixit
1157 997 1311 1060 Sallustius
1338 998 1462 1061 ‘horno
1488 1025 1501 1063 a

161 1097 367 1160 militaris’
392 1115 450 1177 qua
475 1097 511 1158 de
540 1115 627 1157 causa
657 1098 685 1156 in
714 1115 824 1176 genere
851 1099 992 1158 feminino
1015 1115 1074 1158 non
1101 1099 1189 1158 saciat
1215 1099 1289 1160 haec
1315 1099 1461 1161 militaria.

161 1199 222 1261 hac
241 1198 280 1260 de
304 1216 408 1268 causa,
434 1200 572 1277 quoniam
602 1217 805 1278 quaecumque
833 1188 974 1260 vocabula
1003 1199 1162 1260 masculina
1187 1202 1366 1262 nominativo
1393 1220 1463 1263 casu

162 1302 288 1362 numeri
307 1298 466 1379 singularis
488 1301 513 1361 is
542 1299 646 1360 litteris
667 1300 885 1362 concluduntur
913 1307 941 1360 et
962 1319 998 1361 ex
1019 1318 1071 1362 sua
1093 1303 1192 1379 specie
1217 1301 1358 1363 vocabula
1379 1302 1462 1364 lemi-

165 1404 238 1464 nim
257 1402 358 1463 lacere
380 1409 513 1479 possunt,
536 1401 610 1462 haec
629 1401 731 1462 eadem
749 1399 889 1463 vocabula
905 1402 1043 1462 feminina
1065 1404 1241 1464 nominativo
1257 1421 1326 1465 casu
1349 1405 1463 1465 numeri

164 1503 328 1582 singularis
350 1506 375 1564 is
401 1503 504 1564 litteris
532 1503 710 1564 deliniuntur
738 1511 767 1564 et
793 1504 958 1564 communis
983 1504 1102 1581 generis
1126 1521 1190 1565 esse
1218 1505 1461 1582 pronuntiantem
1476 1528 1502 1571 so

165 1613 197 1668 et
209 1606 282 1668 ideo
302 1605 377 1666 haec
397 1603 532 1664 militaria
550 1604 714 1666 secundum
730 1604 848 1666 Sallusti
870 1605 1137 1683 pronuntiationem
1158 1605 1257 1667 iacere
1276 1604 1460 1684 prohibetur.

251 1707 327 1769 ltem
357 1709 388 1766 in
410 1705 466 1766 hac
492 1723 581 1784 supra
609 1706 686 1768 tlicta
713 1707 807 1768 torma
839 1709 1004 1786 quaeritur,
1034 1725 1092 1785 qua
1115 1707 1152 1768 de
1174 1725 1261 1767 causa
1289 1709 1409 1768 nomina
1431 1709 1461 1768 in

166 1810 264 1871 dativo
292 1806 340 1869 rel
367 1807 492 1869 ablativo
520 1825 589 1869 casu
618 1810 733 1869 numeri
763 1807 884 1888 pluralis
915 1815 982 1869 ante
1009 1807 1141 1868 ultimam
1169 1817 1379 1870 consonantem
1407 1827 1461 1888 per

167 1911 241 1974 duas
264 1912 272 1971 i
299 1908 413 1971 litteras
441 1908 618 1971 scribantur.
663 1910 719 1970 hac
746 1911 783 1971 de
810 1928 911 1981 causa,
943 1911 1315 1989 quoniamquaecumque
1341 1912 1460 1971 nomina

168 2012 294 2074 ablativo
317 2028 387 2073 casu
409 2011 525 2072 numeri
546 2009 704 2089 singularis
725 2030 740 2071 a
761 2011 857 2073 littera
879 2012 1082 2081 terminantur,
1105 2011 1179 2073 haec
1201 2012 1297 2072 dativo
1312 2011 1357 2073 rel
1379 2011 1459 2073 abla·
1474 2036 1499 2076 aa

169 2117 226 2176 tiro
248 2132 321 2176 casu
341 2114 458 2174 numeri
479 2110 601 2190 pluralis
622 2131 690 2173 cum
713 2113 816 2174 eodem
836 2110 961 2174 ablativo
984 2130 1053 2174 casu
1078 2115 1202 2175 numeri
1215 2113 1373 2190 singularis
1395 2115 1461 2193 pari

168 2223 293 2278 numero
315 2212 492 2293 syllabarum
514 2220 630 2293 oportet
651 2215 846 2293 pronuntiari.

251 2316 340 2379 Nunc
358 2316 414 2376 hoc
428 2333 585 2376 monemus
606 2317 636 2377 in
654 2315 711 2376 hac
730 2315 825 2377 torma
847 2319 965 2395 generis
987 2317 1129 2386 seminini,
1155 2334 1212 2396 qua
1231 2317 1358 2378 diximus
1379 2300 1459 2378 abla-

169 2421 224 2480 tiro
245 2436 318 2480 casu
339 2419 455 2479 numeri
476 2416 634 2495 singularis
656 2420 774 2479 nomina
799 2437 815 2479 a
837 2417 935 2480 littera
958 2420 1110 2480 terminari
1137 2425 1167 2480 et
1187 2420 1366 2480 nominativo
1389 2437 1460 2480 casu

167 2523 283 2583 numeri
300 2519 457 2598 singularis
476 2521 504 2580 ia
526 2518 629 2580 litteris
650 2519 778 2588 deliniri,
809 2521 887 2601 quod
911 2540 946 2582 ex
966 2539 1001 2581 ea
1020 2519 1120 2599 plures
1139 2521 1218 2592 soni,
1242 2520 1300 2582 boc
1327 2526 1372 2581 est
1394 2519 1459 2599 pln-
1472 2541 1498 2583 so

168 2624 240 2684 rima
263 2623 397 2691 nomina,
423 2621 536 2700 possint
564 2620 706 2682 exhiheri.
751 2622 788 2682 de
810 2623 904 2683 torma
932 2625 1050 2702 generis
1078 2623 1224 2692 seminini,
1253 2640 1310 2702 qua
1333 2621 1481 2683 ablativo

168 2741 237 2786 casu
266 2724 383 2786 numeri
410 2722 567 2801 singularis
595 2725 713 2783 nomina
735 2742 751 2783 a
774 2723 871 2785 littera
896 2724 1093 2786 terminantur
1123 2731 1152 2784 et
1178 2719 1364 2807 nominaltiro
1389 2740 1459 2784 casu

167 2828 284 2888 numeri
307 2823 465 2905 singularis
484 2826 510 2885 ia
530 2824 635 2886 litteris
659 2825 794 2886 discretis
822 2826 1017 2897 deliniuntur,
1044 2831 1187 2905 quantum
1207 2827 1283 2887 ratio
1308 2824 1459 2907 poscebat,

168 2928 365 2991 necavimus.

248 3030 293 3093 ne
316 3027 440 3090 ablativo
463 3046 534 3090 casn
554 3030 673 3091 numeri
691 3027 865 3108 singularis,
897 3031 1005 3110 quiex
1028 3047 1137 3108 genere
1160 3029 1302 3091 leminino
1326 3048 1342 3090 a
1362 3027 1458 3091 littera
1471 3047 1497 3088 ss

166 3134 351 3202 terminatur,
372 3137 514 3214 quantum
535 3133 610 3191 ratio
631 3130 783 3211 poscebat,
807 3132 1004 3192 tractavimus.

249 3234 423 3311 regenero
446 3233 605 3294 communi.
650 3234 814 3294 communis
842 3234 960 3312 generis
983 3234 1115 3301 nomina,
1142 3250 1218 3313 quae
1239 3230 1363 3293 ablativo
1388 3249 1460 3292 casu
1505 3240 1519 3256 ³

165 3338 283 3400 numeri
305 3334 462 3414 singularis
485 3352 502 3394 a
524 3333 620 3396 littera
640 3335 845 3404 terminantur,
870 3334 943 3394 haec
965 3336 1144 3394 nominativo
1165 3352 1235 3395 casu
1259 3335 1375 3395 numeri
1397 3335 1457 3394 sin·

165 3418 277 3519 gut‘ars
298 3436 414 3499 duabus
434 3436 480 3497 his
501 3435 604 3497 lormis
624 3436 803 3497 definiuntur
825 3443 947 3505 tantum,
972 3454 989 3496 3
1010 3443 1039 3496 et
1058 3438 1095 3496 ia.

249 3539 294 3601 Ile
315 3556 342 3599 a.
387 3555 593 3619 quaecumque
618 3539 736 3599 nomina
762 3539 881 3617 generis
906 3538 1071 3599 communis
1098 3535 1223 3598 ablativo
1244 3554 1314 3599 casu
1343 3539 1497 3600 numeriae

163 3639 324 3722 singularis
351 3659 368 3701 a
393 3639 489 3702 littera
519 3641 716 3701 terminantur
745 3647 775 3700 et
803 3641 980 3702 nominativo
1005 3657 1075 3701 casu
1104 3640 1218 3701 numeri
1243 3637 1399 3719 singularis
1412 3636 1459 3724 113

163 3745 261 3806 littera
284 3743 473 3814 deliniuntur,
496 3749 529 3802 ut
549 3749 619 3821 puta
643 3741 680 3803 ab
698 3742 754 3802 hoc
773 3749 800 3802 et
818 3740 854 3801 ab
871 3741 927 3802 hac
942 3741 1090 3811 choraula,
1111 3743 1160 3804 hic
1175 3741 1291 3803 ethaeo
1308 3741 1458 3813 choraula,

162 3847 240 3907 hoec
266 3843 383 3905 adhoc
411 3842 578 3922 exemplum
604 3842 803 3905 declinantur:
835 3847 952 3906 numeri
980 3844 1135 3924 singularis
1164 3843 1213 3904 hic
1238 3843 1362 3904 ethaeo
1387 3845 1458 3905 cho·

162 3945 257 4017 nola,
281 3947 370 4007 huius
391 3955 419 4007 et
438 3945 526 4006 huius
545 3944 713 4016 choraulae,
736 3945 806 4006 huie
824 3953 854 4007 et
870 3945 940 4007 huic
961 3945 1127 4015 choraulae,
1151 3946 1231 4007 hunc
1245 3953 1275 4007 et
1288 3946 1366 4007 hanc
1387 3946 1458 4006 cho-

162 4046 289 4118 raulam,
313 4066 332 4107 o
355 4055 384 4109 et
404 4066 421 4107 o
444 4047 594 4118 choraula,
617 4046 726 4108 abhoc
749 4054 778 4108 et
792 4047 828 4108 ab
845 4048 901 4109 hac
920 4047 1215 4128 choraularnumeri
1234 4045 1358 4126 pluralis
1377 4047 1408 4109 hi
1429 4055 1497 4110 esso

163 4151 220 4213 bae
243 4148 413 4221 choraulae,
432 4150 540 4211 horum
560 4156 589 4210 et
612 4145 718 4210 harum
739 4147 957 4218 choraularum,
980 4149 1028 4210 his
1050 4156 1079 4210 et
1099 4149 1146 4211 his
1166 4146 1330 4220 choraulis,
1352 4149 1408 4211 hos
1430 4157 1460 4210 et

162 4253 218 4314 has
238 4250 413 4321 choraulas,
443 4256 510 4310 oet
533 4250 742 4320 ochoraulae,
768 4250 805 4311 ab
826 4250 871 4312 his
899 4258 928 4312 et
948 4250 985 4312 ab
1007 4250 1054 4311 his
1076 4249 1232 4313 choraulis.
1278 4253 1322 4312 sic
1346 4259 1376 4312 et
1403 4250 1458 4312 alia

162 4357 283 4434 generis
305 4354 471 4415 communis
492 4354 624 4422 nomina,
654 4371 730 4433 quae
757 4351 884 4414 ablativo
907 4371 976 4414 casu
1004 4355 1122 4414 numeri
1143 4351 1299 4431 singularis
1325 4372 1342 4414 a
1361 4351 1457 4414 littera

162 4457 364 4518 terminantur
394 4461 424 4515 et
445 4455 621 4525 nominativo
645 4473 713 4515 casu
741 4456 857 4515 numeri
880 4453 1035 4534 singularis
1056 4473 1072 4514 a
1095 4452 1191 4516 littera
1220 4455 1400 4516 deliniuntur
1420 4454 1458 4516 ad

163 4555 335 4637 axsurplum
356 4555 514 4618 choraulae
535 4573 589 4634 per
611 4559 714 4617 omnes
737 4575 822 4617 casus
844 4555 1038 4619 declinantur.
1068 4574 1148 4617 nnnc
1169 4556 1227 4617 hoc
1249 4573 1404 4618 monemus
1425 4557 1456 4617 in
1471 4565 1497 4607 ⁴⁰

233 4727 249 4776 2
267 4727 436 4777 tractabimus
452 4743 469 4776 r
484 4726 649 4776 tractauimus
666 4726 716 4777 RB
784 4727 800 4778 5
824 4726 954 4778 sallustius
972 4727 995 4778 n
1013 4726 1135 4778 salustius
1153 4726 1194 4779 B:
1212 4726 1337 4779 0311145
1356 4726 1395 4777 illi
1412 4725 1458 4777 ho-

161 4797 245 4917 :iffi
257 4797 390 4917 Imilitarss
468 4795 486 4847 8
502 4796 688 4848 concluduntur
706 4796 729 4847 11
747 4797 902 4847 deliniuntur
915 4797 941 4846 B
1029 4798 1061 4850 ll
1081 4798 1181 4848 sallusti
1200 4813 1216 4846 r
1233 4797 1325 4847 salusti
1339 4798 1364 4848 B
1379 4796 1457 4846 saltu
