3314 5506
728 401 939 463 PRAEFATIO
1417 419 1478 467 xxt

181 614 252 656 ram
266 612 351 678 quos
369 587 539 676 appellant
553 588 654 652 libros
669 589 881 673 inspicerent,
905 587 962 652 sed
978 600 1152 675 praecepta
1166 590 1317 673 aliorum,
1341 616 1478 679 quorum

181 695 377 758 auctoritate
400 693 434 755 in
458 690 623 756 veteribus
647 690 786 755 citandis
808 691 859 754 nsi
882 699 990 771 eraut,
1021 713 1095 755 cum
1118 693 1354 778 antiquioribus
1377 718 1477 779 prave

179 798 369 874 miscerent,
393 815 459 858 non
481 794 587 856 omnia
608 793 641 856 in
663 792 724 857 hoc
746 814 865 877 genere
887 794 966 856 satis
989 803 1138 857 accurate
1152 796 1334 859 memoriae
1349 797 1478 881 prodita

180 909 266 961 sunt.
304 897 418 983 itaque
440 904 477 960 ut
498 916 624 958 omnem
646 894 745 958 Probi
766 895 968 971 memoriam,
992 917 1075 981 quae
1097 896 1226 982 quidem
1249 896 1290 961 ad
1313 896 1412 962 libros
1436 898 1477 961 de

179 1011 248 1063 arte
271 998 488 1083 grammatica
510 997 661 1082 scriptos,
689 996 722 1059 in
751 995 871 1082 quibus
899 1019 984 1060 nunc
1011 1019 1194 1078 versamur,
1223 1000 1377 1084 pertinet,
1405 1023 1476 1085 per·

179 1122 314 1186 sequar,
344 1099 472 1184 reliqua
498 1119 642 1184 quoque,
674 1118 758 1184 quae
786 1098 847 1163 hoc
869 1100 997 1164 nomine
1020 1100 1184 1185 adscripto
1207 1099 1293 1186 apud
1316 1123 1474 1186 gramma·

178 1205 260 1268 ticos
284 1202 387 1267 citata
408 1200 528 1281 inveni,
552 1199 746 1264 adscribam.
781 1208 813 1263 et
834 1200 987 1286 quoniam
1009 1200 1170 1286 quaedam
1192 1223 1234 1265 ex
1262 1201 1312 1266 his
1334 1204 1475 1268 itanum

179 1304 341 1369 Diomede
364 1304 583 1383 consentiunt,
606 1310 643 1365 ut
663 1302 706 1366 ad
728 1301 865 1367 eundem
888 1301 1021 1383 librum,
1044 1325 1107 1389 quo
1129 1302 1185 1366 ille
1207 1325 1285 1367 usus
1301 1315 1365 1384 est,
1388 1305 1475 1370 vide-

181 1416 277 1471 antur
305 1404 479 1469 referenda
505 1425 594 1484 esse,
627 1403 693 1467 alia
723 1403 946 1468 institutorum
976 1402 1095 1468 librum
1128 1405 1175 1469 ita
1205 1415 1397 1492 sequuntur,
1428 1417 1475 1484 ut,

180 1508 331 1596 quamvis
351 1528 416 1571 non
438 1506 535 1592 plane
557 1527 631 1570 cum
652 1506 693 1569 iis
716 1527 799 1591 quae
821 1506 855 1568 in
874 1505 930 1569 illo
952 1505 1105 1590 leguntur
1127 1508 1343 1588 consentiant,
1367 1519 1475 1573 tamen

182 1634 222 1676 ex
249 1610 302 1674 his
331 1610 400 1695 peti
427 1608 607 1693 potuerint,
641 1616 673 1671 et
700 1606 870 1671 Diomedis
900 1617 932 1671 et
957 1609 1061 1694 ipsius
1089 1606 1187 1672 Probi
1218 1607 1320 1689 locos,
1354 1610 1409 1696 qui
1441 1611 1475 1674 in

182 1713 294 1778 eodem
316 1718 510 1796 argumento
531 1718 719 1787 versantur,
743 1708 907 1789 indicabo,
931 1731 994 1795 quo
1015 1708 1145 1773 facilius
1166 1708 1388 1795 intellegatur,
1412 1734 1475 1798 quo

183 1836 330 1901 quaeque
351 1814 547 1899 pertineant.
586 1809 678 1876 Serv.
701 1813 734 1875 in
757 1810 843 1874 Don·
869 1818 943 1890 434,
969 1819 988 1882 8
1011 1817 1092 1891 quod
1114 1817 1189 1875 dicit
1211 1817 1249 1875 ab
1271 1817 1318 1876 bis
1339 1819 1478 1879 mulabus

182 1923 299 1993 filiabus
326 1919 440 1979 deabus
467 1935 522 1978 nas
549 1920 651 1978 dicere
677 1919 800 1990 debere,
832 1919 985 1977 scientum
1013 1927 1057 1977 est
1077 1925 1208 1993 propter
1235 1926 1476 1980 testamentorum

185 2026 404 2082 mressitatem:
432 2038 503 2080 nam
529 2022 606 2080 baec
629 2036 735 2095 pauca
757 2022 832 2079 aicit
854 2019 970 2079 Probus
991 2026 1100 2080 cantra
1122 2027 1218 2080 artem
1240 2038 1304 2080 esse
1324 2030 1474 2098 suscepta,

186 2121 376 2206 Pompeiup.
393 2118 455 2186 176
475 2124 531 2182 sed
550 2125 629 2182 seire
650 2123 738 2181 debes
759 2124 901 2195 quoniam
925 2123 1040 2181 Probus
1061 2125 1147 2182 istam
1169 2125 1306 2197 requiam
1327 2125 1478 2199 expressit

188 2234 213 2285 et
232 2230 326 2299 dixit,
350 2229 380 2285 si
399 2226 530 2285 valueris
551 2226 638 2298 sequi
659 2231 690 2283 ut
713 2225 829 2296 amnia,
855 2225 906 2283 ubi
925 2240 1040 2298 penera
1063 2227 1264 2284 atscernenaa
1277 2233 1361 2299 sunt,
1387 2226 1478 2285 aliter

189 2328 388 2403 auferantur
415 2329 447 2386 in
476 2327 608 2385 ablativa
641 2327 688 2385 ael
719 2328 749 2384 iu
776 2327 894 2400 dativo,
930 2329 1107 2400 incipiemus
1139 2328 1240 2387 eiicere
1268 2327 1473 2399 Romanabus,

190 2449 216 2511 p·
237 2434 299 2495 210
328 2432 374 2489 ait
399 2430 445 2489 sic
468 2429 604 2500 Probus,
635 2428 718 2501 quoa
744 2445 846 2488 amum
873 2434 932 2501 est,
964 2429 1102 2488 debemus
1122 2446 1184 2505 per
1212 2431 1311 2488 amnia
1338 2431 1476 2502 requiam

192 2535 281 2608 nque
303 2533 361 2591 sed
381 2533 410 2590 si
428 2532 552 2605 quanda
570 2528 670 2601 suerit
690 2533 852 2590 necessitas
874 2533 1045 2590 testamenti
1064 2532 1230 2603 scribendi,
1255 2537 1327 2591 tunc
1341 2533 1399 2590 ista
1413 2547 1476 2590 ser-

193 2638 284 2694 uanda
311 2641 396 2705 sunt,
428 2633 519 2691 aliter
547 2648 624 2705 non,
655 2650 687 2713 p.
711 2635 770 2696 211
801 2640 830 2691 et
857 2635 889 2692 iu
917 2638 1035 2692 tantum
1057 2633 1114 2693 boc
1136 2635 1260 2708 putauit
1282 2634 1413 2706 Probus,
1445 2642 1477 2693 ut

194 2741 270 2796 aiam
294 2737 412 2796 dicerit
434 2736 491 2793 ista
514 2734 605 2793 uerba
620 2736 748 2808 mutari,
774 2742 848 2794 nata
867 2734 1013 2808 natabus,
1035 2737 1101 2807 titia
1119 2736 1254 2808 filiabus,
1279 2737 1336 2794 deu
1352 2736 1474 2807 deabus,

194 2842 263 2898 nuta
284 2839 439 2905 muiabus;
463 2838 594 2911 quinque
607 2895 608 2899 ,
610 2838 714 2911 posuit
728 2843 843 2896 tantum
858 2838 964 2895 maiia:
987 2832 1084 2896 Prob.
1100 2833 1203 2897 instit.
1220 2839 1277 2913 82,
1301 2841 1351 2901 16.
1383 2832 1475 2897 Serv.

196 2937 220 2999 in
240 2937 324 3001 Don.
342 2943 421 3015 436,
445 2942 484 3004 28
506 2944 612 2996 neuter
634 2945 701 2997 uter
722 2941 802 2999 atius
822 2944 852 2997 et
874 2940 993 3012 reliqua
1015 2945 1134 2998 canstat
1155 2955 1218 2998 esse
1239 2941 1377 3011 nomina,
1403 2956 1474 3014 qua·

197 3032 263 3101 niam
286 3042 406 3101 Probus
427 3042 535 3113 aiqinti
554 3047 583 3099 et
605 3056 696 3100 unum
726 3042 800 3100 dicit
826 3057 889 3100 esse
904 3043 1106 3115 pronomina,
1137 3043 1168 3100 in
1198 3043 1304 3116 quibus
1331 3044 1388 3101 ista
1417 3058 1476 3100 nan

198 3151 403 3221 conputantur,
434 3136 567 3201 Cledon.
590 3160 623 3223 p.
649 3146 730 3208 1906
753 3143 868 3202 Probus
895 3149 1040 3217 quattuor
1068 3146 1182 3217 speeies
1207 3142 1285 3215 fecit
1310 3149 1426 3202 tautum
1448 3149 1478 3201 et

199 3248 257 3320 ipsis
276 3249 379 3306 omnia
396 3246 580 3320 pronomina
606 3247 740 3319 inposuit
767 3246 876 3319 uiqiuti
895 3252 924 3304 et
945 3261 1052 3317 unum,
1084 3240 1197 3327 Pomp.
1221 3264 1253 3326 p.
1274 3248 1336 3309 260
1360 3246 1478 3304 Probus

199 3350 367 3408 enumeravit
388 3349 489 3407 omnia
506 3350 706 3421 pronomina,
732 3349 917 3408 attissimus
939 3351 999 3407 ium
1020 3349 1161 3421 quoniam
1183 3349 1282 3406 amnia
1295 3349 1477 3421 pronomina

201 3453 289 3524 iqinti
308 3457 337 3510 et
359 3466 449 3509 anum
472 3456 552 3509 sunt.
590 3452 621 3508 in
644 3451 709 3508 istis
725 3451 971 3524 pronominibus,
997 3466 1075 3524 quae
1095 3451 1217 3524 cotteqit
1232 3450 1350 3508 Probus
1371 3451 1480 3522 aiqinti

201 3559 338 3623 aunum,
373 3554 432 3610 ista
463 3552 630 3627 dequibus
659 3552 805 3611 dubitatio
834 3558 892 3625 est,
925 3569 985 3611 nan
1013 3553 1225 3611 inueniuntur:
1253 3546 1350 3610 Prob.
1373 3546 1475 3610 instit.

204 3658 262 3730 131,
283 3658 322 3719 25
345 3672 416 3735 sqq.
460 3648 573 3735 Pomp.
597 3671 628 3734 p.
652 3657 692 3719 95
714 3653 772 3712 bac
792 3655 889 3713 sciens
912 3654 1029 3716 Probus
1050 3653 1194 3711 abstinuit
1214 3670 1262 3726 se,
1294 3655 1374 3711 inter
1396 3655 1477 3711 acei-

203 3756 286 3816 tentia
312 3772 432 3829 semper
458 3771 516 3814 nau
550 3757 630 3815 dixit
661 3757 746 3815 alna·
764 3756 847 3829 quoa
872 3772 930 3814 nan
959 3772 1120 3829 numquam
1147 3757 1276 3840 accidit3
1313 3770 1388 3826 non,
1423 3756 1478 3813 sect

204 3857 277 3931 tinit,
305 3859 421 3919 nomini
441 3859 585 3917 accidunt
607 3858 739 3931 qualitas
759 3874 857 3942 penus
877 3874 1019 3917 numerus
1037 3860 1160 3932 lipara,
1190 3863 1219 3916 et
1240 3873 1299 3916 nou
1328 3857 1384 3916 dat
1405 3873 1476 3916 con·

204 3965 372 4031 parationem
396 3961 529 4018 nomini:
549 3954 646 4019 Prob.
663 3956 765 4019 instit.
790 3962 847 4036 56,
864 3962 900 4024 31
927 3964 959 4019 et
974 3966 1030 4036 51,
1054 3962 1105 4022 22.
1135 3954 1248 4041 Pomp.
1265 3977 1296 4038 p.
1316 3963 1375 4023 155
1397 3975 1476 4019 eam·

205 4075 272 4122 ame
291 4071 350 4136 est,
384 4068 416 4121 ut
443 4062 518 4120 dicit
539 4062 671 4135 Probus,
703 4068 819 4121 tantum
847 4063 886 4120 tte
913 4062 1027 4121 duobus
1053 4062 1230 4135 peceribus,
1261 4066 1294 4120 ut
1315 4062 1478 4119 invenimus

206 4162 433 4236 buuctoritate,
458 4181 498 4223 ex
520 4164 625 4223 tribus.
668 4165 783 4223 Probus
805 4164 878 4222 dicit
900 4145 1007 4222 debere
1028 4165 1093 4223 ttici
1112 4165 1150 4221 de
1172 4163 1286 4222 duabus
1305 4163 1474 4235 qeneribus,

207 4267 286 4326 ubic
312 4267 441 4326 ethaeo
470 4262 603 4326 aduena:
635 4261 732 4325 Prob.
755 4261 857 4324 instit.
882 4267 938 4340 52,
969 4270 1018 4329 10.
1064 4260 1156 4345 Serg.
1180 4259 1311 4346 explan.
1334 4258 1476 4324 in'Don.

209 4367 318 4442 49511
345 4368 463 4428 Probus
483 4371 561 4427 enim
585 4370 658 4427 dicit
680 4368 880 4449 inpossibilem
908 4384 990 4434 rem;
1020 4368 1116 4426 muita
1137 4373 1222 4439 sunt,
1253 4369 1311 4440 ait,
1344 4368 1388 4424 ita
1410 4383 1476 4425 car-

209 4476 278 4541 uua
302 4478 336 4531 ut
363 4488 401 4529 ne
427 4472 527 4530 soluta
555 4472 673 4545 quidem
696 4471 816 4545 possint
849 4486 911 4528 esse
943 4471 1079 4543 inteqra,
1115 4464 1228 4549 Pomp.
1260 4487 1292 4551 p.
1323 4470 1383 4532 165
1414 4469 1478 4526 alia

210 4564 292 4630 Probi:
320 4575 372 4631 itte
392 4575 438 4631 att
458 4573 515 4632 bac
537 4573 664 4648 dictum,
695 4574 838 4647 quoniam
863 4574 967 4645 fiqura
990 4578 1043 4630 aut
1065 4572 1153 4630 rebus
1173 4578 1293 4630 constat
1313 4571 1405 4630 certis
1426 4577 1479 4628 aut

211 4669 276 4732 rrius
300 4677 440 4735 incertis:
467 4677 513 4733 ait
533 4677 577 4734 sic
601 4675 731 4747 Probus,
757 4676 908 4748 pleraque
936 4689 1015 4747 quae
1042 4679 1113 4732 sunt
1134 4676 1165 4733 iu
1185 4676 1290 4747 sipara
1324 4681 1480 4747 apparent

211 4782 255 4829 ase
276 4777 409 4851 inteqra,
435 4778 585 4852 pleraque
610 4782 775 4851 corrupta,
801 4778 953 4851 pleraque
973 4776 1038 4834 sine
1058 4792 1162 4849 sensu,
1193 4794 1226 4856 p.
1250 4776 1311 4840 187
1333 4774 1425 4833 babes
1447 4777 1478 4832 in

212 4880 260 4930 arte
273 4877 375 4954 Probi,
399 4881 432 4938 ta
454 4886 498 4938 est
519 4879 661 4940 institutis
682 4880 792 4955 ipsius,
815 4879 873 4938 bac
893 4885 1076 4938 tractatum:
1098 4880 1141 4937 ait
1154 4880 1214 4950 sie,
1239 4878 1362 4936 nomina
1378 4879 1479 4936 amnia
