3314 5506
628 407 742 469 COMM.
764 406 802 468 ΙΝ
826 407 1002 470 nonanta}
1397 415 1456 476 441

1238 517 1407 568 amma

176 598 207 656 in
230 614 283 658 usu
306 597 378 665 crit,
409 613 514 656 exosus
536 612 668 673 perosus.
713 594 750 655 ab
772 612 807 655 eo
835 594 912 675 quod
935 603 980 655 est
1001 597 1120 656 memini
1143 598 1213 657 artis
1235 595 1346 658 nullum
1368 599 1459 678 parti·

177 700 285 777 cipium
309 698 471 778 reperitur:
494 698 519 757 si
542 696 577 758 ad
601 715 700 767 usum,
724 715 825 757 rerum
842 705 901 765 ast;
924 697 948 758 si
964 696 998 757 ad
1015 700 1230 769 auctoritatem,
1254 697 1367 760 laisum.
1391 718 1458 760 nam

175 800 340 861 invenimus
367 801 397 860 in
420 798 522 860 Plauto
551 801 761 859 meminens.
804 799 952 860 tunicatus
980 798 1111 878 galeatus
1132 800 1203 860 dicit
1225 803 1377 881 participia
1400 820 1459 863 non

176 920 255 970 esse,
279 902 331 962 sed
355 902 488 970 nomina,
513 900 648 981 eoquod
671 919 686 961 a
710 900 807 961 verbis
829 919 888 961 non
911 900 1075 962 trabuntur.
1110 901 1160 962 sed
1183 904 1207 962 ai
1230 900 1386 982 diligenter
1408 904 1459 964 ad·

178 1003 298 1075 tendas,
321 1002 477 1064 advertens
500 1021 515 1063 a
539 1002 685 1065 similibus
706 1004 859 1082 participia
875 1002 1080 1082 conprobabis.
1111 1023 1178 1066 nam
1201 1003 1270 1065 licet
1292 1023 1350 1066 non
1374 1005 1485 1067 laciats

176 1107 276 1168 tunica
298 1105 400 1185 galam
424 1114 538 1175 tamen,
562 1107 700 1184 quoniam
723 1113 838 1183 tempus
859 1103 981 1176 babent,
1010 1107 1074 1166 sine
1097 1105 1185 1167 dnbio
1208 1108 1360 1186 participia
1382 1117 1460 1168 suut.

175 1209 286 1269 etenim
316 1213 464 1268 ‘armatus
496 1206 621 1267 incedit'
651 1215 680 1268 ει
708 1208 845 1267 ‘restitus
867 1207 997 1267 incedit'
1026 1226 1091 1269 cum
1107 1204 1120 1291 ΙΙ
1137 1208 1217 1278 dico,
1240 1209 1296 1270 bac
1318 1210 1459 1289 significo,

176 1312 252 1371 ‘iam
287 1318 431 1379 armatus,
461 1311 518 1371 iam
542 1311 662 1370 restitus
689 1317 733 1370 est
743 1315 762 1369 '.
806 1310 849 1370 sic
878 1310 963 1368 etiarn
992 1309 1115 1393 dicimus
1138 1312 1303 1372 ‘tunicatus
1324 1312 1433 1372 incedit
1442 1317 1460 1382 ’,

175 1411 325 1492 ‘galeatus
345 1412 455 1472 incedit
464 1421 482 1483 ’,
514 1411 544 1472 id
567 1419 611 1472 est
633 1409 691 1492 [et]
717 1411 791 1471 ‘iarn
814 1412 942 1472 tunicam
966 1409 1080 1482 babat’,
1110 1413 1185 1473 ‘iarn
1209 1412 1321 1491 galeam
1344 1412 1459 1475 babet’.

175 1532 250 1595 quae
284 1531 333 1575 res
369 1521 484 1594 tempus
516 1513 662 1582 ostendit;
692 1522 722 1573 ει
749 1515 774 1572 si
802 1521 917 1592 tempus
944 1522 1002 1582 est,
1031 1515 1215 1593 participium
1239 1523 1291 1575 est.
1337 1492 1499 1596 pran'susro

176 1625 298 1678 cenatus
320 1616 483 1694 etreliqua
506 1622 619 1676 constat
642 1633 705 1676 esse
728 1615 895 1694 participia,
919 1613 1024 1675 licata
1048 1614 1136 1676 verbo
1159 1635 1217 1676 non
1240 1619 1366 1678 veniant.
1391 1636 1459 1678 con·

176 1737 291 1781 cessum
314 1726 359 1779 est
381 1719 458 1779 enim
482 1717 671 1796 regulariter,
694 1725 727 1777 ut
748 1736 763 1778 a
788 1716 969 1778 neutralibus
983 1716 1080 1778 verbis
1102 1716 1189 1779 liceat
1210 1718 1296 1779 nobis
1318 1737 1461 1799 usurpare

176 1822 332 1902 praeterita
357 1821 519 1900 participia.
550 1819 601 1880 sed
623 1821 763 1899 quoniam
785 1821 815 1878 in
838 1818 883 1878 bis
905 1837 953 1880 ars
975 1818 1087 1889 delicit,
1112 1819 1253 1882 debemus
1269 1820 1312 1882 vel
1335 1823 1460 1882 auctori-

176 1930 234 1984 tate
257 1923 376 1984 firmare
399 1941 495 2002 neque
517 1920 553 1982 ad
575 1922 697 1983 istorum
720 1920 940 1983 similitudinem
964 1920 1019 1983 alia
1041 1922 1169 2001 lingere,
1193 1922 1244 1984 sed
1267 1921 1325 1985 illis
1347 1931 1458 1984 tantum

176 2029 231 2097 uti,
256 2042 333 2106 quae
355 2024 428 2085 lecta
452 2032 528 2086 suut.
1474 2043 1498 2082 m

260 2127 384 2189 Nomina
407 2126 511 2187 similia
534 2127 695 2205 participiis
724 2126 874 2206 praeteriti
896 2126 1038 2204 temporis
1059 2135 1180 2206 quartae
1202 2134 1270 2188 sunt
1291 2124 1461 2188 declinatio-

175 2233 235 2300 nis,
259 2231 323 2309 ipsa
346 2236 443 2290 autem
471 2229 622 2307 participia
644 2227 805 2297 secundae,
839 2235 871 2288 ut
897 2226 945 2287 hic
967 2229 1044 2288 risus
1066 2229 1152 2289 buius
1180 2229 1256 2289 risus
1279 2247 1385 2290 nomen
1408 2237 1461 2303 est,
1514 2222 1517 2226 ’

173 2333 222 2394 hic
245 2333 324 2393 risus
345 2331 432 2390 huius
455 2331 507 2390 m'si
529 2331 715 2409 participium
739 2338 792 2389 est.
836 2327 1012 2390 furibundos
1034 2338 1063 2390 ει
1086 2329 1278 2391 moribundus
1299 2336 1462 2407 quaesitam

170 2416 310 2515 estquid
334 2441 444 2499 essent:
476 2440 505 2492 ει
528 2434 646 2493 nomina
669 2450 733 2492 esse
755 2431 943 2493 manilestum
966 2439 1024 2502 est,
1058 2431 1135 2512 quod
1158 2431 1306 2494 subtracta
1329 2433 1383 2495 dus
1404 2434 1461 2514 syl-

170 2535 242 2598 laba
264 2542 294 2595 et
316 2533 412 2595 addita
433 2551 448 2594 s
473 2532 569 2594 littera
592 2552 651 2594 non
674 2533 799 2594 redeunt
819 2535 849 2594 in
866 2535 1018 2615 participia
1035 2536 1197 2612 praesentis
1218 2537 1367 2614 temporis,
1384 2537 1500 2616 quadan

168 2637 352 2718 regulariter
374 2636 483 2696 dictum
506 2644 550 2695 est
572 2654 644 2696 nova
668 2637 790 2697 ratione.
835 2637 1002 2715 participia,
1024 2654 1099 2716 quae
1121 2643 1235 2697 constat
1257 2656 1322 2699 esse
1344 2641 1462 2717 particl-

169 2744 239 2821 pia,
273 2757 328 2800 nec
356 2739 509 2818 positivum
537 2736 659 2817 gradum
683 2746 805 2818 possunt
832 2739 981 2817 racipere,
1009 2741 1148 2819 quoniam
1176 2741 1329 2819 participia
1352 2738 1460 2801 nnllam

170 2843 324 2921 recipiunt
350 2843 598 2920 conparationem.
643 2848 741 2902 tamen
770 2843 989 2921 conparativum
1018 2841 1140 2919 gradum
1170 2840 1343 2920 plerumque
1370 2843 1461 2903 susci·

169 2947 274 3026 piunt,
309 2944 456 3023 acceptior
492 2950 522 3002 et
549 2944 715 3013 incensior,
745 2960 820 3022 quae
847 2962 896 3005 res
923 2940 984 3003 sola
1011 2960 1115 3004 sensus
1146 2945 1258 3004 rationo
1288 2946 1462 3004 secernitur.

169 3045 346 3109 adverbium
376 3045 412 3105 de
434 3045 596 3124 participiis
620 3046 700 3105 nasci
723 3045 852 3106 Donatus
874 3044 998 3114 adserit,
1021 3043 1140 3123 plurimi
1163 3052 1278 3123 negant.
1316 3045 1367 3105 sed
1390 3064 1459 3106 con·
1474 3063 1499 3103 as

170 3157 232 3211 stat
247 3147 325 3228 apud
350 3149 476 3208 maiores
498 3147 615 3226 quidem
640 3145 730 3217 lacta,
754 3148 784 3207 in
808 3164 861 3208 usu
876 3153 975 3207 tamen
991 3165 1055 3208 esse
1071 3159 1130 3207 non
1145 3153 1281 3224 possunt,
1305 3153 1337 3207 ut
1352 3146 1460 3208 dictum

171 3252 273 3313 estin
297 3249 443 3310 adverbio.

641 3368 690 3430 DE
712 3366 997 3431 contruncarunt.

259 3506 293 3566 ln
322 3506 528 3566 coniunctione
558 3503 630 3565 nibil
660 3506 775 3582 penitus
798 3505 863 3563 novi
888 3505 996 3582 posuit,
1020 3502 1132 3564 sedita
1156 3504 1204 3564 bic
1226 3504 1301 3564 sicut
1323 3506 1352 3564 in
1375 3523 1461 3585 supe·
1555 3525 1566 3569 t

172 3612 254 3672 riore
278 3615 361 3688 parte
384 3609 524 3668 tractarit.
569 3606 640 3667 illud
668 3605 754 3685 plane
780 3606 904 3675 adiecit,
934 3604 1010 3685 quod
1037 3604 1106 3666 licat
1132 3605 1218 3666 nobis
1241 3607 1462 3666 coniunctiones
1475 3622 1501 3659 m

173 3731 230 3792 pro
253 3709 318 3770 aliis
340 3708 594 3770 continuationibus
617 3726 743 3787 pronere;
765 3706 844 3788 quod
861 3725 919 3768 non
935 3709 1042 3768 mirum
1059 3716 1116 3777 est,
1141 3727 1207 3768 cum
1230 3706 1318 3767 liceat
1341 3716 1370 3769 ει
1391 3707 1463 3769 alias

173 3821 276 3894 partes
304 3813 445 3872 orationis
472 3829 526 3890 pro
555 3809 618 3871 aliis
647 3827 771 3894 ponere,
807 3816 839 3870 ut
865 3826 973 3869 noman
1002 3827 1057 3889 pro
1085 3807 1189 3880 uerbo,
1216 3828 1381 3890 pronomen
1408 3829 1463 3890 pro

172 3912 330 3984 adverbio,
354 3920 384 3974 et
406 3911 496 3974 multa
518 3911 588 3982 alia,
613 3920 710 3972 tamen
733 3912 945 3990 significatione
968 3919 1086 3973 mutata.

627 4081 675 4142 DE
697 4080 1003 4143 rnaurustutonu.

264 4220 442 4300 l'raepositio
475 4226 519 4279 cst
551 4237 619 4298 pars
646 4219 786 4278 orationis
815 4217 900 4285 dicta,
931 4217 1009 4297 quod
1038 4219 1068 4277 in
1092 4217 1239 4296 loquendo
1262 4221 1462 4298 praeponitur.
1476 4233 1501 4274 aa

172 4335 201 4387 at
234 4323 307 4384 baec
336 4330 380 4381 est
408 4322 470 4382 eius
499 4329 618 4391 natura,
647 4327 716 4399 puta
740 4325 826 4381 ‘ante
848 4318 1022 4398 templum':
1052 4337 1138 4379 nemo
1161 4321 1239 4380 anim
1262 4317 1349 4402 dilicit
1372 4326 1462 4381 ‘tem-

246 4476 263 4526 3
278 4475 417 4524 meminens
431 4474 502 4538 apud
517 4475 635 4523 Lueriam
649 4474 707 4539 legi,
726 4487 771 4523 osa
789 4487 843 4522 sum
861 4481 885 4525 et
903 4487 1001 4523 osorem
1021 4473 1093 4538 apud
1106 4475 1223 4524 Plantam
1240 4473 1300 4525 dicit
1316 4474 1464 4524 Prireiaam

167 4567 199 4615 ρ.
210 4546 274 4599 922.
288 4547 351 4596 auec
368 4547 527 4610 neplegenter
543 4559 560 4593 a
578 4545 665 4596 Seruio
684 4543 811 4607 descripta
823 4559 880 4594 ease
891 4546 1049 4593 coniecerant
1061 4541 1177 4594 Oroanna
1194 4545 1264 4592 anal.
1282 4546 1339 4596 crit.
1350 4558 1378 4607 p.
1392 4542 1425 4593 53
1441 4552 1465 4592 et

176 4615 341 4671 Weietterna
354 4623 422 4679 poet.
438 4615 498 4665 Lat.
510 4616 558 4663 rel.
570 4628 597 4677 p,
607 4615 649 4663 44.
667 4629 812 4679 quamnquam
830 4614 934 4664 Seroiata
946 4628 995 4663 non
1010 4615 1167 4663 maenum
1184 4614 1330 4677 exscripsit,
1345 4613 1393 4662 aad
1403 4628 1463 4662 eua-

170 4691 229 4741 dem
244 4693 349 4751 uterque
366 4692 492 4735 auctorem
509 4693 610 4735 occutus
623 4699 680 4733 erae
691 4685 820 4748 putandus
837 4691 876 4732 eat
974 4685 1125 4733 dattendaa
1149 4684 1314 4739 aduertenss
1340 4681 1463 4731 adtendas

169 4761 313 4812 aduertens
329 4757 354 4804 P
424 4755 453 4804 ll
471 4763 587 4804 constant
604 4769 652 4803 non
669 4769 725 4803 esse
744 4754 878 4818 participia
891 4753 913 4802 ei
927 4767 941 4800 a
957 4754 1033 4804 uerbo
1051 4768 1101 4804 non
1121 4754 1255 4809 ueniuntg
1324 4753 1428 4801 ueniunt
1440 4754 1466 4803 P

246 4825 280 4876 1⁸
295 4825 436 4886 quaesitum
451 4837 489 4875 eat
506 4840 552 4874 aaa.
567 4825 593 4872 P
674 4823 709 4875 20
723 4823 810 4874 addita
827 4824 919 4873 littera.
939 4840 963 4875 rr.
984 4823 1089 4875 redeunt
1104 4826 1143 4875 P:
1160 4825 1194 4886 cs.
1213 4823 1345 4885 Pompeiae
1371 4838 1398 4886 p.
1412 4820 1461 4874 act

244 4898 279 4946 24
296 4896 422 4959 acceptior
439 4903 464 4945 et
481 4895 605 4944 incautior
616 4892 641 4942 P
657 4895 784 4960 acceptior
802 4902 825 4943 et
843 4894 970 4960 ingentior
988 4907 1005 4951 ς
