3314 5506
607 384 804 448 tusttrvra
826 382 968 448 attrivit
991 385 1112 447 52-6·t
1464 390 1505 449 55
1541 456 1546 463 ,

261 514 282 555 μ
297 499 424 543 rursu
1296 502 1412 556 passas
1428 503 1454 544 v.

214 581 239 634 et
258 573 346 633 tertia
369 579 457 651 parte
476 573 604 633 nominis
626 572 769 633 orationis
791 589 860 650 pars
880 574 1037 650 reperitur,
1060 581 1090 633 at
1109 591 1178 634 sero
1199 574 1229 632 iu
1248 574 1377 635 secunda
1400 581 1430 635 et
1451 591 1504 635 no·

214 675 327 735 ιἰιςίιιιει
348 680 525 751 corruptum
544 691 609 734 esse
630 675 786 742 invenitur,
810 680 842 733 ut
856 667 931 751 'puta
950 676 1138 752 inportunus
1171 676 1201 733 in
1224 676 1303 735 enim
1323 677 1504 754 praepositio

213 778 365 856 utriusque
381 793 467 836 casus
489 776 647 853 reperitur,
671 792 727 853 por
748 792 818 835 vero
836 783 1009 853 corruptum
1032 779 1188 846 inuenitur,
1210 782 1242 837 lu
1257 793 1423 854 pronomen
1439 795 1504 837 esse

213 879 418 955 cognoscitur,
441 893 497 938 nus
517 883 616 936 autem
638 885 812 955 corruptum
835 894 899 937 esse
922 875 1075 955 probatur.
1120 878 1163 937 sic
1185 886 1215 938 et
1237 875 1291 937 alia
1314 879 1450 945 nourina,
1472 878 1503 937 iu

212 996 339 1056 quornm
360 978 457 1056 prima
480 985 510 1037 et
531 978 617 1037 tertia
639 984 724 1056 parte
745 995 815 1055 pars
834 979 977 1038 orationis
998 979 1157 1055 reperitur,
1180 986 1210 1038 at
1232 996 1301 1039 rero
1323 979 1353 1037 iu
1373 977 1503 1039 secunda
1529 1005 1542 1044 s

213 1087 239 1139 et
260 1079 422 1140 norissima
444 1086 618 1157 corruptum
640 1098 706 1138 esse
729 1079 892 1146 iuvenitur,
920 1097 956 1139 ex
974 1079 1090 1156 integro
1116 1086 1146 1139 et
1165 1086 1306 1157 corrupto
1337 1086 1366 1140 et
1387 1081 1503 1156 integro

213 1189 239 1240 et
258 1187 405 1258 corrupto
428 1180 465 1240 ad
482 1181 607 1257 liguram
629 1181 823 1256 compositam
846 1182 998 1257 pertinere
1020 1179 1195 1258 probantur.

294 1281 340 1342 Ex
360 1289 504 1360 corrupto
533 1288 563 1341 et
583 1282 700 1359 integro
730 1288 759 1341 et
780 1291 921 1360 corrupto
950 1289 980 1342 et
1002 1283 1127 1358 integro
1172 1281 1265 1358 ligura
1294 1250 1446 1342 nominum
1468 1300 1504 1342 ex

211 1389 352 1460 corrupto
374 1390 405 1442 et
426 1384 543 1459 integro
574 1389 604 1442 et
626 1389 768 1460 corrupto
791 1389 819 1442 et
840 1384 956 1460 integro
981 1385 1185 1460 componitur
1216 1382 1365 1463 quando
1358 1400 1388 1442 m
1409 1384 1504 1460 prima

211 1491 237 1544 et
255 1485 346 1546 tertia
369 1491 453 1562 parte
473 1484 602 1544 nominis
622 1492 796 1563 corruptum
816 1485 978 1554 invenitur,
1007 1492 1037 1545 at
1059 1502 1128 1545 vero
1151 1486 1181 1544 in
1204 1483 1335 1545 secunda
1355 1493 1384 1544 et
1406 1486 1504 1545 novis·
1519 1510 1543 1549 ro

210 1588 281 1646 airam
301 1603 374 1664 pars
394 1585 537 1645 orationis
559 1603 624 1646 esse
645 1586 804 1663 reperitur,
827 1592 947 1663 utputa
968 1584 1136 1646 catuliuam.
1174 1603 1208 1646 ca
1228 1587 1306 1646 euim
1329 1593 1504 1665 corruptum

209 1688 367 1755 invenitur,
387 1692 419 1746 tu
441 1702 606 1763 pronomen
622 1704 687 1747 esse
708 1679 863 1765 probatur,
886 1684 907 1746 li
922 1705 991 1747 vero
1009 1694 1183 1765 corruptum
1201 1705 1267 1748 esse
1288 1686 1503 1756 consideratur,

210 1806 275 1849 nam
296 1795 399 1854 aulem
427 1788 597 1848 coniunctio
622 1805 688 1848 esse
708 1785 922 1849 manifestatur.
967 1789 1010 1848 sic
1034 1796 1064 1849 et
1088 1787 1144 1848 alia
1165 1789 1300 1858 nomina,
1322 1790 1353 1849 in
1376 1805 1504 1867 quorum

211 1891 303 1967 prima
325 1897 358 1950 et
379 1888 467 1948 tertia
494 1896 579 1966 parte
603 1896 778 1968 corruptum
805 1891 969 1959 invenitur,
997 1898 1027 1950 at
1048 1908 1120 1950 cero
1147 1891 1177 1949 in
1199 1890 1329 1951 secunda
1352 1897 1381 1951 cl
1402 1888 1504 1951 ultima

210 2009 277 2070 pars
299 1990 445 2052 orationis
466 2008 532 2051 esse
551 1989 708 2058 iuvenitur,
729 2008 765 2052 ex
782 1999 924 2069 corrupto
945 1999 975 2053 et
994 1992 1112 2070 integro
1135 1999 1164 2052 et
1178 1999 1320 2077 corrupto
1343 2000 1373 2053 et
1387 1994 1502 2069 integro
1518 2015 1541 2055 rs

209 2093 242 2153 ad
264 2094 394 2171 liguram
417 2092 609 2169 compositam
631 2092 783 2169 pertinere
801 2100 1013 2154 monstrantur.

289 2193 336 2254 Ex
365 2193 491 2268 integris
520 2199 551 2252 et
576 2202 729 2271 corrupto.
773 2193 868 2269 ligura
896 2196 1050 2255 nominum
1083 2213 1119 2255 cx
1148 2195 1272 2271 integris
1305 2202 1334 2255 et
1361 2203 1503 2273 corrupto

209 2295 413 2375 componitur,
445 2293 598 2373 quando
590 2311 621 2355 m
649 2295 744 2373 prima
772 2303 856 2373 parte
880 2297 1010 2356 nominis
1037 2296 1113 2357 duae
1140 2294 1185 2356 vel
1213 2314 1248 2357 eo
1278 2295 1379 2374 plures
1404 2303 1505 2374 partes

203 2397 351 2489 orationis
370 2396 563 2474 reperiuntur
593 2396 768 2456 constitutae
792 2404 821 2456 et
842 2397 872 2456 in
894 2399 1029 2475 sequenti
1055 2405 1229 2476 corruptum
1255 2399 1404 2458 iuvenitur
1431 2415 1503 2457 con·

175 2473 321 2566 saluere,
344 2504 383 2557 ut
397 2507 484 2574 pua
482 2497 594 2557 viator.
641 2496 667 2556 ri
686 2498 765 2557 enim
789 2515 896 2558 nomeu
919 2517 983 2559 esse
1008 2487 1179 2575 reperitur,
1191 2516 1297 2560 avaro
1322 2500 1502 2578 praepositio
1516 2522 1542 2562 ιι

207 2597 326 2660 ablativi
347 2546 481 2658 castrus
472 2615 520 2658 sse
542 2596 702 2676 probatur,
731 2605 779 2659 lor
800 2607 899 2662 autern
919 2608 1093 2680 corruptum
1115 2619 1180 2661 esse
1205 2603 1422 2679 pronuntiatur.
1468 2620 1503 2661 eo

207 2699 316 2778 piures,
339 2706 373 2760 ut
391 2706 462 2776 puta
482 2697 646 2760 iusisibilis.
690 2701 720 2759 io
744 2702 823 2761 euim
846 2703 1024 2780 praepositio
1048 2703 1202 2780 utriusque
1224 2720 1309 2763 casus
1331 2721 1409 2764 csse
1418 2718 1504 2779 repe·

207 2803 291 2872 ritur,
315 2803 344 2862 ri
364 2817 436 2862 sero
451 2817 559 2861 nomen
581 2801 738 2871 invenitur,
760 2804 785 2862 si
800 2804 967 2863 coniunctio
984 2804 1197 2873 manifestatur,
1219 2802 1288 2864 bilis
1309 2813 1408 2865 autem
1424 2821 1504 2864 nunc

206 2911 385 2982 cormpturn
406 2919 473 2964 esse
494 2904 713 2981 pronuntiatur.
750 2905 844 2965 sicet
866 2903 922 2964 alia
945 2906 1074 2972 uomina,
1097 2907 1127 2964 in
1151 2923 1280 2983 quorum
1302 2907 1397 2984 prima
1419 2912 1504 2984 parte

206 3005 281 3068 duae
312 3004 357 3066 vel
386 3022 422 3064 eo
446 3000 548 3083 piures
574 3012 674 3082 partes
700 3005 843 3065 orationis
870 3024 935 3066 esse
961 3007 1153 3084 reperiuntur
1176 3013 1205 3067 et
1225 3008 1256 3066 in
1278 3007 1416 3087 sequenti
1437 3025 1543 3069 cor-u

205 3115 327 3185 ruptum
346 3106 506 3173 iuvenitur,
526 3123 561 3166 ex
586 3106 709 3183 integris
727 3113 757 3166 et
779 3114 922 3186 corrupto
940 3105 976 3166 ad
992 3107 1117 3186 liguram
1139 3109 1331 3186 compositam
1354 3110 1504 3186 pertinere

206 3213 423 3269 monstrantur.

290 3308 336 3370 ux
360 3314 502 3387 corrupto
534 3315 564 3369 et
584 3309 717 3386 integris.
762 3305 865 3393 ligulra
895 3311 1047 3370 nominum
1081 3328 1131 3370 ex·
1148 3319 1290 3388 corrupto
1321 3317 1351 3372 et
1381 3312 1505 3388 integris

206 3410 416 3489 componitur,
453 3408 572 3489 quando
603 3410 632 3471 in
652 3411 747 3489 prima
776 3419 859 3489 parte
882 3412 1010 3472 nominis
1036 3418 1208 3490 corruptum
1239 3413 1387 3472 iuvenitur
1421 3419 1451 3472 et
1472 3413 1502 3471 iu

205 3513 345 3593 sequenti
368 3510 447 3573 duae
469 3510 513 3573 ret
538 3530 574 3572 eo
601 3511 702 3589 plures
723 3520 824 3590 partes
851 3514 993 3574 orationis
1016 3514 1216 3591 reperiuntur.
1248 3513 1352 3596 ,duae
1379 3520 1502 3590 utputa
1516 3533 1543 3574 so

206 3612 338 3674 candidi:
364 3630 421 3673 cau
444 3614 522 3673 enim
544 3621 718 3690 corruptum
740 3614 898 3684 iuvenitur,
921 3613 950 3674 di
970 3620 1000 3675 et
1018 3613 1047 3674 di
1068 3614 1143 3674 dnae
1163 3614 1407 3691 praepositiones,
1427 3632 1503 3694 quae

206 3712 347 3793 loquellis
374 3714 560 3784 deserviunt,
588 3733 654 3775 esse
677 3717 877 3793 reperiuntur.
922 3735 957 3776 eo
978 3714 1092 3793 plures,
1118 3722 1152 3775 ut
1180 3724 1250 3793 puta
1280 3714 1501 3793 Semproniam:

204 3834 269 3877 sem
298 3817 379 3877 euim
401 3823 576 3894 corruptum
605 3817 768 3884 invenitur,
803 3834 857 3895 pro
886 3819 1065 3896 praepositio
1093 3815 1211 3878 ablativi
1239 3834 1325 3877 casus
1349 3818 1502 3896 accipitur,

205 3919 239 3978 ni
257 3917 431 3979 coniunctio
453 3917 614 3988 iudicatur,
643 3935 659 3979 3
689 3920 868 3997 praepositio
896 3917 1014 3980 ablativi
1039 3936 1125 3980 casus
1152 3917 1354 3997 praedicatur,
1384 3919 1413 3979 ui
1434 3937 1503 3980 vero

206 4019 379 4081 coniunctio
398 4020 618 4096 pronuntiatur.
661 4020 756 4086 sicet
778 4018 833 4080 alia
855 4021 985 4090 nomina,
1010 4022 1040 4081 iu
1063 4038 1191 4101 quorum
1214 4021 1311 4102 prima
1333 4029 1418 4099 parto
1436 4039 1502 4080 cor·
1515 4041 1541 4082 aa

205 4127 330 4200 ruptum
349 4121 500 4181 iuvenitur
522 4128 552 4181 et
571 4121 602 4181 in
625 4122 761 4200 sequenti
781 4120 858 4183 duae
881 4120 924 4181 vel
948 4140 983 4182 eo
1006 4122 1133 4200 amplius
1155 4130 1253 4200 partes
1274 4122 1416 4182 orationis
1435 4130 1505 4183 suut

205 4223 395 4291 constitutae,
416 4239 452 4283 ex
471 4228 613 4301 corrupto
637 4231 667 4283 et
687 4223 810 4300 integris
827 4223 865 4283 ad
887 4223 1012 4301 liguram
1031 4225 1224 4302 compositam
1246 4224 1396 4301 pertinere
1419 4241 1504 4283 mon-

205 4330 350 4386 strantur.
1582 4309 1584 4312 ’

292 4423 379 4487 Nunc
402 4424 541 4505 quoniam
565 4443 653 4504 quem
672 4424 848 4486 admodum
868 4426 985 4486 variatis
1007 4425 1104 4487 modis
1119 4426 1213 4504 ligura
1228 4427 1390 4504 composita
1409 4427 1504 4486 nonti-

207 4546 278 4589 uum
295 4529 348 4589 liat
360 4528 434 4588 satis
452 4527 645 4596 ostendimus,
669 4534 699 4588 et
719 4527 786 4588 ideo
808 4528 865 4588 iam
886 4533 916 4588 el
935 4528 1214 4605 quemadmodum
1235 4529 1265 4588 iu
1289 4527 1391 4588 eatlem
1410 4528 1502 4605 figura
1517 4541 1543 4582 ιιι

205 4631 272 4690 soni
300 4636 461 4690 caveantur
490 4646 681 4689 moneamus:
710 4636 743 4690 ut
769 4637 838 4708 puta
869 4631 1035 4709 quaeritur,
1063 4636 1184 4707 rogatus
1212 4628 1331 4690 visibilis
1356 4637 1385 4690 el
1405 4636 1503 4690 cetera

274 4775 459 4839 icorruptum
467 4807 561 4823 ......
568 4773 636 4823 tuli
660 4782 805 4838 corruptum
825 4782 850 4824 tu
869 4790 885 4823 r
906 4783 1053 4839 corruptum
1070 4774 1193 4841 accipitur
1210 4783 1268 4824 tua
1360 4775 1388 4824 ll
1416 4774 1503 4824 3313Ιί-

205 4860 264 4894 nam
282 4862 297 4893 r
314 4842 508 4895 catulliuamll
579 4842 610 4892 21
632 4858 689 4893 esse
708 4842 828 4908 probatur
847 4858 893 4899 om.
909 4842 942 4904 li,
960 4844 1023 4894 odd.
1042 4860 1071 4894 ro
1139 4842 1174 4894 ³4
1191 4845 1347 4909 praedicitur
1360 4843 1400 4894 Ilo
