3346 5506
550 424 763 488 EXPLde'l',
781 425 821 487 lN
843 423 1023 487 hunnivar
1044 425 1116 488 thr.
1139 425 1151 486 l
1429 431 1491 495 513

1278 545 1301 586 p.
1315 533 1402 577 aaa-ra
1416 533 1439 574 n.

208 613 291 684 mari,
320 614 364 674 sic
392 613 449 700 hoc
478 630 564 674 mane
592 621 622 674 et
649 612 685 673 ah
714 612 772 674 hoc
801 614 895 683 mani,
927 622 958 674 ut
979 611 1099 675 Plautus
1122 617 1157 673 ‘a
1180 614 1275 673 mani
1297 613 1339 673 ad
1363 632 1491 692 vespe·

207 720 309 777 ram’:
332 716 470 796 quoniam
492 715 563 776 vidit
584 733 616 776 se
639 717 886 795 praepositionem
914 715 1114 794 praemisisse,
1143 701 1265 776 necesse
1288 714 1391 776 hahuit
1412 714 1492 775 ahla·

207 818 292 878 tirum
315 835 415 878 casum
438 818 570 896 iungere.
1452 827 1455 831 ’

286 918 400 981 Accidit
421 922 508 980 etiam
532 920 638 998 ligura,
669 917 807 998 simplex,
836 927 869 980 ut
890 918 990 988 docte,
1019 921 1186 998 conposita,
1210 928 1241 979 ut
1263 919 1390 980 indocte.
1435 918 1492 978 hoo

205 1028 301 1082 autem
328 1021 405 1081 scire
432 1020 590 1091 dehemus,
619 1020 697 1101 quod
723 1022 819 1080 omnis
847 1037 916 1098 pars
943 1022 1086 1082 orationis
1114 1030 1164 1082 aut
1191 1021 1247 1081 hoc
1275 1032 1319 1081 est
1347 1021 1424 1100 quod
1447 1030 1517 1081 este

204 1131 265 1193 aut,
296 1123 322 1183 si
350 1139 410 1183 nou
440 1122 531 1184 luerit
552 1123 631 1203 quod
653 1122 722 1193 luit,
752 1121 923 1183 adverbium
945 1130 1004 1184 est:
1034 1123 1147 1184 deiecta
1169 1122 1207 1184 de
1229 1123 1441 1202 significatione
1463 1131 1493 1182 et

202 1223 365 1286 substantia
387 1243 439 1286 sua
462 1226 492 1286 in
514 1224 686 1286 adverbium
709 1227 823 1286 transit.

667 1413 671 1489 Ι
702 1412 751 1474 hh
773 1411 993 1474 Phll'llClPlll.

131 1630 133 1635 ,
288 1548 479 1630 Participium
507 1549 616 1610 dictum
646 1557 690 1610 est
719 1555 806 1630 quasi
833 1551 1036 1630 particapium.
1079 1558 1180 1631 partes
1202 1551 1281 1611 enim
1305 1550 1384 1629 capit
1405 1558 1435 1610 et
1456 1549 1492 1609 de

199 1650 326 1712 nomina
348 1656 378 1711 et
399 1649 435 1711 de
457 1649 561 1711 verbo:
592 1669 609 1711 a
637 1652 758 1712 nomine
780 1650 870 1712 habet
891 1669 1000 1730 genera
1029 1661 1058 1713 et
1080 1670 1177 1722 casus,
1207 1671 1224 1712 a
1246 1651 1336 1712 verho
1359 1660 1492 1731 tempora
1507 1667 1531 1706 ro

199 1759 234 1812 et
265 1753 511 1830 significationes,
545 1751 581 1813 ah
614 1760 739 1833 utroque
771 1761 928 1816 numerum
962 1761 991 1814 et
1025 1754 1159 1834 liguram.
1204 1772 1271 1814 nam
1302 1772 1442 1814 numerus
1464 1760 1494 1812 et

197 1854 299 1933 ligura
324 1861 382 1915 tam
405 1854 517 1914 nomini
539 1873 627 1934 quam
651 1853 740 1917 verbo
763 1856 907 1918 accidunt
941 1873 1051 1935 genera
1072 1856 1296 1936 participiorum
1319 1855 1393 1916 haec
1415 1863 1492 1924 sunt,

195 1954 417 2026 masculinum,
434 1964 467 2016 ut
481 1954 588 2027 lectus,
611 1957 798 2028 femininum,
814 1967 847 2018 ut
868 1957 957 2029 lecta,
981 1965 1133 2029 nanuum,
1157 1966 1188 2018 nt
1203 1956 1328 2028 lectum,
1352 1966 1380 2018 et
1395 1973 1493 2025 omne,

196 2067 236 2119 ut
256 2054 373 2138 legens:
404 2075 561 2119 commune
589 2059 668 2139 quod
696 2059 729 2118 fit
750 2077 786 2120 ex
809 2058 923 2121 duobus
949 2058 1108 2138 generibus
1129 2078 1288 2140 numquam
1311 2060 1441 2120 invenies
1463 2059 1494 2119 in

203 2160 373 2240 participio.
417 2177 503 2220 casus
530 2168 573 2221 tot
602 2169 684 2230 suut,
713 2168 784 2239 quot
810 2163 841 2221 in
868 2161 1057 2232 nominihus,
1082 2160 1111 2222 id
1140 2170 1185 2222 est
1205 2180 1265 2222 sex.
1310 2161 1347 2221 de
1368 2158 1494 2221 ahlativo
1508 2175 1533 2215 aa

193 2259 346 2341 singulari
373 2263 520 2342 participii
547 2263 690 2342 temporis
723 2264 887 2342 praesentis
914 2261 1121 2324 dubitavemnt
1149 2272 1277 2337 veteres,
1306 2269 1404 2323 utrum
1433 2262 1496 2321 ini

194 2371 304 2434 excat,
328 2381 365 2423 an
387 2364 417 2422 in
441 2381 472 2423 e:
495 2363 599 2424 Cicero
621 2365 787 2435 inimisit,
812 2367 924 2445 ‘aqua
946 2365 1112 2446 denique
1135 2365 1302 2428 ferventi
1324 2362 1496 2426 allubrio

190 2463 284 2546 ipse
307 2464 580 2545 perlunditur’,
603 2464 748 2545 Vergilius
769 2468 800 2527 in
823 2486 853 2539 e,
878 2472 931 2528 ‘et
952 2467 1139 2530 candente
1162 2465 1323 2528 favilla'.
1369 2475 1398 2527 et
1419 2467 1495 2526 scire

191 2582 257 2628 nos
280 2564 424 2627 dehemus
445 2566 577 2646 regulam
600 2567 676 2628 hanc
699 2586 778 2640 esse,
801 2570 887 2630 utin
909 2587 926 2629 e
948 2579 1048 2630 exeat:
1073 2570 1229 2650 participia
1252 2569 1330 2630 euim
1354 2569 1383 2629 in
1406 2587 1423 2630 e
1444 2567 1496 2627 de·
1545 2638 1548 2647 Ι

188 2663 275 2731 lieni
297 2667 446 2740 desinere,
471 2687 530 2729 non
551 2671 582 2731 in
605 2670 624 2731 i.
646 2678 782 2733 auctores
803 2678 901 2732 tamen
924 2670 1101 2751 euphoniam
1125 2672 1218 2732 secuti
1240 2679 1324 2740 sunt,
1347 2678 1393 2740 ut,
1416 2668 1495 2749 quod
1508 2685 1535 2725 ao

187 2786 292 2833 suave
316 2769 436 2831 auribus
457 2770 624 2842 videbatur,
647 2772 704 2834 hoc
725 2772 868 2834 dicerent.

288 2872 436 2934 Accidunt
458 2875 545 2934 etiam
569 2882 716 2955 tempora,
739 2893 881 2955 praesens
903 2877 1094 2955 praeteritum
1119 2884 1149 2934 et
1171 2874 1311 2935 loturum.
1354 2890 1496 2954 praescus

185 2990 293 3037 uuam
327 2973 461 3053 regulam
488 2973 592 3036 hahet:
621 2977 681 3037 enit
708 2977 786 3036 euim
814 2977 845 3037 in
873 2993 927 3038 ens
955 2983 984 3037 et
1012 2995 1079 3046 ans,
1107 2973 1209 3055 legens
1238 2975 1368 3037 clamans
1390 2975 1496 3035 sedens

187 3093 326 3145 ameum
348 3077 541 3156 praeteritum
564 3095 634 3138 vero
657 3096 745 3139 unam
767 3077 902 3157 regulam
923 3077 1027 3149 hahet,
1051 3096 1099 3148 us,
1123 3087 1155 3139 ut
1176 3076 1283 3147 lectua;
1312 3077 1444 3138 futurum
1466 3078 1497 3137 in

186 3179 277 3265 duas
312 3176 429 3257 regulas
464 3180 537 3250 exit,
567 3197 619 3240 rus
646 3188 675 3240 et
699 3179 770 3251 dus,
799 3198 851 3240 rus
878 3179 915 3241 ab
943 3182 1053 3250 activo,
1082 3180 1136 3240 dus
1163 3200 1179 3240 a
1207 3181 1336 3260 passivo,
1367 3177 1497 3239 lecturus
1510 3195 1535 3237 ao

187 3275 361 3361 legendus.
406 3280 462 3341 tria
485 3299 557 3360 ergo
579 3289 648 3342 sunt
670 3291 819 3361 tempora,
843 3280 895 3343 sed
917 3291 1055 3363 quattuor
1077 3289 1145 3343 sunt
1167 3279 1300 3360 regulae:
1330 3298 1397 3341 nam
1419 3279 1499 3341 lutu-

186 3396 272 3445 lmm
296 3389 413 3462 tempus
436 3382 508 3442 duas
530 3382 620 3444 hahet
644 3381 770 3462 regulas.
802 3391 832 3443 et
845 3385 984 3464 quoniam
1000 3384 1037 3444 de
1059 3383 1104 3444 his
1126 3381 1235 3462 regulis
1257 3381 1399 3454 diximus,
1422 3383 1498 3443 scire

186 3484 349 3547 ‹lehemus
381 3482 461 3564 qnod
487 3485 613 3546 invicem
643 3503 675 3546 se
703 3486 855 3565 participia
883 3487 938 3546 ista
961 3493 1074 3564 regant.
1119 3503 1185 3545 nam
1214 3501 1355 3565 praesens
1382 3492 1499 3564 tempus

186 3584 240 3648 ab
265 3587 362 3647 activo
383 3587 460 3664 regit
482 3585 614 3648 futurum
637 3605 653 3647 a
675 3588 805 3666 passivo,
837 3596 866 3647 et
892 3589 1085 3668 praeteritum
1109 3595 1263 3666 tempusa
1286 3588 1400 3664 passivo
1423 3587 1500 3664 regit

192 3683 202 3767 Ι
231 3688 367 3750 loturum
390 3686 427 3748 ab
450 3689 551 3749 activo.
577 3707 645 3750 nam
669 3687 791 3749 detrahe
813 3690 967 3769 participio
989 3690 1152 3768 praesentis
1174 3688 1316 3768 temporis
1337 3704 1351 3746 s
1373 3695 1403 3748 et
1424 3686 1499 3748 adde
1512 3704 1537 3746 ao

189 3790 275 3860 dns,
306 3788 380 3850 lacis
408 3791 595 3871 participium
625 3790 715 3851 luturi
744 3792 885 3870 temporis
907 3810 924 3851 a
945 3792 1075 3873 passivo:
1103 3789 1219 3869 legens,
1243 3787 1312 3851 tolle
1334 3808 1349 3851 a
1371 3787 1499 3851 litteram
1548 3794 1553 3803 '

197 3882 237 3954 'ct
262 3889 339 3952 adde
361 3891 431 3959 dus,
457 3892 530 3952 lacis
551 3891 703 3969 legendus.
741 3894 810 3954 item
834 3895 988 3972 participio
1011 3895 1163 3971 praeteriti
1184 3893 1327 3970 temporis
1348 3910 1363 3951 a
1386 3892 1500 3969 passivo

191 3992 332 4055 detrahe
353 4011 369 4054 s
390 3991 517 4054 litteram
540 4000 569 4053 et
591 3994 666 4054 adde
687 4013 752 4064 rus,
780 3995 912 4056 invenies
940 3994 1071 4056 loturum
1094 3994 1130 4055 ah
1153 3996 1263 4063 activo,
1292 3994 1385 4054 lectus
1407 3991 1499 4055 lectu·

191 4108 268 4156 rus.
313 4095 383 4157 item
413 4093 470 4155 hoc
497 4112 581 4156 versa
608 4097 686 4156 vioe:
727 4096 818 4157 futuri
846 4097 986 4176 temporis
1020 4099 1206 4178 participium
1235 4094 1271 4158 ah
1300 4096 1393 4155 activo
1421 4096 1501 4173 regit

192 4196 360 4275 praeteriti
386 4198 529 4277 temporis
555 4198 742 4278 participium
770 4205 789 4258 a
813 4199 942 4277 passivo,
972 4207 1002 4260 et
1022 4201 1209 4281 participium
1238 4198 1330 4259 futuri
1352 4199 1493 4278 temporis
1507 4216 1533 4256 aa

195 4315 222 4361 a
244 4299 364 4381 passivo
393 4300 470 4377 regit
498 4300 684 4380 participium
713 4301 877 4379 praesentis
905 4303 1047 4382 temporis
1069 4299 1106 4362 ah
1129 4302 1232 4362 activo.
1277 4300 1399 4361 detrahe
1421 4302 1500 4361 enirn

278 4503 349 4554 islo
364 4518 410 4553 om.
431 4502 464 4566 L,
483 4503 544 4556 cdd.
567 4504 611 4554 FS
679 4502 793 4572 Plautus]
819 4505 933 4559 Mostell.
954 4505 986 4555 lll
1004 4505 1030 4569 2,
1048 4503 1083 4557 80
1102 4504 1166 4570 (787
1179 4506 1232 4569 tri:
1246 4506 1281 4570 es.
1301 4507 1373 4558 Sem.
1392 4507 1419 4554 ia
1434 4505 1500 4555 Dori·

203 4585 234 4636 p.
255 4571 326 4626 1888
379 4574 411 4625 14
432 4571 470 4639 lit]
486 4575 519 4623 ait
535 4572 582 4624 LS
598 4575 695 4624 auntF
745 4575 776 4625 17
794 4571 894 4640 Cicero]
913 4577 938 4626 in
957 4575 1099 4628 Vemort.
1116 4591 1167 4626 aec.
1186 4576 1197 4626 l
1213 4573 1257 4643 78,
1273 4575 1308 4626 di
1357 4573 1500 4625 arnmhrio

203 4642 231 4692 δ’
302 4642 336 4695 18
349 4644 375 4693 in
393 4658 407 4692 a
426 4643 586 4693 secundante
602 4643 628 4692 F
642 4644 667 4693 in
686 4659 701 4693 c
719 4645 856 4696 oblatiunm
871 4645 1029 4712 singularem
1047 4644 1116 4696 misit
1134 4645 1258 4697 madente
1276 4647 1317 4697 L.-
1335 4646 1415 4713 Veru-
1433 4643 1500 4696 aen.

205 4709 310 4766 1111173
362 4712 396 4764 34
411 4713 488 4763 lhtori
506 4714 628 4780 temporis
655 4714 816 4782 participium
844 4716 974 4782 praeteriti
991 4714 1114 4782 ommi·
1137 4729 1155 4767 a
1175 4716 1322 4768 milret
1336 4713 1501 4768 middin

206 4779 285 4834 laturi
310 4785 433 4850 temporis
460 4798 475 4831 a
495 4784 599 4848 pessino
618 4784 685 4850 regit
704 4785 865 4852 perticipium
883 4783 963 4837 tuam
979 4784 1138 4837 moult?

207 4853 372 4918 participium
391 4853 423 4903 ah
441 4852 524 4902 actiuo
542 4854 610 4920 regit
627 4855 756 4921 praeteriti
774 4854 896 4922 temporis
913 4852 1017 4923 parthi!

208 4923 373 4991 participium
388 4923 531 4989 praesentia
548 4926 669 4990 temporis
684 4936 700 4975 a
714 4925 821 4992 pessino
832 4925 901 4993 rago
915 4924 985 4995 parti

259 5013 410 5059 ommi.
424 5013 486 5056 LA‘l'.
501 5013 550 5056 llll.
