3314 5506
520 373 725 435 EXPLANAT.
749 373 786 435 in
810 373 988 436 nonarvu
1011 375 1080 437 tin.
1104 375 1128 436 ΙΙ
1403 380 1464 444 559

232 479 249 522 r.
262 480 287 523 or
300 480 348 523 esu
363 479 415 523 rav.

263 561 359 622 Heius
386 559 529 640 Vergilius

330 660 414 723 beia
442 679 509 740 age
535 679 668 741 rumpe
695 679 830 732 moras,
861 663 999 722 varium
1028 672 1062 721 et
1092 661 1274 723 mutabile
1301 682 1446 742 semper

330 762 465 825 lumina

180 875 209 926 et
231 865 369 926 ‘hostis
391 864 499 926 adest
520 864 632 924 heia'.

267 966 421 1039 Quianam,
444 963 514 1046 quid
536 967 585 1036 ita,
608 983 675 1026 cur:
698 965 841 1044 Vergilius

331 1069 401 1130 beu
422 1068 593 1148 quianam
616 1067 818 1128 cinxerunt
840 1066 993 1129 aethera
1015 1069 1129 1130 nimbi

179 1179 209 1231 et
230 1171 421 1250 ‘quianam
442 1170 632 1230 sententia
656 1167 761 1229 robis
783 1168 897 1230 Versa
919 1176 1052 1232 retro'.

263 1271 378 1332 blesum
401 1279 451 1333 aut
472 1269 642 1332 adverbium
666 1279 711 1332 est
732 1270 888 1350 personale
903 1281 952 1332 aut
974 1290 1139 1353 pronomen
1163 1275 1371 1352 praepositioni
1394 1291 1468 1333 con·

177 1374 327 1444 iunctum
351 1374 394 1433 sic
415 1380 512 1434 tecum
535 1390 635 1434 secum
657 1370 808 1433 vobiscum
831 1371 994 1434 nobiscum.

263 1474 344 1536 llaec
370 1483 439 1536 aunt
465 1473 602 1536 adverbia
629 1474 812 1553 quantitatis,
842 1477 999 1555 ‘quantum
1028 1475 1158 1537 iecistii’
1187 1475 1329 1547 multum,
1353 1494 1465 1555 parum,
1483 1496 1505 1536 u

179 1578 250 1638 satis
270 1575 455 1656 abundeque.

265 1677 374 1739 Sedulo
401 1676 545 1739 familiare
568 1676 689 1738 verbum
712 1676 848 1748 Terenti,
880 1678 937 1739 boc
960 1686 1003 1738 est
1025 1680 1089 1739 sine
1111 1678 1194 1749 dolo,
1222 1688 1250 1740 et
1273 1679 1343 1741 iacit
1363 1679 1466 1740 adrer-
1552 1730 1554 1735 .

180 1777 262 1840 bium
284 1778 386 1841 sedule
407 1800 427 1837 s
452 1789 481 1840 et
503 1778 539 1842 ab
562 1798 597 1840 eo
621 1780 756 1849 veniunt,
780 1788 812 1839 ut
833 1780 901 1840 ielir
925 1779 1063 1851 feliciter,
1086 1780 1192 1861 duplex
1216 1781 1382 1861 dupliciter.

264 1879 388 1952 Quando
415 1899 503 1962 saepe
531 1899 585 1960 pro
614 1882 819 1942 coniunctione
847 1884 980 1962 ponitur,
1015 1884 1072 1944 boc
1102 1891 1146 1943 est
1172 1885 1327 1962 quoniam,
1363 1894 1394 1942 ut
1422 1894 1466 1944 est

179 1981 265 2053 iilu'd,
1482 2006 1506 2045 rs

331 2084 398 2145 boc
420 2083 509 2154 tibi,
533 2084 642 2146 labor
666 2086 774 2157 enim,
797 2085 942 2165 quando
963 2083 1057 2145 baec
1078 2093 1113 2146 te
1135 2103 1221 2147 cura
1244 2085 1433 2147 remordet

182 2194 210 2246 ei

332 2288 479 2368 quando
501 2286 613 2349 aliter
635 2305 778 2367 nequeo
801 2286 993 2349 crudelem
1017 2287 1241 2368 abrumpere
1264 2292 1383 2351 vitam.

265 2391 299 2452 ln
322 2390 401 2460 loco,
426 2409 442 2450 e
465 2388 543 2459 loco,
567 2388 603 2450 ad
626 2388 738 2458 iocum,
762 2408 816 2469 per
838 2389 950 2450 locum:
973 2391 1003 2450 in
1026 2389 1091 2451 loco
1114 2390 1189 2450 ‘bic
1212 2390 1316 2453 illius
1339 2394 1466 2460 arura’;

181 2491 285 2552 eloco
1478 2516 1504 2556 ao
1566 2507 1569 2512 ’

332 2594 418 2654 hinc
440 2593 482 2655 ad
504 2591 702 2673 Tarpeiam
723 2591 846 2654 sedem
869 2592 910 2655 ad
934 2591 1121 2674 Capitolia
1144 2594 1252 2656 ducit

333 2712 441 2756 aurea
464 2712 575 2763 nnnc:

181 2797 217 2859 ad
239 2797 337 2859 locum
361 2822 380 2856 s
401 2813 455 2876 per
476 2794 588 2867 locum,
611 2805 644 2858 ut

332 2897 401 2959 bac
423 2898 496 2959 iter
518 2907 587 2968 est,
609 2905 646 2958 tu
669 2917 788 2980 nequa
810 2917 938 2960 manus
960 2917 997 2959 se
1019 2898 1199 2960 attollere
1222 2898 1327 2962 nobis

332 3019 349 3062 a
370 3008 479 3078 tergo
500 2999 638 3079 possit,
661 3001 809 3062 custodi
831 3008 865 3062 et
886 3001 1043 3062 consule
1064 2999 1184 3080 longe.
1479 3026 1504 3067 aa

265 3102 428 3165 Admodum
457 3120 512 3180 pro
540 3101 618 3170 lere,
647 3110 676 3161 et
697 3101 825 3180 aliquem
847 3101 965 3164 modum
989 3102 1154 3181 adpositum
1178 3121 1242 3165 esse
1264 3120 1352 3181 saepe
1373 3107 1465 3180 uani·

176 3209 263 3281 ficut.
307 3206 470 3285 quaesitum
493 3210 550 3275 est,
573 3221 644 3264 num
670 3221 726 3284 pro
754 3202 837 3264 valdo
865 3222 956 3284 usque
985 3203 1129 3274 dicamus,
1158 3213 1186 3265 et
1213 3206 1243 3264 in
1266 3223 1320 3265 usu
1342 3205 1411 3274 luit,
1435 3216 1467 3265 ut

182 3306 262 3388 apud
284 3305 442 3368 Salustium
465 3304 674 3367 ‘admodum
697 3311 838 3376 ranua’,
861 3312 890 3364 et
912 3305 990 3385 apud
1012 3306 1151 3367 Naevium
1175 3307 1204 3366 in
1228 3304 1400 3367 Clamidaria

334 3426 451 3490 neque
473 3406 665 3470 admodum
687 3425 704 3468 a
725 3407 854 3488 pueris
876 3406 1061 3470 abscessit
1089 3425 1210 3487 neque
1233 3408 1423 3469 admodum

921 3507 1312 3570 adolescentulusest
1478 3534 1504 3574 ao

266 3611 465 3693 Adquiesccre
487 3610 571 3673 aliter
591 3612 622 3672 in
644 3629 700 3672 usu
721 3618 824 3671 nostro
847 3619 906 3680 est,
929 3629 1019 3691 quam
1042 3629 1106 3671 esse
1128 3610 1259 3671 deberet.
1297 3629 1363 3672 cum
1387 3612 1465 3672 enim

179 3732 289 3798 parcre
317 3732 371 3775 nos
400 3712 522 3776 alicuius
549 3712 695 3774 desiderio
716 3711 882 3790 significare
904 3712 1036 3774 volumus
1058 3721 1107 3774 aut
1129 3714 1307 3784 sententiae,
1331 3712 1464 3793 adquies-

180 3834 252 3878 cere
273 3834 328 3878 nos
350 3815 482 3878 dicimus.

253 4054 448 4106 llleiaom.L
517 4049 679 4119 2heiaage]
700 4053 778 4118 Verq.
802 4051 867 4106 Aen.
888 4052 999 4103 11113119
1067 4048 1190 4118 dhostio]
1216 4055 1295 4118 Verq.
1315 4053 1466 4106 Aen.vuti

181 4124 217 4177 38
288 4125 329 4174 ein
345 4139 414 4176 corr.
432 4122 490 4172 beia
509 4124 534 4172 L
602 4124 693 4186 5quia
712 4122 835 4187 numquid
854 4124 889 4172 ita
903 4123 992 4186 loquor
1010 4121 1066 4186 (our
1081 4123 1104 4188 1)
1122 4123 1247 4189 uergilius
1265 4124 1290 4172 L
1375 4121 1465 4187 dhan]

185 4197 266 4261 Verp.
283 4193 349 4248 Aen.
370 4195 394 4243 V
413 4192 445 4245 13
534 4192 717 4243 cinexeruntL
795 4189 887 4258 nimbi]
908 4194 987 4242 minui
1004 4193 1029 4242 L
1115 4190 1279 4259 iquiauam]
1305 4195 1383 4258 Verp.
1402 4194 1466 4244 Aen.

181 4263 242 4316 Xb
314 4264 343 4316 11
360 4262 478 4315 habunde
496 4277 561 4326 quae
581 4265 604 4312 L
678 4261 709 4314 13
728 4271 752 4313 et
769 4263 800 4311 ab
818 4277 896 4312 eo-
915 4262 1050 4327 dupliciter
1067 4264 1104 4313 od
1119 4264 1310 4325 disputationem
1327 4264 1359 4313 de
1375 4266 1467 4314 adaer-

180 4335 230 4385 tta·
244 4332 319 4384 facile
330 4341 357 4385 et
374 4332 479 4384 difficile
495 4335 625 4398 pertinen
642 4333 764 4384 uidentam.
783 4334 868 4399 itaque
882 4334 996 4383 laeuam
1010 4335 1121 4383 indicari
1200 4333 1232 4383 14
1248 4330 1286 4399 ut]
1307 4332 1355 4382 boc
1374 4333 1399 4382 L

183 4404 217 4456 lb
235 4402 284 4454 hoe
300 4404 345 4454 tibi
363 4405 373 4452 1
391 4404 439 4453 hoc
456 4403 475 4452 ti
490 4404 529 4454 L:
546 4405 625 4467 Vera.
645 4403 709 4455 Aen.
730 4404 740 4452 l
759 4402 809 4454 aul
894 4402 927 4454 18
945 4399 1055 4468 quando]
1082 4405 1160 4467 Vera.
1180 4401 1246 4452 Aea.
1266 4404 1333 4453 Vlill
1348 4404 1398 4454 497

181 4474 280 4525 uitaL
353 4469 715 4538 19h101Verp.Aen.116
767 4472 799 4523 21
818 4470 886 4539 hinc]
909 4473 1070 4538 Ver9.Aen.
1090 4471 1212 4523 1111347
1282 4471 1466 4522 maurorum

179 4542 228 4594 tac
239 4545 417 4595 ἱωοοικίιιιιιιι
425 4550 483 4606 port
493 4542 525 4592 tl
538 4544 624 4593 aedem
635 4543 710 4593 babet
721 4544 754 4594 L.
768 4543 864 4592 excidit
880 4550 960 4592 autem
977 4544 1116 4607 eucarpium
1132 4541 1247 4592 adverbii
1263 4544 1300 4592 ad
1313 4543 1391 4594 iocarer
1408 4543 1470 4593 dieti

252 4616 287 4666 24
306 4613 354 4663 bac
369 4614 447 4664 iterea
460 4623 512 4662 tum
531 4612 611 4679 (con.
627 4611 698 4678 tune)
716 4626 792 4677 quam
806 4626 872 4662 anus
891 4613 978 4663 sedeat
995 4612 1082 4663 tollere
1095 4613 1136 4663 L:
1159 4615 1237 4677 Vena.
1252 4613 1316 4664 Aen.
1331 4611 1400 4661 Vllil
1415 4610 1465 4663 321

252 4686 287 4736 25
304 4684 381 4750 longa
400 4682 425 4731 L
494 4681 528 4734 ad
544 4698 591 4749 pro
604 4681 667 4750 iere]
689 4683 804 4749 prolerre
818 4683 843 4732 L
911 4681 1038 4749 siguificat
1055 4696 1100 4737 orn.
1115 4683 1140 4733 L
1225 4683 1258 4732 27
1276 4679 1347 4745 num]
1366 4696 1424 4731 nam
1443 4682 1468 4732 L

253 4806 362 4856 dicimus
381 4804 406 4853 L
459 4804 506 4854 luit
524 4812 580 4854 utar
599 4813 626 4854 ut
643 4804 765 4856 salustius
781 4803 861 4869 (corr.
881 4803 1002 4869 —ium)L
1054 4805 1088 4856 28
1107 4802 1247 4854 neniumL
1303 4802 1338 4853 29
1356 4765 1468 4868 ,⁸p.ueria

181 4876 295 4927 abaceait
308 4877 332 4924 L
402 4874 433 4925 31
452 4876 514 4926 alter
534 4876 558 4925 L
626 4877 758 4926 tamenim
774 4889 866 4940 parens
885 4889 932 4925 nos
946 4873 970 4922 L
