3314 5506
509 389 717 451 nxrtttttr.
740 389 778 451 ΙΝ
800 388 978 451 nnnauvtt
1002 389 1073 450 LlB.
1097 389 1122 450 ll
1393 397 1455 458 543
1498 397 1514 428 ⁸

219 496 235 538 ι.
249 496 397 539 marcor.
412 495 464 536 mv.

166 577 239 638 item
268 594 336 638 sero
364 576 442 657 quod
474 584 518 636 est
547 575 665 646 claudo,
694 575 772 636 unde
794 593 860 637 sera
882 575 959 638 dicta
981 585 1039 645 est,
1063 576 1227 655 perlectum
1250 585 1366 656 tempus
1387 577 1457 636 lacit

168 680 264 742 seravi
285 679 428 747 reseravi,
452 687 484 739 ut
505 678 662 739 Terentius
684 681 739 739 ‘tu
761 677 820 739 abi
843 686 955 758 atque
976 677 1111 738 obsera
1134 679 1298 739 ostium’.

253 780 317 843 [luo
345 789 376 841 et
401 778 489 841 ambo
509 781 560 853 'sic
582 778 781 850 declinantur,
805 779 863 840 duo
885 778 1011 841 duorum
1034 779 1149 841 duobus
1170 779 1244 840 duos
1266 779 1324 841 duo
1346 799 1361 842 a
1383 779 1456 842 dno·

167 882 239 952 bus;
261 884 333 944 item
356 881 442 943 ambo
465 880 621 944 amborum
644 880 788 943 ambobus
810 880 913 942 ambos
934 881 1022 943 ambo
1044 881 1081 944 ab
1103 881 1257 944 ambobus.

256 983 364 1046 Ebrius
386 984 525 1053 dicimus,
549 1002 609 1044 non
632 982 718 1054 eber,
742 987 819 1045 sieut
839 1001 856 1044 c
879 986 1028 1046 contrario
1049 984 1174 1055 sobrius,
1198 1003 1258 1046 non
1279 983 1376 1047 sober.
1469 1007 1482 1046 s

253 1085 334 1148 luter
356 1095 509 1167 expertum
533 1095 563 1147 et
584 1093 736 1167 expertem
766 1086 824 1148 boc
851 1088 989 1148 interest:
1016 1095 1171 1164 expertum
1195 1086 1319 1147 alicuius
1340 1088 1402 1158 rei,
1425 1097 1458 1148 ut

168 1190 194 1250 si
217 1188 350 1251 dicamus
373 1189 500 1250 ‘sortem
522 1188 617 1249 virum
640 1194 900 1267 expectassem:
924 1196 1076 1267 expertem
1099 1207 1168 1248 vero
1190 1190 1335 1266 ignarum.

256 1291 289 1352 ln
313 1288 508 1352 declinatione
531 1292 645 1370 species
667 1298 735 1350 suut
756 1297 882 1369 quatuor
898 1308 1000 1351 eornm
1024 1291 1186 1360 nominum,
1210 1308 1285 1368 quae
1308 1290 1385 1353 binis
1406 1311 1456 1353 vo·

171 1393 257 1456 cibus
277 1395 377 1454 iuncta
400 1391 594 1453 declinantur.
632 1393 726 1472 prima
750 1400 795 1453 est
816 1410 921 1454 eorum
944 1411 1069 1473 quorum
1091 1394 1174 1472 prior
1195 1410 1264 1472 pars
1285 1411 1345 1454 non
1367 1392 1457 1454 decll-

168 1504 272 1566 natur,
295 1503 328 1557 ut
349 1493 558 1574 Hellespontus
580 1493 867 1556 senatusconsultum
889 1493 1092 1574 plebiscitum:
1115 1493 1244 1554 secunda
1266 1503 1311 1554 cst
1331 1513 1458 1575 quorum
1472 1513 1496 1554 u

168 1599 252 1679 prior
273 1615 343 1676 pars
365 1595 542 1666 declinatur,
557 1591 571 1679 11
587 1597 735 1673 posterior
757 1614 827 1660 vcro
849 1614 1024 1677 numquam,
1046 1604 1079 1656 ut
1100 1594 1235 1656 tribunus
1256 1594 1349 1674 plebi,
1372 1615 1457 1676 prae-

169 1698 265 1760 lectus
292 1702 438 1780 equitum:
470 1699 554 1758 tertia
583 1706 628 1758 est
654 1714 754 1758 eorum
781 1714 857 1778 quae
886 1716 922 1760 cx
949 1706 1074 1777 utraque
1096 1707 1180 1777 parte
1203 1695 1403 1770 declinantur,
1426 1707 1458 1760 ιιι

168 1791 259 1862 Liber
279 1806 378 1880 pater,
400 1798 474 1861 Alba
489 1798 604 1878 Longa:
627 1808 730 1880 quarta
754 1808 798 1860 est
819 1818 945 1880 quorum
967 1801 1050 1880 prior
1072 1816 1141 1879 pars
1163 1798 1337 1869 declinatur,
1361 1809 1458 1880 posto·

170 1903 233 1963 rior
256 1919 325 1962 vero
347 1919 414 1963 cum
437 1903 476 1963 sit
495 1899 613 1962 mobilis
636 1899 705 1981 [per
720 1899 829 1982 casus],
853 1918 907 1980 per
929 1919 1070 1963 numeros
1091 1907 1205 1962 tantum
1228 1899 1402 1973 declinatur,
1425 1911 1459 1963 nt

169 2013 254 2085 pater
286 2002 411 2066 lamdlas
437 2003 544 2084 [eques
571 2003 736 2072 Romanus,
764 2011 883 2082 praetor
909 2002 1041 2064 urbanus
1067 2004 1135 2083 qnia
1162 2001 1251 2064 ambo
1287 2005 1457 2066 nominativi
1471 2022 1496 2063 u

169 2114 252 2177 sunt,
276 2105 363 2166 ambo
386 2104 580 2166 declinantur.
624 2122 693 2166 nam
716 2104 833 2184 quando
860 2107 892 2165 in
920 2107 1039 2166 nourine
1061 2106 1209 2183 geminato
1228 2122 1306 2166 unus
1327 2114 1372 2167 est
1394 2113 1457 2167 tau·-

170 2217 234 2269 tnm
258 2209 470 2277 nominativus,
491 2209 523 2266 in
546 2224 581 2266 eo
597 2214 709 2267 tantum
731 2205 896 2268 declinatur
910 2206 967 2267 alio
983 2205 1151 2287 manente]:
1176 2206 1357 2269 declinamus
1372 2207 1458 2269 buius

169 2310 264 2390 patris
288 2308 411 2370 familias
436 2317 573 2369 manente
595 2326 649 2389 per
671 2325 774 2369 omnes
795 2326 883 2371 cunas
903 2313 935 2369 in
958 2307 1160 2387 singularitate
1181 2308 1315 2370 inmobili
1330 2308 1459 2371 secunda

169 2428 251 2474 voce.
282 2430 350 2472 nam
373 2408 480 2490 plurali
501 2418 611 2472 mutata
634 2411 763 2480 ratione,
787 2419 819 2472 ut
841 2410 947 2472 horum
969 2420 1088 2491 patrum
1111 2410 1296 2473 familiarum.
1327 2411 1458 2473 eiusdem

170 2513 283 2575 lormae
307 2520 376 2573 sunt
397 2511 546 2593 promilite
561 2511 737 2592 proconsule
752 2520 960 2592 propraetore,
984 2530 1051 2573 oum
1074 2511 1197 2573 indivise
1219 2514 1457 2593 pronuntiantur.
1471 2533 1497 2574 aa

170 2633 239 2677 nam
261 2616 292 2675 in
315 2613 482 2694 pluralitate
504 2614 551 2675 bis
572 2613 816 2695 propraetoribus
838 2612 884 2674 bis
905 2612 1131 2692 proconsulibus
1153 2613 1287 2675 dicimus.

208 2744 222 2780 ·.
255 2713 404 2777 Ablativns
426 2735 512 2777 casus
533 2717 691 2795 singularis
713 2717 843 2797 quinquo
865 2715 972 2776 litteris
993 2714 1142 2776 vocalibus
1164 2718 1349 2788 terminatur,
1372 2736 1388 2778 a
1410 2736 1427 2777 e
1449 2719 1460 2778 l

170 2837 245 2886 on,
277 2819 406 2896 exceptis
432 2818 658 2898 pronominibus
685 2817 876 2899 quibusdam,
906 2825 938 2879 ut
960 2816 997 2879 ab
1019 2817 1161 2879 eoduma
1183 2818 1311 2898 quodam
1334 2817 1365 2899 [a
1387 2837 1458 2899 qua·

170 2918 253 3003 dam]
278 2919 315 2980 ab
338 2920 408 2990 boc,
439 2928 469 2981 ct
491 2919 659 2981 nominibus
680 2919 861 3001 appellativis
883 2921 1077 2998 monoptotis,
1107 2927 1139 2979 nt
1161 2918 1234 2980 nibil
1256 2937 1381 3000 nequam
1404 2937 1459 2982 nn·

170 3040 232 3102 gas.
277 3022 413 3102 quotiens
441 3029 538 3082 autem
566 3030 617 3082 aut
639 3040 656 3082 a
677 3029 727 3082 aut
748 3041 766 3081 o
787 3021 896 3084 littoris
918 3022 1093 3082 terminatus
1115 3021 1215 3091 luerit,
1246 3023 1352 3083 totiens
1374 3038 1457 3083 accc·
1471 3043 1497 3084 as
1588 3067 1589 3071 ,

170 3133 221 3204 pta
244 3142 311 3184 rum
335 3121 445 3202 syllaba
467 3123 536 3185 iacit
557 3124 717 3200 genitivum
741 3122 899 3203 pluralem,
924 3130 955 3183 ιιι
969 3121 1006 3183 ab
1029 3123 1084 3183 bac
1106 3132 1173 3200 toga
1197 3123 1301 3184 barum
1323 3133 1458 3203 togarum

170 3234 201 3288 ct
228 3223 266 3286 ab
293 3225 350 3286 boc
378 3223 455 3285 libro
483 3224 589 3285 borum
619 3223 776 3285 librorum:
814 3224 928 3286 dativus
954 3242 1071 3304 quoque
1099 3233 1129 3285 et
1155 3224 1297 3286 ablativus
1327 3225 1457 3287 eiusdem

171 3329 289 3390 numeri
311 3327 441 3388 eiusdem
464 3326 677 3388 observationis
697 3327 728 3387 in
751 3327 776 3387 is
797 3324 937 3406 syllabam
961 3335 1083 3396 exeunt,
1111 3336 1144 3388 ut
1170 3327 1217 3388 bis
1239 3334 1268 3386 et
1289 3325 1326 3387 ab
1347 3326 1393 3388 bis
1413 3333 1459 3386 to·

171 3431 226 3509 gis.
271 3447 288 3490 e
310 3428 436 3489 litteram
460 3437 592 3490 extremo
614 3426 752 3489 habentia
775 3427 900 3489 ablativo
923 3446 991 3489 casu
1014 3426 1156 3507 singulari
1179 3427 1325 3508 duplicem
1348 3427 1460 3489 babent

171 3531 418 3594 observationem.
463 3549 529 3590 nam
558 3548 576 3582 s
620 3537 757 3609 correpta
785 3529 916 3590 ultimam
946 3529 1074 3608 perdunt
1095 3538 1125 3590 et
1146 3548 1195 3590 um
1218 3528 1356 3609 syllabam
1380 3532 1456 3591 acci-
1470 3552 1496 3594 so

170 3636 257 3714 pinnt
279 3641 309 3695 et
331 3632 442 3693 iaciunt
463 3651 497 3692 er
521 3650 554 3693 se
576 3632 735 3710 genitivum
757 3628 917 3711 pluralem,
946 3640 979 3692 ut
1007 3630 1043 3691 ab
1065 3632 1123 3693 boc
1145 3632 1257 3710 pariete
1279 3631 1385 3693 borum
1406 3648 1458 3712 pa·

170 3735 290 3796 rictum.
334 3735 343 3793 l
373 3732 499 3796 litteram
526 3735 557 3793 in
587 3741 719 3794 extremo
741 3732 878 3794 babentia
901 3741 1020 3813 accepta
1043 3751 1091 3793 ιιιιι
1114 3731 1222 3812 syllaba
1245 3733 1356 3794 iaciunt
1376 3735 1458 3812 geni·

257 3952 391 4004 llecitb
475 3957 491 4005 2
512 3954 646 4004 terrentius
664 3954 743 4002 tutaul
769 3961 845 4018 atque
863 3954 998 4005 obseruaui
1020 3952 1131 4004 boatium
1153 3952 1192 4003 L:
1214 3955 1273 4006 Ter.
1292 3952 1405 4007 nmen.
1423 3955 1457 4005 lll

170 4026 199 4088 6,
217 4025 252 4076 25
322 4025 338 4077 3
357 4023 420 4088 Duo]
438 4024 515 4078 Prud,
535 4025 567 4074 de
584 4039 645 4073 nom.
663 4037 690 4085 p.
708 4021 759 4073 223
777 4024 817 4073 ed.
841 4025 917 4076 Viad.
987 4026 1003 4074 5
1023 4025 1123 4089 libriusl
1145 4024 1222 4075 Prob-
1241 4027 1274 4076 de
1286 4040 1350 4076 nom.
1367 4040 1394 4088 p.
1406 4026 1458 4076 222

171 4095 214 4146 ed.
235 4093 314 4145 Vind.
384 4096 448 4144 sicut
465 4095 589 4144 contrario
608 4095 617 4141 l
635 4093 744 4142 sicurL
829 4108 878 4144 non
896 4093 1010 4144 suberL
1094 4092 1196 4144 blnter
1213 4091 1356 4161 expertum]
1377 4093 1457 4158 Prob.

171 4165 205 4216 de
223 4179 287 4218 ιιοιιι.
303 4178 330 4226 p.
348 4165 400 4214 222
417 4165 457 4214 ed.
481 4163 568 4226 Van,
581 4163 654 4215 Seru.
674 4165 700 4213 in
719 4164 797 4227 Verp.
815 4165 880 4215 Aen.
894 4164 924 4213 lll
943 4163 993 4216 182
1015 4163 1039 4214 X
1062 4164 1110 4215 173
1193 4165 1308 4228 fortene
1325 4175 1458 4230 expertum

171 4250 230 4286 enm
248 4233 391 4284 accusativo
416 4235 560 4301 iungimus,
587 4240 717 4298 expertum
744 4231 853 4296 aliquam
874 4249 940 4295 rem,
959 4245 1088 4299 expertem
1105 4250 1162 4285 eum
1184 4235 1458 4300 gerontocomorum

171 4303 333 4356 alieuiusrei
405 4304 437 4356 12
455 4319 543 4354 eorum
559 4317 604 4352 ona.
620 4302 644 4351 L
714 4301 856 4353 declinatur
871 4304 896 4354 L
985 4304 1017 4357 13
1035 4313 1107 4370 pater
1125 4304 1156 4353 ab
1173 4303 1274 4355 albsL
1362 4303 1395 4356 18
1412 4320 1459 4370 per

172 4389 263 4428 omncs
281 4373 456 4439 singularitate
470 4373 589 4423 inmobile
610 4372 632 4421 L
703 4370 735 4422 19
745 4372 859 4435 furasse
877 4381 987 4423 mutatur
1003 4376 1113 4433 ratione,
1131 4375 1180 4423 nisi
1194 4376 1279 4439 potius
1291 4373 1457 4438 dedicamus,

171 4445 242 4512 pund
258 4457 338 4506 supra
354 4459 378 4495 u.
399 4443 430 4494 17
447 4447 555 4508 positam
571 4441 688 4506 offendit,
703 4441 749 4492 bato
763 4443 922 4507 referendum
939 4446 985 4506 att,
1006 4451 1033 4493 ut
1050 4443 1179 4495 scribatur
1196 4459 1253 4494 nam
1269 4444 1295 4493 iu
1314 4443 1458 4509 pluralitate

171 4514 330 4566 declinamus
348 4516 456 4568 ratione.
494 4529 550 4564 nam
567 4526 644 4575 eques
664 4512 791 4562 Romanus
812 4540 843 4550 -
860 4522 975 4563 manente
993 4529 1030 4563 etc
1043 4514 1205 4566 adnotatione
1221 4522 1311 4579 postea
1327 4513 1459 4578 adscripta

172 4583 413 4647 ntdeawrproseeta
426 4600 481 4636 esse
533 4584 567 4634 22
585 4581 718 4632 Abiativus
728 4583 831 4639 -ata,
846 4581 863 4633 6
880 4583 998 4633 ductibus
1010 4582 1108 4636 Oltam.
1120 4583 1219 4648 pilli).
1229 4590 1336 4636 ceteram
1351 4584 1377 4634 in
1390 4597 1458 4632 mur-

171 4669 335 4738 ptnecodieia
342 4671 553 4733 praescriptaeet
567 4667 630 4720 daeo
643 4676 704 4721 nota
724 4667 757 4719 bo
773 4667 826 4733 l÷
837 4671 862 4719 iu
877 4669 943 4735 prio,
962 4685 1025 4736 quae
1039 4671 1076 4721 ad
1091 4677 1223 4722 tremam
1241 4670 1273 4720 de
1289 4669 1399 4733 casibus
1417 4672 1461 4736 qai

172 4748 213 4792 est
225 4743 253 4791 in
267 4742 347 4803 prim
360 4740 438 4793 libro,
457 4739 594 4790 incestiva
612 4747 670 4790 arte
688 4742 782 4790 tunore
796 4750 824 4799 ρ.
842 4738 894 4790 tna
912 4741 953 4790 ed.
972 4740 1064 4805 atad,
1079 4744 1209 4804 pertinere
1226 4741 1323 4790 oidetrcr
1379 4740 1414 4792 28
1432 4741 1457 4791 in

172 4809 311 4875 insyllaba
327 4807 352 4857 h
421 4809 455 4859 30
470 4813 584 4860 treunam
596 4811 712 4872 indicaui,
731 4825 781 4874 pren
798 4809 909 4873 definitio
924 4814 1042 4863 manum
1059 4813 1232 4876 spondeatum
1248 4811 1274 4859 ιἰι
1285 4811 1396 4862 ιιὸὶιιιίυο
1411 4809 1458 4861 lia·

172 4881 280 4932 omium
298 4881 394 4929 excidit
442 4879 472 4929 31
494 4879 525 4929 ab
542 4879 590 4930 hoc
608 4882 711 4946 paritet
726 4880 757 4928 ab
776 4879 824 4929 boc
837 4882 893 4946 pari
911 4881 936 4929 L
984 4880 1019 4932 32
1038 4882 1046 4930 i
1066 4881 1147 4931 littera
1168 4880 1190 4929 h
1242 4895 1284 4929 ιιιιι
1302 4880 1458 4945 syliabamh
