3346 5506
542 377 739 440 ttvsrtvv'rl
758 378 900 440 dll'llle
922 378 1089 440 728-744
1403 379 1460 439 155
1491 402 1493 406 ⁴

237 495 339 548 praesa
352 494 379 535 n.
1254 507 1276 548 r·
1291 494 1369 536 ³⁸2⁸
1385 494 1410 537 V·

321 564 383 627 bic
404 572 440 627 et
456 565 609 645 Narycii
628 571 839 644 posuerunt
858 565 1001 626 moenia
1023 565 1149 634 Locri;

200 665 285 739 eloco,
306 676 338 731 nt

320 769 408 830 binc
430 788 485 831 me
508 768 717 855 digressum
740 770 877 830 vestris
903 769 992 831 deus
1014 768 1162 848 appulit
1184 769 1270 830 oris.

262 869 406 932 ldrerbiis
424 871 660 951 praepositiones
681 878 786 951 putant
804 868 893 950 aliqui
914 874 1033 932 omnino
1053 872 1120 932 addi
1142 889 1201 931 non
1218 877 1367 949 oportere,
1391 888 1458 931 curn

199 972 317 1034 interdurn
337 980 461 1052 propter
484 990 573 1033 sonos
595 974 676 1050 iungi
699 991 820 1034 necesse
842 975 888 1042 sit,
908 980 941 1035 ut
962 973 1040 1049 apud
1058 973 1229 1033 Terentium
1485 994 1497 1031 s

322 1075 469 1136 interea
491 1073 628 1136 mulier
649 1075 830 1155 quaedam
854 1072 988 1136 abhinc
1011 1074 1215 1134 triennium

322 1195 362 1238 ex
384 1176 509 1237 Andro
529 1176 805 1253 commigravit,

200 1276 300 1357 etrpud
316 1277 475 1359 Vergilium

285 1372 288 1376 ’
496 1423 498 1428 2
524 1377 652 1441 Siculo
673 1380 871 1457 prospexit
893 1377 1071 1458 abusque
1093 1379 1276 1458 Pachyno.

199 1479 230 1538 n'c
248 1488 273 1541 et
292 1482 397 1543 ceteris
425 1481 571 1543 adverbiis
597 1480 759 1541 seeundum
788 1487 886 1541 certos
911 1498 1000 1541 sonos
1023 1482 1256 1558 praepositiones
1278 1480 1345 1541 addi
1374 1499 1460 1559 repe·
1476 1501 1500 1541 ro

199 1580 297 1643 rirotur.
340 1584 438 1645 omnia
461 1581 608 1651 adverbia,
632 1601 707 1662 quae
728 1581 764 1642 ab
783 1580 1027 1660 appellationibus
1049 1582 1232 1644 descendunt
1253 1588 1282 1642 et
1304 1601 1320 1643 e
1339 1577 1344 1663 l
1363 1580 1459 1643 littera

200 1683 373 1754 terminantur,
395 1685 541 1762 producto
559 1690 681 1744 accentu
705 1685 941 1761 pronuntiantur,
965 1691 1082 1763 utputa
1107 1685 1202 1762 prirne
1223 1690 1252 1744 et
1267 1690 1365 1744 cetera
1382 1682 1459 1744 talia.

199 1799 251 1844 sene
267 1784 337 1847 baec
359 1787 413 1846 tria
435 1786 652 1864 corripiuntur,
679 1783 755 1845 bene
774 1783 849 1847 male
868 1803 991 1863 magne,
1014 1794 1044 1846 et
1065 1788 1131 1848 ideo
1151 1787 1225 1847 baec
1247 1786 1459 1865 corripiuntur,

199 1888 308 1960 quoniam
326 1885 460 1948 anomala
484 1905 549 1948 esse
570 1887 770 1965 reperiuntur.
815 1896 885 1948 sunt
903 1887 1050 1956 adverbia,
1071 1906 1146 1968 quae
1169 1887 1273 1949 similia
1292 1887 1459 1948 nominibus

198 1982 369 2058 tremuntur,
396 1995 429 2050 ut
450 1996 521 2068 puta
538 1988 612 2050 talso
634 2006 740 2067 magno
763 1996 792 2050 et
811 1996 910 2050 cetera
933 1987 1008 2049 talia.
1053 1989 1222 2051 nominibus
1248 1988 1380 2051 locorum
1408 1988 1458 2049 ad·
1474 2009 1497 2050 rs

198 2085 333 2152 verbialiter
349 2092 452 2168 positis
470 2091 650 2170 praepositio
670 2091 747 2151 adici
765 2089 950 2167 prohibetur,
973 2098 1088 2171 utputa
1112 2091 1240 2153 ‘Romae
1256 2091 1324 2159 iui',
1347 2090 1460 2151 ‘Cirtae

198 2186 294 2261 uun’,
326 2191 444 2254 ‘Vticae
475 2199 611 2253 mortuus
644 2196 715 2262 est',
752 2191 849 2253 ‘domi
880 2196 974 2253 suur'.
1019 2194 1061 2254 sic
1092 2199 1121 2254 et
1152 2194 1259 2254 ceteris
1291 2191 1460 2252 nominibus

196 2282 300 2355 lotnnrnr
322 2293 527 2356 adverbialiter
548 2295 653 2372 positis
675 2294 855 2372 praepositio
878 2293 954 2354 adici
975 2311 1034 2353 non
1057 2295 1154 2356 debet.

259 2393 425 2468 Quaeritur,
450 2396 568 2477 quando
591 2396 670 2457 ioras
698 2403 728 2457 et
746 2396 864 2476 quando
884 2395 971 2464 ioris,
1003 2402 1031 2456 et
1050 2396 1167 2476 quando
1189 2396 1267 2456 iutro
1291 2403 1321 2457 et
1340 2395 1458 2473 quaudo

195 2490 255 2556 intus
268 2498 471 2577 significemus.
515 2515 608 2579 quare
629 2498 687 2559 hoc
710 2497 926 2559 observandum
947 2515 1117 2568 monemus,
1145 2498 1249 2557 sicuti
1272 2504 1301 2558 et
1321 2498 1350 2558 in
1372 2515 1457 2576 prae·
1472 2517 1498 2557 no

195 2595 362 2668 ludionibus
389 2602 543 2682 utriusque
566 2617 651 2661 casus
676 2601 897 2678 praecepimus,
923 2607 969 2670 ut,
999 2599 1116 2679 quando
1139 2617 1195 2659 nos
1217 2598 1315 2679 aliquo
1343 2600 1387 2660 ire
1414 2597 1458 2659 vel

195 2691 293 2761 loterel
316 2701 411 2762 ituros
433 2719 497 2764 esse
521 2702 738 2779 significamus,
771 2700 851 2762 ioras
870 2700 916 2763 vel
942 2704 1019 2762 intro
1049 2702 1295 2780 respondeamus,
1330 2707 1363 2762 ut
1388 2706 1458 2779 puta

195 2790 253 2873 ‘quo
267 2802 324 2861 isi'
346 2803 427 2864 foras
448 2801 494 2864 vel
515 2805 602 2870 intro,
626 2807 702 2883 ‘quo
722 2804 836 2864 ierasi'
860 2805 940 2865 ioras
961 2803 1006 2865 vel
1028 2806 1115 2871 intro,
1138 2805 1214 2882 ‘quo
1237 2805 1333 2864 iturus
1355 2802 1457 2864 suml'

195 2890 254 2961 ltras
269 2902 310 2965 vel
332 2906 425 2974 intro;
457 2912 570 2966 atvero
590 2906 710 2984 quando
729 2924 784 2966 nos
804 2904 912 2966 alicubi
935 2923 999 2967 esse
1022 2903 1066 2965 vel
1090 2905 1178 2965 luisse
1200 2904 1245 2965 vel
1262 2903 1377 2965 loturos
1393 2922 1457 2965 esse

195 2997 380 3077 §guldramus
407 3007 479 3067 ioris
500 3006 546 3067 vel
572 3008 652 3067 intus
680 3007 930 3085 respondeamus,
967 3014 1091 3085 utputa
1122 3006 1190 3067 ‘ubi
1218 3006 1283 3067 esi'
1319 3005 1391 3066 ioris
1413 3004 1496 3066 velas

195 3097 288 3192 intend}
303 3107 375 3169 ‘ubi
399 3107 519 3187 luistii’⁴
547 3108 619 3169 ioris
639 3107 682 3170 vel
710 3111 804 3177 intus,
838 3107 907 3168 ‘ubi
938 3108 1055 3170 iuturus
1077 3108 1169 3168 erisi'
1205 3109 1277 3169 ioris
1302 3107 1346 3168 vel
1370 3107 1456 3167 intus.

195 3197 246 3267 ilem
262 3217 290 3271 et
310 3209 388 3271 aliud
417 3217 626 3289 praeceptum,
655 3218 704 3281 ut,
734 3210 851 3291 quaudo
879 3209 928 3271 illo
957 3211 1171 3288 significamus,
1202 3211 1280 3271 ioras
1308 3208 1353 3271 vel
1379 3210 1457 3269 intro

194 3311 407 3385 reputamus,
430 3318 549 3391 utputa
571 3310 640 3372 ‘illo
661 3313 721 3382 iit,'
744 3314 825 3374 ionas
841 3310 886 3372 vel
901 3313 994 3379 intro;
1017 3318 1133 3371 atvero
1156 3311 1273 3391 quando
1294 3309 1352 3370 illic
1367 3312 1456 3387 signi·

194 3399 296 3481 finnus,
320 3413 393 3473 ioris
415 3411 461 3474 vel
481 3413 559 3475 intus
578 3415 819 3493 respondeamus,
842 3420 875 3475 ut
896 3420 966 3493 puta
985 3411 1064 3474 ‘illic
1086 3415 1157 3481 est,’
1180 3413 1253 3473 ioris
1277 3411 1322 3472 vel
1341 3414 1428 3473 intus.

254 3511 292 3576 lle
312 3514 464 3586 adverbio,
485 3522 627 3595 quantum
654 3517 729 3578 ratio
750 3515 900 3595 poscebat,
922 3515 1118 3577 tractavimus.
1468 3527 1495 3568 ao

706 3752 755 3814 DE
778 3753 914 3815 VERBO.

254 3919 379 3982 Verbum
400 3929 445 3983 est
466 3938 536 3999 pars
555 3923 705 3983 orationis.
751 3921 841 3983 verbo
860 3921 997 3983 accidunt
1015 3929 1140 3999 tempus,
1164 3922 1279 3990 modus,
1302 3939 1454 3989 numerus,

191 4024 301 4094 burna,
319 4039 413 4100 genus
433 4024 494 4084 sive
515 4022 648 4103 qualitas,
672 4025 848 4102 coniugatio,
870 4024 973 4103 irgrrra,
996 4025 1118 4101 speeies,
1141 4032 1290 4085 accentus.

253 4123 291 4186 lle
312 4131 456 4203 tempore.
499 4131 631 4204 tempora
654 4126 813 4189 verborum
836 4135 904 4188 sunt
926 4128 998 4197 tria,
1022 4143 1171 4205 praesens,
1195 4125 1275 4205 quod
1295 4131 1339 4185 est
1361 4130 1390 4185 et
1412 4126 1456 4185 in-

190 4218 256 4293 ⁸¹⁸¹¹tt
276 4226 479 4305 praeteritum,
501 4228 642 4289 laturum.
672 4229 851 4296 uurrclraec,
870 4245 958 4307 quem
975 4227 1146 4288 admodum
1163 4226 1260 4288 verbis
1280 4226 1454 4295 deserviant,
1486 4255 1498 4265 ··

188 4309 210 4374 ll
225 4323 411 4389 declinatione
430 4327 606 4409 probantur.

250 4428 290 4493 lle
312 4429 413 4491 modo.
456 4429 536 4489 modi
558 4427 716 4491 verborum
740 4437 809 4489 sunt
828 4436 912 4498 octo,
934 4429 1120 4500 indicativus,
1143 4432 1194 4507 qui
1210 4441 1253 4492 est
1274 4439 1303 4493 et
1324 4446 1455 4509 pronun·
1511 4452 1527 4467 ἰ

239 4629 320 4697 lbie]
344 4633 423 4698 Verp.
443 4632 510 4685 Acar.
531 4633 563 4683 lll
580 4631 632 4685 899
687 4631 794 4699 dbine]
816 4633 895 4699 Verp.
915 4634 983 4684 Aen.
1002 4634 1035 4683 lil
1056 4633 1107 4685 715
1168 4630 1244 4698 bsit]
1266 4634 1352 4684 eritR
1370 4645 1411 4714 est¹
1426 4649 1456 4681 ra

185 4699 464 4835 latuerunt
757 4699 1183 4824 conververtere
1197 4703 1252 4823 er
1274 4770 1308 4822 ι
1324 4703 1455 4822 ιιι

185 4823 265 4889 item
280 4856 296 4889 r
314 4838 360 4890 illo
377 4841 413 4892 ibi
428 4841 454 4892 B
523 4840 559 4893 30
576 4811 742 4893 tractauirnud
760 4842 785 4891 B
803 4843 866 4893 sotis
884 4843 1088 4893 tractanimuell
1159 4840 1195 4897 39
1210 4851 1249 4893 ost
1267 4856 1315 4895 our.
1333 4840 1372 4893 lla
