<?xml version="1.0" encoding="UTF-8"?>
<!DOCTYPE html PUBLIC "-//W3C//DTD XHTML 1.0 Transitional//EN"
    "http://www.w3.org/TR/xhtml1/DTD/xhtml1-transitional.dtd">
<html xmlns="http://www.w3.org/1999/xhtml" xml:lang="en" lang="en">
 <head>
  <title>
</title>
<meta http-equiv="Content-Type" content="text/html;charset=utf-8" />
  <meta name='ocr-system' content='tesseract 3.04.00' />
  <meta name='ocr-capabilities' content='ocr_page ocr_carea ocr_par ocr_line ocrx_word'/>
</head>
<body>
  <div class='ocr_page' id='page_1' title='image "./grammaticilatin05keilgoog/grammaticilatin05keilgoog_0557.png"; bbox 0 0 3314 5506; ppageno 0'>
   <div class='ocr_carea' id='block_1_1' title="bbox 225 377 1429 540">
    <p class='ocr_par' dir='ltr' id='par_1_1' title="bbox 225 377 1429 540">
     <span class='ocr_line' id='line_1_1' title="bbox 225 377 940 460; baseline -0.011 -12"><span class='ocrx_word' id='word_1_1' title='bbox 225 385 287 448; x_wconf 82' lang='lat' dir='ltr'><strong>aaa</strong></span> <span class='ocrx_word' id='word_1_2' title='bbox 788 377 940 460; x_wconf 79' lang='lat' dir='ltr'><strong>[sanan]</strong></span> 
     </span>
     <span class='ocr_line' id='line_1_2' title="bbox 1292 483 1429 540; baseline -0.029 -11"><span class='ocrx_word' id='word_1_3' title='bbox 1292 499 1314 540; x_wconf 70' lang='lat' dir='ltr'><strong>p.</strong></span> <span class='ocrx_word' id='word_1_4' title='bbox 1326 483 1429 529; x_wconf 66' lang='lat' dir='ltr'><strong>rana</strong></span> 
     </span>
    </p>
   </div>
   <div class='ocr_carea' id='block_1_2' title="bbox 132 565 1556 4318">
    <p class='ocr_par' dir='ltr' id='par_1_2' title="bbox 132 565 1556 4318">
     <span class='ocr_line' id='line_1_3' title="bbox 225 565 1472 647; baseline -0.002 -20"><span class='ocrx_word' id='word_1_5' title='bbox 225 568 301 637; x_wconf 90' lang='lat' dir='ltr'><strong>sior;</strong></span> <span class='ocrx_word' id='word_1_6' title='bbox 324 570 429 628; x_wconf 88' lang='lat' dir='ltr'><strong>iterum</strong></span> <span class='ocrx_word' id='word_1_7' title='bbox 453 566 561 647; x_wconf 84' lang='lat' dir='ltr'><strong>quoda</strong></span> <span class='ocrx_word' id='word_1_8' title='bbox 578 567 694 628; x_wconf 83' lang='lat' dir='ltr'><strong>fortuna</strong></span> <span class='ocrx_word' id='word_1_9' title='bbox 715 568 808 637; x_wconf 83' lang='lat' dir='ltr'><strong>venit,</strong></span> <span class='ocrx_word' id='word_1_10' title='bbox 832 574 864 628; x_wconf 89' lang='lat' dir='ltr'><strong>ut</strong></span> <span class='ocrx_word' id='word_1_11' title='bbox 885 566 965 627; x_wconf 84' lang='lat' dir='ltr'><strong>dives</strong></span> <span class='ocrx_word' id='word_1_12' title='bbox 987 565 1075 628; x_wconf 87' lang='lat' dir='ltr'><strong>ditior</strong></span> <span class='ocrx_word' id='word_1_13' title='bbox 1091 565 1134 627; x_wconf 86' lang='lat' dir='ltr'><strong>vel</strong></span> <span class='ocrx_word' id='word_1_14' title='bbox 1150 566 1283 638; x_wconf 79' lang='lat' dir='ltr'><strong>divitior,</strong></span> <span class='ocrx_word' id='word_1_15' title='bbox 1303 584 1385 647; x_wconf 84' lang='lat' dir='ltr'><strong>egem</strong></span> <span class='ocrx_word' id='word_1_16' title='bbox 1400 578 1472 644; x_wconf 73' lang='lat' dir='ltr'><strong>egen</strong></span> 
     </span>
     <span class='ocr_line' id='line_1_4' title="bbox 225 667 1477 748; baseline -0.002 -18"><span class='ocrx_word' id='word_1_17' title='bbox 225 671 297 740; x_wconf 91' lang='lat' dir='ltr'><strong>tlor;</strong></span> <span class='ocrx_word' id='word_1_18' title='bbox 321 689 337 730; x_wconf 94' lang='lat' dir='ltr'><strong>a</strong></span> <span class='ocrx_word' id='word_1_19' title='bbox 359 688 511 739; x_wconf 88' lang='lat' dir='ltr'><strong>mensura,</strong></span> <span class='ocrx_word' id='word_1_20' title='bbox 534 678 567 729; x_wconf 89' lang='lat' dir='ltr'><strong>ut</strong></span> <span class='ocrx_word' id='word_1_21' title='bbox 588 667 693 748; x_wconf 86' lang='lat' dir='ltr'><strong>longus</strong></span> <span class='ocrx_word' id='word_1_22' title='bbox 713 668 841 748; x_wconf 90' lang='lat' dir='ltr'><strong>longior,</strong></span> <span class='ocrx_word' id='word_1_23' title='bbox 864 667 940 729; x_wconf 89' lang='lat' dir='ltr'><strong>latus</strong></span> <span class='ocrx_word' id='word_1_24' title='bbox 962 667 1062 741; x_wconf 90' lang='lat' dir='ltr'><strong>latior,</strong></span> <span class='ocrx_word' id='word_1_25' title='bbox 1091 668 1167 730; x_wconf 87' lang='lat' dir='ltr'><strong>altus</strong></span> <span class='ocrx_word' id='word_1_26' title='bbox 1188 668 1291 741; x_wconf 89' lang='lat' dir='ltr'><strong>altior,</strong></span> <span class='ocrx_word' id='word_1_27' title='bbox 1319 668 1406 732; x_wconf 77' lang='lat' dir='ltr'><strong>brevis</strong></span> <span class='ocrx_word' id='word_1_28' title='bbox 1420 667 1477 731; x_wconf 78' lang='lat' dir='ltr'><strong>bre·</strong></span> 
     </span>
     <span class='ocr_line' id='line_1_5' title="bbox 225 770 1483 851; baseline -0.002 -20"><span class='ocrx_word' id='word_1_29' title='bbox 225 772 297 833; x_wconf 87' lang='lat' dir='ltr'><strong>rior.</strong></span> <span class='ocrx_word' id='word_1_30' title='bbox 340 773 393 833; x_wconf 88' lang='lat' dir='ltr'><strong>ista</strong></span> <span class='ocrx_word' id='word_1_31' title='bbox 416 780 485 832; x_wconf 88' lang='lat' dir='ltr'><strong>sunt</strong></span> <span class='ocrx_word' id='word_1_32' title='bbox 506 789 580 851; x_wconf 87' lang='lat' dir='ltr'><strong>quae</strong></span> <span class='ocrx_word' id='word_1_33' title='bbox 608 772 754 851; x_wconf 88' lang='lat' dir='ltr'><strong>recipiunt</strong></span> <span class='ocrx_word' id='word_1_34' title='bbox 776 772 1029 850; x_wconf 77' lang='lat' dir='ltr'><strong>conparationem,</strong></span> <span class='ocrx_word' id='word_1_35' title='bbox 1057 772 1185 851; x_wconf 87' lang='lat' dir='ltr'><strong>quaein</strong></span> <span class='ocrx_word' id='word_1_36' title='bbox 1207 770 1345 851; x_wconf 70' lang='lat' dir='ltr'><strong>qualitate</strong></span> <span class='ocrx_word' id='word_1_37' title='bbox 1363 779 1422 834; x_wconf 89' lang='lat' dir='ltr'><strong>sunt</strong></span> <span class='ocrx_word' id='word_1_38' title='bbox 1436 772 1483 830; x_wconf 87' lang='lat' dir='ltr'><strong>aul</strong></span> 
     </span>
     <span class='ocr_line' id='line_1_6' title="bbox 225 870 1486 954; baseline -0.002 -20"><span class='ocrx_word' id='word_1_39' title='bbox 225 875 393 954; x_wconf 88' lang='lat' dir='ltr'><strong>quantitate.</strong></span> <span class='ocrx_word' id='word_1_40' title='bbox 438 872 516 935; x_wconf 89' lang='lat' dir='ltr'><strong>unde</strong></span> <span class='ocrx_word' id='word_1_41' title='bbox 544 874 709 953; x_wconf 87' lang='lat' dir='ltr'><strong>quaeritur,</strong></span> <span class='ocrx_word' id='word_1_42' title='bbox 739 890 776 932; x_wconf 95' lang='lat' dir='ltr'><strong>an</strong></span> <span class='ocrx_word' id='word_1_43' title='bbox 804 871 935 933; x_wconf 85' lang='lat' dir='ltr'><strong>dicamus</strong></span> <span class='ocrx_word' id='word_1_44' title='bbox 957 872 1096 934; x_wconf 82' lang='lat' dir='ltr'><strong>Latinior.</strong></span> <span class='ocrx_word' id='word_1_45' title='bbox 1140 873 1166 933; x_wconf 91' lang='lat' dir='ltr'><strong>si</strong></span> <span class='ocrx_word' id='word_1_46' title='bbox 1193 873 1342 935; x_wconf 88' lang='lat' dir='ltr'><strong>bominem</strong></span> <span class='ocrx_word' id='word_1_47' title='bbox 1362 872 1395 935; x_wconf 84' lang='lat' dir='ltr'><strong>de</strong></span> <span class='ocrx_word' id='word_1_48' title='bbox 1412 870 1486 935; x_wconf 74' lang='lat' dir='ltr'><strong>lado</strong></span> 
     </span>
     <span class='ocr_line' id='line_1_7' title="bbox 186 973 1493 1056; baseline 0.004 -26"><span class='ocrx_word' id='word_1_49' title='bbox 186 992 198 1030; x_wconf 84' lang='lat' dir='ltr'><strong>s</strong></span> <span class='ocrx_word' id='word_1_50' title='bbox 225 975 351 1037; x_wconf 87' lang='lat' dir='ltr'><strong>volueris</strong></span> <span class='ocrx_word' id='word_1_51' title='bbox 379 975 492 1045; x_wconf 88' lang='lat' dir='ltr'><strong>dicere,</strong></span> <span class='ocrx_word' id='word_1_52' title='bbox 522 977 659 1055; x_wconf 89' lang='lat' dir='ltr'><strong>quoniam</strong></span> <span class='ocrx_word' id='word_1_53' title='bbox 688 975 783 1053; x_wconf 87' lang='lat' dir='ltr'><strong>gentis</strong></span> <span class='ocrx_word' id='word_1_54' title='bbox 805 981 863 1046; x_wconf 86' lang='lat' dir='ltr'><strong>est,</strong></span> <span class='ocrx_word' id='word_1_55' title='bbox 885 992 973 1055; x_wconf 88' lang='lat' dir='ltr'><strong>quem</strong></span> <span class='ocrx_word' id='word_1_56' title='bbox 995 974 1031 1035; x_wconf 90' lang='lat' dir='ltr'><strong>ad</strong></span> <span class='ocrx_word' id='word_1_57' title='bbox 1053 974 1174 1036; x_wconf 92' lang='lat' dir='ltr'><strong>modum</strong></span> <span class='ocrx_word' id='word_1_58' title='bbox 1196 973 1270 1037; x_wconf 84' lang='lat' dir='ltr'><strong>(licis</strong></span> <span class='ocrx_word' id='word_1_59' title='bbox 1291 975 1493 1056; x_wconf 77' lang='lat' dir='ltr'><strong>Campannaet</strong></span> 
     </span>
     <span class='ocr_line' id='line_1_8' title="bbox 225 1069 1499 1159; baseline 0.002 -22"><span class='ocrx_word' id='word_1_60' title='bbox 225 1096 283 1138; x_wconf 89' lang='lat' dir='ltr'><strong>non</strong></span> <span class='ocrx_word' id='word_1_61' title='bbox 312 1078 385 1139; x_wconf 89' lang='lat' dir='ltr'><strong>dicis</strong></span> <span class='ocrx_word' id='word_1_62' title='bbox 407 1076 597 1156; x_wconf 83' lang='lat' dir='ltr'><strong>Campanior,</strong></span> <span class='ocrx_word' id='word_1_63' title='bbox 625 1077 667 1137; x_wconf 90' lang='lat' dir='ltr'><strong>sic</strong></span> <span class='ocrx_word' id='word_1_64' title='bbox 689 1095 755 1138; x_wconf 92' lang='lat' dir='ltr'><strong>cum</strong></span> <span class='ocrx_word' id='word_1_65' title='bbox 779 1076 851 1137; x_wconf 89' lang='lat' dir='ltr'><strong>dieis</strong></span> <span class='ocrx_word' id='word_1_66' title='bbox 873 1076 1011 1151; x_wconf 87' lang='lat' dir='ltr'><strong>Latinus,</strong></span> <span class='ocrx_word' id='word_1_67' title='bbox 1033 1095 1093 1138; x_wconf 91' lang='lat' dir='ltr'><strong>non</strong></span> <span class='ocrx_word' id='word_1_68' title='bbox 1115 1075 1188 1137; x_wconf 90' lang='lat' dir='ltr'><strong>dieis</strong></span> <span class='ocrx_word' id='word_1_69' title='bbox 1209 1076 1350 1139; x_wconf 83' lang='lat' dir='ltr'><strong>Latinior.</strong></span> <span class='ocrx_word' id='word_1_70' title='bbox 1389 1069 1499 1159; x_wconf 44' lang='lat' dir='ltr'><strong>quel&amp;</strong></span> 
     </span>
     <span class='ocr_line' id='line_1_9' title="bbox 225 1177 1500 1261; baseline 0.001 -22"><span class='ocrx_word' id='word_1_71' title='bbox 225 1197 284 1239; x_wconf 91' lang='lat' dir='ltr'><strong>non</strong></span> <span class='ocrx_word' id='word_1_72' title='bbox 307 1181 345 1241; x_wconf 92' lang='lat' dir='ltr'><strong>sit</strong></span> <span class='ocrx_word' id='word_1_73' title='bbox 366 1181 475 1257; x_wconf 88' lang='lat' dir='ltr'><strong>gentis,</strong></span> <span class='ocrx_word' id='word_1_74' title='bbox 503 1179 555 1239; x_wconf 86' lang='lat' dir='ltr'><strong>sed</strong></span> <span class='ocrx_word' id='word_1_75' title='bbox 577 1177 766 1250; x_wconf 89' lang='lat' dir='ltr'><strong>elocutionis,</strong></span> <span class='ocrx_word' id='word_1_76' title='bbox 794 1185 891 1259; x_wconf 87' lang='lat' dir='ltr'><strong>potest</strong></span> <span class='ocrx_word' id='word_1_77' title='bbox 911 1179 1046 1259; x_wconf 90' lang='lat' dir='ltr'><strong>recipere</strong></span> <span class='ocrx_word' id='word_1_78' title='bbox 1068 1179 1326 1258; x_wconf 85' lang='lat' dir='ltr'><strong>conparationem,</strong></span> <span class='ocrx_word' id='word_1_79' title='bbox 1347 1188 1393 1251; x_wconf 87' lang='lat' dir='ltr'><strong>ut,</strong></span> <span class='ocrx_word' id='word_1_80' title='bbox 1410 1189 1500 1261; x_wconf 81' lang='lat' dir='ltr'><strong>quern</strong></span> 
     </span>
     <span class='ocr_line' id='line_1_10' title="bbox 224 1279 1505 1370; baseline -0.002 -30"><span class='ocrx_word' id='word_1_81' title='bbox 224 1279 260 1340; x_wconf 94' lang='lat' dir='ltr'><strong>ad</strong></span> <span class='ocrx_word' id='word_1_82' title='bbox 283 1281 402 1342; x_wconf 90' lang='lat' dir='ltr'><strong>modum</strong></span> <span class='ocrx_word' id='word_1_83' title='bbox 431 1281 503 1343; x_wconf 92' lang='lat' dir='ltr'><strong>dicis</strong></span> <span class='ocrx_word' id='word_1_84' title='bbox 532 1280 658 1342; x_wconf 89' lang='lat' dir='ltr'><strong>disertus</strong></span> <span class='ocrx_word' id='word_1_85' title='bbox 680 1279 834 1351; x_wconf 85' lang='lat' dir='ltr'><strong>disertior,</strong></span> <span class='ocrx_word' id='word_1_86' title='bbox 857 1281 897 1342; x_wconf 90' lang='lat' dir='ltr'><strong>ila</strong></span> <span class='ocrx_word' id='word_1_87' title='bbox 919 1280 999 1343; x_wconf 86' lang='lat' dir='ltr'><strong>dicas</strong></span> <span class='ocrx_word' id='word_1_88' title='bbox 1020 1280 1141 1370; x_wconf 84' lang='lat' dir='ltr'><strong>Latinus</strong></span> <span class='ocrx_word' id='word_1_89' title='bbox 1163 1280 1314 1352; x_wconf 71' lang='lat' dir='ltr'><strong>latiniors</strong></span> <span class='ocrx_word' id='word_1_90' title='bbox 1341 1289 1370 1344; x_wconf 91' lang='lat' dir='ltr'><strong>et</strong></span> <span class='ocrx_word' id='word_1_91' title='bbox 1388 1283 1434 1344; x_wconf 86' lang='lat' dir='ltr'><strong>erit</strong></span> <span class='ocrx_word' id='word_1_92' title='bbox 1448 1289 1505 1342; x_wconf 74' lang='lat' dir='ltr'><strong>ex</strong></span> 
     </span>
     <span class='ocr_line' id='line_1_11' title="bbox 224 1381 1515 1463; baseline 0.002 -21"><span class='ocrx_word' id='word_1_93' title='bbox 224 1381 271 1442; x_wconf 91' lang='lat' dir='ltr'><strong>bis</strong></span> <span class='ocrx_word' id='word_1_94' title='bbox 297 1401 372 1463; x_wconf 84' lang='lat' dir='ltr'><strong>quae</strong></span> <span class='ocrx_word' id='word_1_95' title='bbox 402 1381 439 1444; x_wconf 90' lang='lat' dir='ltr'><strong>ab</strong></span> <span class='ocrx_word' id='word_1_96' title='bbox 461 1384 559 1443; x_wconf 90' lang='lat' dir='ltr'><strong>animo</strong></span> <span class='ocrx_word' id='word_1_97' title='bbox 581 1384 710 1444; x_wconf 86' lang='lat' dir='ltr'><strong>veniunt</strong></span> <span class='ocrx_word' id='word_1_98' title='bbox 756 1383 959 1460; x_wconf 85' lang='lat' dir='ltr'><strong>conparativus</strong></span> <span class='ocrx_word' id='word_1_99' title='bbox 981 1382 1090 1461; x_wconf 88' lang='lat' dir='ltr'><strong>gradus</strong></span> <span class='ocrx_word' id='word_1_100' title='bbox 1111 1381 1207 1445; x_wconf 91' lang='lat' dir='ltr'><strong>tribus</strong></span> <span class='ocrx_word' id='word_1_101' title='bbox 1228 1382 1346 1446; x_wconf 82' lang='lat' dir='ltr'><strong>casibus</strong></span> <span class='ocrx_word' id='word_1_102' title='bbox 1363 1385 1515 1463; x_wconf 68' lang='lat' dir='ltr'><strong>iungitur,</strong></span> 
     </span>
     <span class='ocr_line' id='line_1_12' title="bbox 187 1483 1520 1566; baseline 0 -21"><span class='ocrx_word' id='word_1_103' title='bbox 187 1499 211 1538; x_wconf 78' lang='grc' dir='ltr'><strong>ιο</strong></span> <span class='ocrx_word' id='word_1_104' title='bbox 224 1483 364 1555; x_wconf 87' lang='lat' dir='ltr'><strong>ablativo,</strong></span> <span class='ocrx_word' id='word_1_105' title='bbox 397 1486 467 1546; x_wconf 89' lang='lat' dir='ltr'><strong>item</strong></span> <span class='ocrx_word' id='word_1_106' title='bbox 500 1486 625 1565; x_wconf 88' lang='lat' dir='ltr'><strong>septimo</strong></span> <span class='ocrx_word' id='word_1_107' title='bbox 657 1491 687 1546; x_wconf 89' lang='lat' dir='ltr'><strong>et</strong></span> <span class='ocrx_word' id='word_1_108' title='bbox 717 1485 895 1557; x_wconf 86' lang='lat' dir='ltr'><strong>nominativo</strong></span> <span class='ocrx_word' id='word_1_109' title='bbox 927 1485 1040 1546; x_wconf 89' lang='lat' dir='ltr'><strong>adiecta</strong></span> <span class='ocrx_word' id='word_1_110' title='bbox 1065 1483 1209 1564; x_wconf 86' lang='lat' dir='ltr'><strong>particula</strong></span> <span class='ocrx_word' id='word_1_111' title='bbox 1239 1502 1338 1566; x_wconf 85' lang='lat' dir='ltr'><strong>qnam.</strong></span> <span class='ocrx_word' id='word_1_112' title='bbox 1379 1485 1520 1546; x_wconf 72' lang='lat' dir='ltr'><strong>dianus</strong></span> 
     </span>
     <span class='ocr_line' id='line_1_13' title="bbox 224 1583 1522 1671; baseline -0.001 -24"><span class='ocrx_word' id='word_1_113' title='bbox 224 1587 303 1648; x_wconf 90' lang='lat' dir='ltr'><strong>euim</strong></span> <span class='ocrx_word' id='word_1_114' title='bbox 327 1586 450 1648; x_wconf 76' lang='lat' dir='ltr'><strong>‘tortior</strong></span> <span class='ocrx_word' id='word_1_115' title='bbox 471 1585 507 1647; x_wconf 92' lang='lat' dir='ltr'><strong>ab</strong></span> <span class='ocrx_word' id='word_1_116' title='bbox 530 1585 597 1648; x_wconf 91' lang='lat' dir='ltr'><strong>illo’</strong></span> <span class='ocrx_word' id='word_1_117' title='bbox 621 1586 796 1671; x_wconf 84' lang='lat' dir='ltr'><strong>et‘iortior</strong></span> <span class='ocrx_word' id='word_1_118' title='bbox 817 1584 896 1647; x_wconf 92' lang='lat' dir='ltr'><strong>illo’.</strong></span> <span class='ocrx_word' id='word_1_119' title='bbox 940 1584 991 1648; x_wconf 91' lang='lat' dir='ltr'><strong>sed</strong></span> <span class='ocrx_word' id='word_1_120' title='bbox 1014 1584 1083 1646; x_wconf 93' lang='lat' dir='ltr'><strong>illud</strong></span> <span class='ocrx_word' id='word_1_121' title='bbox 1106 1587 1238 1666; x_wconf 86' lang='lat' dir='ltr'><strong>quamvis</strong></span> <span class='ocrx_word' id='word_1_122' title='bbox 1260 1594 1291 1648; x_wconf 90' lang='lat' dir='ltr'><strong>et</strong></span> <span class='ocrx_word' id='word_1_123' title='bbox 1311 1588 1439 1649; x_wconf 87' lang='lat' dir='ltr'><strong>rationem</strong></span> <span class='ocrx_word' id='word_1_124' title='bbox 1455 1583 1522 1646; x_wconf 69' lang='lat' dir='ltr'><strong>e!</strong></span> 
     </span>
     <span class='ocr_line' id='line_1_14' title="bbox 224 1669 1525 1759; baseline 0 -11"><span class='ocrx_word' id='word_1_125' title='bbox 224 1689 426 1750; x_wconf 88' lang='lat' dir='ltr'><strong>auctoritatem</strong></span> <span class='ocrx_word' id='word_1_126' title='bbox 448 1688 567 1759; x_wconf 91' lang='lat' dir='ltr'><strong>habeat,</strong></span> <span class='ocrx_word' id='word_1_127' title='bbox 590 1690 621 1748; x_wconf 90' lang='lat' dir='ltr'><strong>in</strong></span> <span class='ocrx_word' id='word_1_128' title='bbox 644 1706 697 1749; x_wconf 93' lang='lat' dir='ltr'><strong>usu</strong></span> <span class='ocrx_word' id='word_1_129' title='bbox 719 1696 817 1749; x_wconf 89' lang='lat' dir='ltr'><strong>tamen</strong></span> <span class='ocrx_word' id='word_1_130' title='bbox 841 1706 898 1748; x_wconf 92' lang='lat' dir='ltr'><strong>nou</strong></span> <span class='ocrx_word' id='word_1_131' title='bbox 922 1695 979 1759; x_wconf 89' lang='lat' dir='ltr'><strong>est,</strong></span> <span class='ocrx_word' id='word_1_132' title='bbox 1002 1696 1035 1748; x_wconf 91' lang='lat' dir='ltr'><strong>ut</strong></span> <span class='ocrx_word' id='word_1_133' title='bbox 1056 1669 1187 1748; x_wconf 82' lang='lat' dir='ltr'><strong>dicamus</strong></span> <span class='ocrx_word' id='word_1_134' title='bbox 1214 1687 1339 1750; x_wconf 71' lang='lat' dir='ltr'><strong>“lortior</strong></span> <span class='ocrx_word' id='word_1_135' title='bbox 1359 1687 1394 1751; x_wconf 93' lang='lat' dir='ltr'><strong>ab</strong></span> <span class='ocrx_word' id='word_1_136' title='bbox 1412 1685 1465 1749; x_wconf 89' lang='lat' dir='ltr'><strong>illo&#39;</strong></span> <span class='ocrx_word' id='word_1_137' title='bbox 1499 1696 1525 1748; x_wconf 84' lang='lat'><strong>;</strong></span> 
     </span>
     <span class='ocr_line' id='line_1_15' title="bbox 224 1787 1130 1870; baseline -0.002 -20"><span class='ocrx_word' id='word_1_138' title='bbox 224 1790 275 1851; x_wconf 90' lang='lat' dir='ltr'><strong>sed</strong></span> <span class='ocrx_word' id='word_1_139' title='bbox 298 1791 423 1852; x_wconf 90' lang='lat' dir='ltr'><strong>dicimus</strong></span> <span class='ocrx_word' id='word_1_140' title='bbox 446 1791 568 1852; x_wconf 86' lang='lat' dir='ltr'><strong>‘lortior</strong></span> <span class='ocrx_word' id='word_1_141' title='bbox 589 1787 667 1862; x_wconf 89' lang='lat' dir='ltr'><strong>illo&#39;,</strong></span> <span class='ocrx_word' id='word_1_142' title='bbox 692 1788 861 1870; x_wconf 75' lang='lat' dir='ltr'><strong>‘pulchrior</strong></span> <span class='ocrx_word' id='word_1_143' title='bbox 882 1787 965 1850; x_wconf 86' lang='lat' dir='ltr'><strong>illo’:</strong></span> <span class='ocrx_word' id='word_1_144' title='bbox 988 1788 1130 1850; x_wconf 88' lang='lat' dir='ltr'><strong>luvenalis</strong></span> 
     </span>
     <span class='ocr_line' id='line_1_16' title="bbox 1067 1888 1354 1972; baseline 0.003 -20"><span class='ocrx_word' id='word_1_145' title='bbox 1067 1891 1264 1972; x_wconf 88' lang='lat' dir='ltr'><strong>pulchrior</strong></span> <span class='ocrx_word' id='word_1_146' title='bbox 1286 1888 1354 1953; x_wconf 88' lang='lat' dir='ltr'><strong>illa</strong></span> 
     </span>
     <span class='ocr_line' id='line_1_17' title="bbox 186 1992 1332 2074; baseline 0.002 -22"><span class='ocrx_word' id='word_1_147' title='bbox 186 2019 210 2060; x_wconf 73' lang='lat' dir='ltr'><strong>n</strong></span> <span class='ocrx_word' id='word_1_148' title='bbox 375 1993 458 2065; x_wconf 90' lang='lat' dir='ltr'><strong>hoc,</strong></span> <span class='ocrx_word' id='word_1_149' title='bbox 482 2001 592 2074; x_wconf 89' lang='lat' dir='ltr'><strong>atque</strong></span> <span class='ocrx_word' id='word_1_150' title='bbox 613 1992 680 2054; x_wconf 90' lang='lat' dir='ltr'><strong>ille</strong></span> <span class='ocrx_word' id='word_1_151' title='bbox 702 1992 791 2063; x_wconf 92' lang='lat' dir='ltr'><strong>alio,</strong></span> <span class='ocrx_word' id='word_1_152' title='bbox 822 1992 937 2054; x_wconf 88' lang='lat' dir='ltr'><strong>multo</strong></span> <span class='ocrx_word' id='word_1_153' title='bbox 959 1994 1018 2054; x_wconf 92' lang='lat' dir='ltr'><strong>bic</strong></span> <span class='ocrx_word' id='word_1_154' title='bbox 1039 1992 1234 2055; x_wconf 86' lang='lat' dir='ltr'><strong>robustior</strong></span> <span class='ocrx_word' id='word_1_155' title='bbox 1256 1992 1332 2054; x_wconf 92' lang='lat' dir='ltr'><strong>illo.</strong></span> 
     </span>
     <span class='ocr_line' id='line_1_18' title="bbox 223 2084 1530 2176; baseline 0 -21"><span class='ocrx_word' id='word_1_156' title='bbox 223 2098 301 2157; x_wconf 88' lang='lat' dir='ltr'><strong>inter</strong></span> <span class='ocrx_word' id='word_1_157' title='bbox 333 2094 489 2157; x_wconf 84' lang='lat' dir='ltr'><strong>ablativum</strong></span> <span class='ocrx_word' id='word_1_158' title='bbox 520 2104 616 2156; x_wconf 83' lang='lat' dir='ltr'><strong>auteur</strong></span> <span class='ocrx_word' id='word_1_159' title='bbox 649 2103 678 2156; x_wconf 87' lang='lat' dir='ltr'><strong>et</strong></span> <span class='ocrx_word' id='word_1_160' title='bbox 712 2097 791 2156; x_wconf 87' lang='lat' dir='ltr'><strong>inter</strong></span> <span class='ocrx_word' id='word_1_161' title='bbox 818 2096 974 2175; x_wconf 90' lang='lat' dir='ltr'><strong>septimum</strong></span> <span class='ocrx_word' id='word_1_162' title='bbox 1002 2084 1179 2176; x_wconf 85' lang='lat' dir='ltr'><strong>praepositio</strong></span> <span class='ocrx_word' id='word_1_163' title='bbox 1206 2094 1269 2158; x_wconf 89' lang='lat' dir='ltr'><strong>sola</strong></span> <span class='ocrx_word' id='word_1_164' title='bbox 1298 2096 1530 2158; x_wconf 74' lang='lat' dir='ltr'><strong>discretionem</strong></span> 
     </span>
     <span class='ocr_line' id='line_1_19' title="bbox 223 2192 1532 2279; baseline -0.001 -21"><span class='ocrx_word' id='word_1_165' title='bbox 223 2198 302 2258; x_wconf 87' lang='lat' dir='ltr'><strong>iacit.</strong></span> <span class='ocrx_word' id='word_1_166' title='bbox 347 2201 418 2276; x_wconf 89' lang='lat' dir='ltr'><strong>er&#39;go</strong></span> <span class='ocrx_word' id='word_1_167' title='bbox 442 2197 498 2259; x_wconf 92' lang='lat' dir='ltr'><strong>boc</strong></span> <span class='ocrx_word' id='word_1_168' title='bbox 520 2199 660 2279; x_wconf 86' lang='lat' dir='ltr'><strong>septimo,</strong></span> <span class='ocrx_word' id='word_1_169' title='bbox 684 2206 716 2260; x_wconf 92' lang='lat' dir='ltr'><strong>ut</strong></span> <span class='ocrx_word' id='word_1_170' title='bbox 737 2198 870 2259; x_wconf 89' lang='lat' dir='ltr'><strong>dicamus</strong></span> <span class='ocrx_word' id='word_1_171' title='bbox 892 2197 1014 2259; x_wconf 81' lang='lat' dir='ltr'><strong>‘tortior</strong></span> <span class='ocrx_word' id='word_1_172' title='bbox 1035 2197 1119 2266; x_wconf 89' lang='lat' dir='ltr'><strong>illo’;</strong></span> <span class='ocrx_word' id='word_1_173' title='bbox 1143 2205 1172 2258; x_wconf 87' lang='lat' dir='ltr'><strong>et</strong></span> <span class='ocrx_word' id='word_1_174' title='bbox 1192 2198 1272 2260; x_wconf 90' lang='lat' dir='ltr'><strong>hunc</strong></span> <span class='ocrx_word' id='word_1_175' title='bbox 1294 2198 1393 2260; x_wconf 91' lang='lat' dir='ltr'><strong>dicunt</strong></span> <span class='ocrx_word' id='word_1_176' title='bbox 1409 2192 1532 2278; x_wconf 73' lang='lat' dir='ltr'><strong>septi⁶</strong></span> 
     </span>
     <span class='ocr_line' id='line_1_20' title="bbox 224 2291 1533 2381; baseline -0.002 -22"><span class='ocrx_word' id='word_1_177' title='bbox 224 2318 304 2361; x_wconf 89' lang='lat' dir='ltr'><strong>mum</strong></span> <span class='ocrx_word' id='word_1_178' title='bbox 337 2318 447 2361; x_wconf 89' lang='lat' dir='ltr'><strong>casum.</strong></span> <span class='ocrx_word' id='word_1_179' title='bbox 490 2302 637 2379; x_wconf 89' lang='lat' dir='ltr'><strong>iungimus</strong></span> <span class='ocrx_word' id='word_1_180' title='bbox 670 2301 756 2361; x_wconf 91' lang='lat' dir='ltr'><strong>etiam</strong></span> <span class='ocrx_word' id='word_1_181' title='bbox 789 2300 966 2361; x_wconf 86' lang='lat' dir='ltr'><strong>nominativo</strong></span> <span class='ocrx_word' id='word_1_182' title='bbox 1000 2300 1129 2380; x_wconf 87' lang='lat' dir='ltr'><strong>adposita</strong></span> <span class='ocrx_word' id='word_1_183' title='bbox 1161 2299 1307 2381; x_wconf 87' lang='lat' dir='ltr'><strong>particula</strong></span> <span class='ocrx_word' id='word_1_184' title='bbox 1339 2318 1431 2381; x_wconf 70' lang='lat' dir='ltr'><strong>quarm</strong></span> <span class='ocrx_word' id='word_1_185' title='bbox 1457 2291 1533 2356; x_wconf 75' lang='grc' dir='ltr'><strong>ιιῑ</strong></span> 
     </span>
     <span class='ocr_line' id='line_1_21' title="bbox 224 2391 1534 2488; baseline -0.001 -28"><span class='ocrx_word' id='word_1_186' title='bbox 224 2401 347 2461; x_wconf 83' lang='lat' dir='ltr'><strong>‘sortior</strong></span> <span class='ocrx_word' id='word_1_187' title='bbox 375 2419 462 2479; x_wconf 90' lang='lat' dir='ltr'><strong>qnam</strong></span> <span class='ocrx_word' id='word_1_188' title='bbox 490 2401 566 2462; x_wconf 93' lang='lat' dir='ltr'><strong>ille’.</strong></span> <span class='ocrx_word' id='word_1_189' title='bbox 611 2420 666 2462; x_wconf 92' lang='lat' dir='ltr'><strong>nec</strong></span> <span class='ocrx_word' id='word_1_190' title='bbox 693 2400 798 2488; x_wconf 88' lang='lat' dir='ltr'><strong>solum</strong></span> <span class='ocrx_word' id='word_1_191' title='bbox 816 2419 939 2462; x_wconf 91' lang='lat' dir='ltr'><strong>numero</strong></span> <span class='ocrx_word' id='word_1_192' title='bbox 967 2400 1108 2480; x_wconf 80' lang='lat' dir='ltr'><strong>singulari</strong></span> <span class='ocrx_word' id='word_1_193' title='bbox 1140 2401 1186 2464; x_wconf 90' lang='lat' dir='ltr'><strong>bis</strong></span> <span class='ocrx_word' id='word_1_194' title='bbox 1219 2403 1335 2466; x_wconf 87' lang='lat' dir='ltr'><strong>casibus</strong></span> <span class='ocrx_word' id='word_1_195' title='bbox 1366 2391 1534 2463; x_wconf 62' lang='lat' dir='ltr'><strong>cohaeret</strong></span> 
     </span>
     <span class='ocr_line' id='line_1_22' title="bbox 184 2501 1531 2583; baseline -0.003 -17"><span class='ocrx_word' id='word_1_196' title='bbox 184 2526 209 2567; x_wconf 79' lang='lat' dir='ltr'><strong>aa</strong></span> <span class='ocrx_word' id='word_1_197' title='bbox 224 2505 443 2583; x_wconf 87' lang='lat' dir='ltr'><strong>conparativus,</strong></span> <span class='ocrx_word' id='word_1_198' title='bbox 475 2501 526 2563; x_wconf 89' lang='lat' dir='ltr'><strong>sed</strong></span> <span class='ocrx_word' id='word_1_199' title='bbox 549 2504 635 2564; x_wconf 90' lang='lat' dir='ltr'><strong>etiam</strong></span> <span class='ocrx_word' id='word_1_200' title='bbox 658 2503 778 2583; x_wconf 84' lang='lat' dir='ltr'><strong>plurali,</strong></span> <span class='ocrx_word' id='word_1_201' title='bbox 808 2504 911 2565; x_wconf 81' lang='lat' dir='ltr'><strong>tortior</strong></span> <span class='ocrx_word' id='word_1_202' title='bbox 936 2502 1000 2574; x_wconf 90' lang='lat' dir='ltr'><strong>illo,</strong></span> <span class='ocrx_word' id='word_1_203' title='bbox 1030 2501 1134 2564; x_wconf 86' lang='lat' dir='ltr'><strong>lortior</strong></span> <span class='ocrx_word' id='word_1_204' title='bbox 1166 2503 1239 2576; x_wconf 89' lang='lat' dir='ltr'><strong>illis,</strong></span> <span class='ocrx_word' id='word_1_205' title='bbox 1278 2506 1382 2566; x_wconf 79' lang='lat' dir='ltr'><strong>tortior</strong></span> <span class='ocrx_word' id='word_1_206' title='bbox 1410 2504 1531 2583; x_wconf 70' lang='grc' dir='ltr'><strong>φησὶ</strong></span> 
     </span>
     <span class='ocr_line' id='line_1_23' title="bbox 223 2603 1532 2686; baseline -0.002 -21"><span class='ocrx_word' id='word_1_207' title='bbox 223 2604 287 2676; x_wconf 91' lang='lat' dir='ltr'><strong>ille,</strong></span> <span class='ocrx_word' id='word_1_208' title='bbox 316 2606 422 2666; x_wconf 84' lang='lat' dir='ltr'><strong>tortior</strong></span> <span class='ocrx_word' id='word_1_209' title='bbox 449 2624 536 2685; x_wconf 83' lang='lat' dir='ltr'><strong>quam</strong></span> <span class='ocrx_word' id='word_1_210' title='bbox 565 2604 615 2665; x_wconf 92' lang='lat' dir='ltr'><strong>illi.</strong></span> <span class='ocrx_word' id='word_1_211' title='bbox 659 2608 791 2685; x_wconf 82' lang='lat' dir='ltr'><strong>praefert</strong></span> <span class='ocrx_word' id='word_1_212' title='bbox 817 2623 871 2666; x_wconf 89' lang='lat' dir='ltr'><strong>nos</strong></span> <span class='ocrx_word' id='word_1_213' title='bbox 893 2603 942 2666; x_wconf 90' lang='lat' dir='ltr'><strong>illc</strong></span> <span class='ocrx_word' id='word_1_214' title='bbox 964 2607 1168 2686; x_wconf 86' lang='lat' dir='ltr'><strong>conparatirus</strong></span> <span class='ocrx_word' id='word_1_215' title='bbox 1189 2605 1299 2685; x_wconf 89' lang='lat' dir='ltr'><strong>gradus</strong></span> <span class='ocrx_word' id='word_1_216' title='bbox 1321 2607 1532 2668; x_wconf 64' lang='lat' dir='ltr'><strong>etexnanoo</strong></span> 
     </span>
     <span class='ocr_line' id='line_1_24' title="bbox 223 2709 1532 2787; baseline -0.003 -18"><span class='ocrx_word' id='word_1_217' title='bbox 223 2716 252 2769; x_wconf 92' lang='lat' dir='ltr'><strong>et</strong></span> <span class='ocrx_word' id='word_1_218' title='bbox 274 2716 376 2768; x_wconf 91' lang='lat' dir='ltr'><strong>nostro</strong></span> <span class='ocrx_word' id='word_1_219' title='bbox 399 2709 510 2786; x_wconf 82' lang='lat' dir='ltr'><strong>generi.</strong></span> <span class='ocrx_word' id='word_1_220' title='bbox 555 2709 762 2786; x_wconf 86' lang='lat' dir='ltr'><strong>grammaticus</strong></span> <span class='ocrx_word' id='word_1_221' title='bbox 783 2709 861 2767; x_wconf 90' lang='lat' dir='ltr'><strong>inter</strong></span> <span class='ocrx_word' id='word_1_222' title='bbox 883 2709 1089 2785; x_wconf 89' lang='lat' dir='ltr'><strong>grammaticos</strong></span> <span class='ocrx_word' id='word_1_223' title='bbox 1116 2710 1162 2769; x_wconf 90' lang='lat' dir='ltr'><strong>sui</strong></span> <span class='ocrx_word' id='word_1_224' title='bbox 1183 2711 1317 2787; x_wconf 88' lang='lat' dir='ltr'><strong>generis,</strong></span> <span class='ocrx_word' id='word_1_225' title='bbox 1339 2709 1413 2769; x_wconf 90' lang='lat' dir='ltr'><strong>inter</strong></span> <span class='ocrx_word' id='word_1_226' title='bbox 1430 2717 1532 2767; x_wconf 75' lang='lat' dir='ltr'><strong>ora‘</strong></span> 
     </span>
     <span class='ocr_line' id='line_1_25' title="bbox 223 2808 1534 2890; baseline 0 -20"><span class='ocrx_word' id='word_1_227' title='bbox 223 2818 302 2872; x_wconf 90' lang='lat' dir='ltr'><strong>tores</strong></span> <span class='ocrx_word' id='word_1_228' title='bbox 325 2808 458 2871; x_wconf 85' lang='lat' dir='ltr'><strong>extranei</strong></span> <span class='ocrx_word' id='word_1_229' title='bbox 480 2811 597 2888; x_wconf 88' lang='lat' dir='ltr'><strong>generis</strong></span> <span class='ocrx_word' id='word_1_230' title='bbox 620 2817 672 2870; x_wconf 89' lang='lat' dir='ltr'><strong>est.</strong></span> <span class='ocrx_word' id='word_1_231' title='bbox 702 2826 821 2889; x_wconf 89' lang='lat' dir='ltr'><strong>possnrn</strong></span> <span class='ocrx_word' id='word_1_232' title='bbox 837 2816 934 2870; x_wconf 87' lang='lat' dir='ltr'><strong>tamon</strong></span> <span class='ocrx_word' id='word_1_233' title='bbox 950 2809 1049 2871; x_wconf 88' lang='lat' dir='ltr'><strong>dicere</strong></span> <span class='ocrx_word' id='word_1_234' title='bbox 1073 2810 1144 2871; x_wconf 85' lang='lat' dir='ltr'><strong>‘iste</strong></span> <span class='ocrx_word' id='word_1_235' title='bbox 1166 2812 1375 2890; x_wconf 88' lang='lat' dir='ltr'><strong>grammaticus</strong></span> <span class='ocrx_word' id='word_1_236' title='bbox 1388 2808 1534 2871; x_wconf 68' lang='lat' dir='ltr'><strong>domos</strong></span> 
     </span>
     <span class='ocr_line' id='line_1_26' title="bbox 223 2911 1534 2991; baseline 0 -19"><span class='ocrx_word' id='word_1_237' title='bbox 223 2922 267 2974; x_wconf 91' lang='lat' dir='ltr'><strong>est</strong></span> <span class='ocrx_word' id='word_1_238' title='bbox 295 2912 494 2991; x_wconf 85' lang='lat' dir='ltr'><strong>grammaticis</strong></span> <span class='ocrx_word' id='word_1_239' title='bbox 522 2911 692 2981; x_wconf 88' lang='lat' dir='ltr'><strong>omnibus&#39;,</strong></span> <span class='ocrx_word' id='word_1_240' title='bbox 721 2912 841 2972; x_wconf 89' lang='lat' dir='ltr'><strong>etitem</strong></span> <span class='ocrx_word' id='word_1_241' title='bbox 864 2912 929 2971; x_wconf 88' lang='lat' dir='ltr'><strong>dico</strong></span> <span class='ocrx_word' id='word_1_242' title='bbox 952 2911 1086 2972; x_wconf 69' lang='lat' dir='ltr'><strong>‘doctior</strong></span> <span class='ocrx_word' id='word_1_243' title='bbox 1109 2911 1305 2974; x_wconf 87' lang='lat' dir='ltr'><strong>oratoribus&#39;.</strong></span> <span class='ocrx_word' id='word_1_244' title='bbox 1349 2914 1379 2972; x_wconf 94' lang='lat' dir='ltr'><strong>ln</strong></span> <span class='ocrx_word' id='word_1_245' title='bbox 1399 2916 1534 2991; x_wconf 72' lang='lat' dir='ltr'><strong>super·</strong></span> 
     </span>
     <span class='ocr_line' id='line_1_27' title="bbox 132 3013 1537 3091; baseline -0.006 -11"><span class='ocrx_word' id='word_1_246' title='bbox 132 3015 133 3018; x_wconf 64' lang='grc'>’</span> <span class='ocrx_word' id='word_1_247' title='bbox 183 3014 307 3079; x_wconf 73' lang='lat' dir='ltr'><strong>asiatico</strong></span> <span class='ocrx_word' id='word_1_248' title='bbox 336 3021 429 3075; x_wconf 86' lang='lat' dir='ltr'><strong>totum</strong></span> <span class='ocrx_word' id='word_1_249' title='bbox 457 3015 637 3074; x_wconf 86' lang='lat' dir='ltr'><strong>contrarium</strong></span> <span class='ocrx_word' id='word_1_250' title='bbox 666 3021 723 3074; x_wconf 85' lang='lat' dir='ltr'><strong>est:</strong></span> <span class='ocrx_word' id='word_1_251' title='bbox 740 3031 810 3072; x_wconf 81' lang='lat' dir='ltr'><strong>non</strong></span> <span class='ocrx_word' id='word_1_252' title='bbox 832 3014 962 3091; x_wconf 89' lang='lat' dir='ltr'><strong>iungitur</strong></span> <span class='ocrx_word' id='word_1_253' title='bbox 985 3014 1176 3084; x_wconf 85' lang='lat' dir='ltr'><strong>nominativo,</strong></span> <span class='ocrx_word' id='word_1_254' title='bbox 1201 3032 1260 3075; x_wconf 91' lang='lat' dir='ltr'><strong>non</strong></span> <span class='ocrx_word' id='word_1_255' title='bbox 1283 3013 1420 3085; x_wconf 86' lang='lat' dir='ltr'><strong>ablativo,</strong></span> <span class='ocrx_word' id='word_1_256' title='bbox 1439 3013 1537 3073; x_wconf 67' lang='lat' dir='ltr'><strong>noll</strong></span> 
     </span>
     <span class='ocr_line' id='line_1_28' title="bbox 222 3115 1538 3197; baseline -0.002 -19"><span class='ocrx_word' id='word_1_257' title='bbox 222 3119 346 3197; x_wconf 89' lang='lat' dir='ltr'><strong>septimo</strong></span> <span class='ocrx_word' id='word_1_258' title='bbox 369 3115 576 3195; x_wconf 85' lang='lat' dir='ltr'><strong>superlativus,</strong></span> <span class='ocrx_word' id='word_1_259' title='bbox 599 3117 650 3176; x_wconf 90' lang='lat' dir='ltr'><strong>sed</strong></span> <span class='ocrx_word' id='word_1_260' title='bbox 672 3123 785 3177; x_wconf 91' lang='lat' dir='ltr'><strong>tantum</strong></span> <span class='ocrx_word' id='word_1_261' title='bbox 801 3116 944 3192; x_wconf 87' lang='lat' dir='ltr'><strong>genitivo,</strong></span> <span class='ocrx_word' id='word_1_262' title='bbox 967 3122 996 3176; x_wconf 90' lang='lat' dir='ltr'><strong>ct</strong></span> <span class='ocrx_word' id='word_1_263' title='bbox 1018 3117 1044 3175; x_wconf 91' lang='lat' dir='ltr'><strong>ei</strong></span> <span class='ocrx_word' id='word_1_264' title='bbox 1066 3134 1124 3177; x_wconf 93' lang='lat' dir='ltr'><strong>non</strong></span> <span class='ocrx_word' id='word_1_265' title='bbox 1147 3133 1202 3195; x_wconf 90' lang='lat' dir='ltr'><strong>per</strong></span> <span class='ocrx_word' id='word_1_266' title='bbox 1223 3124 1381 3196; x_wconf 88' lang='lat' dir='ltr'><strong>utrumque</strong></span> <span class='ocrx_word' id='word_1_267' title='bbox 1401 3122 1538 3176; x_wconf 67' lang='lat' dir='ltr'><strong>nume‘</strong></span> 
     </span>
     <span class='ocr_line' id='line_1_29' title="bbox 221 3216 1539 3297; baseline -0.002 -17"><span class='ocrx_word' id='word_1_268' title='bbox 221 3238 304 3289; x_wconf 89' lang='lat' dir='ltr'><strong>rum,</strong></span> <span class='ocrx_word' id='word_1_269' title='bbox 328 3218 379 3279; x_wconf 91' lang='lat' dir='ltr'><strong>sed</strong></span> <span class='ocrx_word' id='word_1_270' title='bbox 403 3225 514 3278; x_wconf 86' lang='lat' dir='ltr'><strong>tantum</strong></span> <span class='ocrx_word' id='word_1_271' title='bbox 538 3237 592 3297; x_wconf 91' lang='lat' dir='ltr'><strong>per</strong></span> <span class='ocrx_word' id='word_1_272' title='bbox 614 3216 766 3297; x_wconf 88' lang='lat' dir='ltr'><strong>pluralem.</strong></span> <span class='ocrx_word' id='word_1_273' title='bbox 796 3235 855 3278; x_wconf 92' lang='lat' dir='ltr'><strong>non</strong></span> <span class='ocrx_word' id='word_1_274' title='bbox 872 3235 926 3278; x_wconf 91' lang='lat' dir='ltr'><strong>nos</strong></span> <span class='ocrx_word' id='word_1_275' title='bbox 947 3218 1079 3296; x_wconf 78' lang='lat' dir='ltr'><strong>praefert</strong></span> <span class='ocrx_word' id='word_1_276' title='bbox 1100 3226 1201 3278; x_wconf 91' lang='lat' dir='ltr'><strong>nostro</strong></span> <span class='ocrx_word' id='word_1_277' title='bbox 1224 3220 1327 3297; x_wconf 89' lang='lat' dir='ltr'><strong>generi</strong></span> <span class='ocrx_word' id='word_1_278' title='bbox 1349 3225 1378 3279; x_wconf 93' lang='lat' dir='ltr'><strong>et</strong></span> <span class='ocrx_word' id='word_1_279' title='bbox 1397 3216 1539 3279; x_wconf 73' lang='lat' dir='ltr'><strong>alieno·</strong></span> 
     </span>
     <span class='ocr_line' id='line_1_30' title="bbox 221 3318 1541 3399; baseline -0.005 -17"><span class='ocrx_word' id='word_1_280' title='bbox 221 3321 273 3382; x_wconf 88' lang='lat' dir='ltr'><strong>sed</strong></span> <span class='ocrx_word' id='word_1_281' title='bbox 301 3329 413 3381; x_wconf 88' lang='lat' dir='ltr'><strong>tautum</strong></span> <span class='ocrx_word' id='word_1_282' title='bbox 443 3329 545 3380; x_wconf 90' lang='lat' dir='ltr'><strong>nostro</strong></span> <span class='ocrx_word' id='word_1_283' title='bbox 575 3327 730 3399; x_wconf 88' lang='lat' dir='ltr'><strong>conparat,</strong></span> <span class='ocrx_word' id='word_1_284' title='bbox 761 3320 790 3379; x_wconf 93' lang='lat' dir='ltr'><strong>id</strong></span> <span class='ocrx_word' id='word_1_285' title='bbox 812 3326 857 3379; x_wconf 89' lang='lat' dir='ltr'><strong>est</strong></span> <span class='ocrx_word' id='word_1_286' title='bbox 878 3319 1003 3380; x_wconf 89' lang='lat' dir='ltr'><strong>similem</strong></span> <span class='ocrx_word' id='word_1_287' title='bbox 1026 3320 1108 3389; x_wconf 88' lang='lat' dir='ltr'><strong>lacit,</strong></span> <span class='ocrx_word' id='word_1_288' title='bbox 1132 3326 1164 3379; x_wconf 90' lang='lat' dir='ltr'><strong>nt</strong></span> <span class='ocrx_word' id='word_1_289' title='bbox 1187 3325 1222 3384; x_wconf 85' lang='lat' dir='ltr'><strong>‘o</strong></span> <span class='ocrx_word' id='word_1_290' title='bbox 1244 3320 1401 3381; x_wconf 84' lang='lat' dir='ltr'><strong>Danaum</strong></span> <span class='ocrx_word' id='word_1_291' title='bbox 1423 3318 1506 3379; x_wconf 81' lang='lat' dir='ltr'><strong>lor</strong></span> <span class='ocrx_word' id='word_1_292' title='bbox 1521 3330 1541 3344; x_wconf 79' lang='lat'><em>⁶</em></span> 
     </span>
     <span class='ocr_line' id='line_1_31' title="bbox 222 3408 1543 3503; baseline -0.002 -20"><span class='ocrx_word' id='word_1_293' title='bbox 222 3424 366 3483; x_wconf 89' lang='lat' dir='ltr'><strong>tissime</strong></span> <span class='ocrx_word' id='word_1_294' title='bbox 388 3423 510 3501; x_wconf 85' lang='lat' dir='ltr'><strong>gentis</strong></span> <span class='ocrx_word' id='word_1_295' title='bbox 532 3421 699 3500; x_wconf 85' lang='lat' dir='ltr'><strong>Tydidc’.</strong></span> <span class='ocrx_word' id='word_1_296' title='bbox 744 3420 794 3481; x_wconf 91' lang='lat' dir='ltr'><strong>sed</strong></span> <span class='ocrx_word' id='word_1_297' title='bbox 823 3421 854 3480; x_wconf 92' lang='lat' dir='ltr'><strong>in</strong></span> <span class='ocrx_word' id='word_1_298' title='bbox 876 3419 1019 3500; x_wconf 88' lang='lat' dir='ltr'><strong>aliquibus</strong></span> <span class='ocrx_word' id='word_1_299' title='bbox 1042 3420 1209 3482; x_wconf 89' lang='lat' dir='ltr'><strong>nominibus</strong></span> <span class='ocrx_word' id='word_1_300' title='bbox 1230 3429 1328 3501; x_wconf 89' lang='lat' dir='ltr'><strong>potest</strong></span> <span class='ocrx_word' id='word_1_301' title='bbox 1350 3408 1543 3503; x_wconf 72' lang='lat' dir='ltr'><strong>superlati·</strong></span> 
     </span>
     <span class='ocr_line' id='line_1_32' title="bbox 182 3520 1547 3604; baseline -0.009 -14"><span class='ocrx_word' id='word_1_302' title='bbox 182 3544 273 3590; x_wconf 80' lang='lat' dir='ltr'><strong>sorus</strong></span> <span class='ocrx_word' id='word_1_303' title='bbox 301 3526 428 3603; x_wconf 85' lang='lat' dir='ltr'><strong>genitivo</strong></span> <span class='ocrx_word' id='word_1_304' title='bbox 457 3521 599 3601; x_wconf 82' lang='lat' dir='ltr'><strong>singulari</strong></span> <span class='ocrx_word' id='word_1_305' title='bbox 625 3525 717 3602; x_wconf 83' lang='lat' dir='ltr'><strong>iungi.</strong></span> <span class='ocrx_word' id='word_1_306' title='bbox 762 3542 829 3584; x_wconf 89' lang='lat' dir='ltr'><strong>nam</strong></span> <span class='ocrx_word' id='word_1_307' title='bbox 860 3532 929 3583; x_wconf 89' lang='lat' dir='ltr'><strong>sunt</strong></span> <span class='ocrx_word' id='word_1_308' title='bbox 950 3523 1091 3603; x_wconf 82' lang='lat' dir='ltr'><strong>quaedam</strong></span> <span class='ocrx_word' id='word_1_309' title='bbox 1115 3522 1243 3604; x_wconf 75' lang='lat' dir='ltr'><strong>nolmina</strong></span> <span class='ocrx_word' id='word_1_310' title='bbox 1266 3520 1547 3602; x_wconf 64' lang='lat' dir='ltr'><strong>pronuntiatione</strong></span> 
     </span>
     <span class='ocr_line' id='line_1_33' title="bbox 221 3614 1553 3706; baseline -0.003 -19"><span class='ocrx_word' id='word_1_311' title='bbox 221 3625 394 3706; x_wconf 81' lang='lat' dir='ltr'><strong>singularia,</strong></span> <span class='ocrx_word' id='word_1_312' title='bbox 417 3625 567 3686; x_wconf 90' lang='lat' dir='ltr'><strong>intellectu</strong></span> <span class='ocrx_word' id='word_1_313' title='bbox 590 3625 728 3704; x_wconf 86' lang='lat' dir='ltr'><strong>pluralia,</strong></span> <span class='ocrx_word' id='word_1_314' title='bbox 757 3633 790 3686; x_wconf 94' lang='lat' dir='ltr'><strong>ut</strong></span> <span class='ocrx_word' id='word_1_315' title='bbox 811 3623 894 3703; x_wconf 85' lang='lat' dir='ltr'><strong>plebs</strong></span> <span class='ocrx_word' id='word_1_316' title='bbox 921 3624 1047 3705; x_wconf 90' lang='lat' dir='ltr'><strong>populus</strong></span> <span class='ocrx_word' id='word_1_317' title='bbox 1075 3642 1148 3703; x_wconf 90' lang='lat' dir='ltr'><strong>gens</strong></span> <span class='ocrx_word' id='word_1_318' title='bbox 1175 3624 1271 3686; x_wconf 88' lang='lat' dir='ltr'><strong>turba.</strong></span> <span class='ocrx_word' id='word_1_319' title='bbox 1316 3627 1347 3686; x_wconf 92' lang='lat' dir='ltr'><strong>in</strong></span> <span class='ocrx_word' id='word_1_320' title='bbox 1367 3625 1414 3687; x_wconf 88' lang='lat' dir='ltr'><strong>iris</strong></span> <span class='ocrx_word' id='word_1_321' title='bbox 1434 3614 1553 3685; x_wconf 58' lang='lat' dir='ltr'><strong>noe*</strong></span> 
     </span>
     <span class='ocr_line' id='line_1_34' title="bbox 221 3726 1551 3807; baseline -0.001 -18"><span class='ocrx_word' id='word_1_322' title='bbox 221 3728 292 3789; x_wconf 93' lang='lat' dir='ltr'><strong>mihi</strong></span> <span class='ocrx_word' id='word_1_323' title='bbox 320 3726 527 3807; x_wconf 81' lang='lat' dir='ltr'><strong>superlativum</strong></span> <span class='ocrx_word' id='word_1_324' title='bbox 551 3729 678 3805; x_wconf 77' lang='lat' dir='ltr'><strong>genitivo</strong></span> <span class='ocrx_word' id='word_1_325' title='bbox 701 3746 823 3788; x_wconf 90' lang='lat' dir='ltr'><strong>numero</strong></span> <span class='ocrx_word' id='word_1_326' title='bbox 852 3726 992 3805; x_wconf 80' lang='lat' dir='ltr'><strong>singulari</strong></span> <span class='ocrx_word' id='word_1_327' title='bbox 1019 3728 1213 3806; x_wconf 88' lang='lat' dir='ltr'><strong>coniungere,</strong></span> <span class='ocrx_word' id='word_1_328' title='bbox 1248 3728 1423 3789; x_wconf 87' lang='lat' dir='ltr'><strong>iustissimus</strong></span> <span class='ocrx_word' id='word_1_329' title='bbox 1448 3732 1551 3806; x_wconf 62' lang='grc' dir='ltr'><strong>ΡΨ</strong></span> 
     </span>
     <span class='ocr_line' id='line_1_35' title="bbox 221 3813 1556 3910; baseline -0.004 -20"><span class='ocrx_word' id='word_1_330' title='bbox 221 3829 295 3908; x_wconf 90' lang='lat' dir='ltr'><strong>puli,</strong></span> <span class='ocrx_word' id='word_1_331' title='bbox 333 3829 509 3890; x_wconf 86' lang='lat' dir='ltr'><strong>tortissimus</strong></span> <span class='ocrx_word' id='word_1_332' title='bbox 543 3830 653 3906; x_wconf 85' lang='lat' dir='ltr'><strong>gentis,</strong></span> <span class='ocrx_word' id='word_1_333' title='bbox 687 3831 831 3889; x_wconf 88' lang='lat' dir='ltr'><strong>maximus</strong></span> <span class='ocrx_word' id='word_1_334' title='bbox 863 3829 965 3910; x_wconf 88' lang='lat' dir='ltr'><strong>plebis.</strong></span> <span class='ocrx_word' id='word_1_335' title='bbox 1017 3847 1075 3889; x_wconf 91' lang='lat' dir='ltr'><strong>non</strong></span> <span class='ocrx_word' id='word_1_336' title='bbox 1113 3830 1206 3901; x_wconf 91' lang='lat' dir='ltr'><strong>enim,</strong></span> <span class='ocrx_word' id='word_1_337' title='bbox 1244 3828 1314 3890; x_wconf 91' lang='lat' dir='ltr'><strong>licet</strong></span> <span class='ocrx_word' id='word_1_338' title='bbox 1348 3813 1556 3908; x_wconf 56' lang='lat' dir='ltr'><strong>singularis</strong></span> 
     </span>
     <span class='ocr_line' id='line_1_36' title="bbox 221 3918 1555 4009; baseline -0.001 -19"><span class='ocrx_word' id='word_1_339' title='bbox 221 3948 361 3992; x_wconf 91' lang='lat' dir='ltr'><strong>numerus</strong></span> <span class='ocrx_word' id='word_1_340' title='bbox 382 3932 434 3998; x_wconf 92' lang='lat' dir='ltr'><strong>sit,</strong></span> <span class='ocrx_word' id='word_1_341' title='bbox 457 3931 573 4007; x_wconf 88' lang='lat' dir='ltr'><strong>penitus</strong></span> <span class='ocrx_word' id='word_1_342' title='bbox 595 3949 610 3989; x_wconf 86' lang='lat' dir='ltr'><strong>a</strong></span> <span class='ocrx_word' id='word_1_343' title='bbox 634 3928 799 4009; x_wconf 83' lang='lat' dir='ltr'><strong>pluralitate</strong></span> <span class='ocrx_word' id='word_1_344' title='bbox 823 3933 1011 3992; x_wconf 86' lang='lat' dir='ltr'><strong>recessimus:</strong></span> <span class='ocrx_word' id='word_1_345' title='bbox 1035 3930 1082 3991; x_wconf 91' lang='lat' dir='ltr'><strong>hic</strong></span> <span class='ocrx_word' id='word_1_346' title='bbox 1105 3932 1184 3991; x_wconf 87' lang='lat' dir='ltr'><strong>enim</strong></span> <span class='ocrx_word' id='word_1_347' title='bbox 1206 3929 1301 3992; x_wconf 79' lang='lat' dir='ltr'><strong>facilis</strong></span> <span class='ocrx_word' id='word_1_348' title='bbox 1324 3948 1426 3993; x_wconf 89' lang='lat' dir='ltr'><strong>sensus</strong></span> <span class='ocrx_word' id='word_1_349' title='bbox 1445 3918 1555 3988; x_wconf 58' lang='grc' dir='ltr'><strong>σειν</strong></span> 
     </span>
     <span class='ocr_line' id='line_1_37' title="bbox 181 4025 1554 4113; baseline -0.004 -16"><span class='ocrx_word' id='word_1_350' title='bbox 181 4058 206 4097; x_wconf 83' lang='lat' dir='ltr'><strong>as</strong></span> <span class='ocrx_word' id='word_1_351' title='bbox 219 4033 358 4111; x_wconf 83' lang='lat' dir='ltr'><strong>quoniam</strong></span> <span class='ocrx_word' id='word_1_352' title='bbox 381 4034 443 4110; x_wconf 94' lang='lat' dir='ltr'><strong>ipsa</strong></span> <span class='ocrx_word' id='word_1_353' title='bbox 466 4032 599 4102; x_wconf 88' lang='lat' dir='ltr'><strong>nomina,</strong></span> <span class='ocrx_word' id='word_1_354' title='bbox 624 4031 692 4092; x_wconf 89' lang='lat' dir='ltr'><strong>licet</strong></span> <span class='ocrx_word' id='word_1_355' title='bbox 713 4035 951 4113; x_wconf 86' lang='lat' dir='ltr'><strong>pronuntiatione</strong></span> <span class='ocrx_word' id='word_1_356' title='bbox 966 4031 1125 4112; x_wconf 81' lang='lat' dir='ltr'><strong>singularia</strong></span> <span class='ocrx_word' id='word_1_357' title='bbox 1140 4034 1214 4102; x_wconf 87' lang='lat' dir='ltr'><strong>sint,</strong></span> <span class='ocrx_word' id='word_1_358' title='bbox 1237 4032 1389 4095; x_wconf 90' lang='lat' dir='ltr'><strong>intellectu</strong></span> <span class='ocrx_word' id='word_1_359' title='bbox 1404 4025 1554 4093; x_wconf 71' lang='lat' dir='ltr'><strong>tamen</strong></span> 
     </span>
     <span class='ocr_line' id='line_1_38' title="bbox 218 4131 440 4213; baseline 0.014 -22"><span class='ocrx_word' id='word_1_360' title='bbox 218 4131 341 4213; x_wconf 90' lang='lat' dir='ltr'><strong>pluralia</strong></span> <span class='ocrx_word' id='word_1_361' title='bbox 364 4141 440 4194; x_wconf 86' lang='lat' dir='ltr'><strong>sunt.</strong></span> 
     </span>
     <span class='ocr_line' id='line_1_39' title="bbox 303 4224 1548 4318; baseline 0.001 -22"><span class='ocrx_word' id='word_1_362' title='bbox 303 4234 387 4296; x_wconf 89' lang='lat' dir='ltr'><strong>Nunc</strong></span> <span class='ocrx_word' id='word_1_363' title='bbox 415 4235 451 4296; x_wconf 92' lang='lat' dir='ltr'><strong>de</strong></span> <span class='ocrx_word' id='word_1_364' title='bbox 479 4235 637 4314; x_wconf 86' lang='lat' dir='ltr'><strong>generibus</strong></span> <span class='ocrx_word' id='word_1_365' title='bbox 664 4235 804 4298; x_wconf 79' lang='lat' dir='ltr'><strong>dicamus,</strong></span> <span class='ocrx_word' id='word_1_366' title='bbox 848 4236 940 4299; x_wconf 87' lang='lat' dir='ltr'><strong>Varro</strong></span> <span class='ocrx_word' id='word_1_367' title='bbox 962 4237 1033 4298; x_wconf 91' lang='lat' dir='ltr'><strong>dicit</strong></span> <span class='ocrx_word' id='word_1_368' title='bbox 1054 4254 1163 4318; x_wconf 82' lang='lat' dir='ltr'><strong>genera</strong></span> <span class='ocrx_word' id='word_1_369' title='bbox 1186 4236 1263 4298; x_wconf 90' lang='lat' dir='ltr'><strong>dicta</strong></span> <span class='ocrx_word' id='word_1_370' title='bbox 1285 4256 1302 4299; x_wconf 88' lang='lat' dir='ltr'><strong>a</strong></span> <span class='ocrx_word' id='word_1_371' title='bbox 1325 4224 1548 4316; x_wconf 55' lang='lat' dir='ltr'><strong>generanda</strong></span> 
     </span>
    </p>
   </div>
   <div class='ocr_carea' id='block_1_3' title="bbox 217 4452 1536 4943">
    <p class='ocr_par' dir='ltr' id='par_1_3' title="bbox 217 4452 1536 4943">
     <span class='ocr_line' id='line_1_40' title="bbox 287 4452 1536 4522; baseline 0.002 -17"><span class='ocrx_word' id='word_1_372' title='bbox 287 4457 343 4506; x_wconf 74' lang='lat' dir='ltr'><strong>lsi</strong></span> <span class='ocrx_word' id='word_1_373' title='bbox 359 4473 405 4506; x_wconf 88' lang='lat' dir='ltr'><strong>om.</strong></span> <span class='ocrx_word' id='word_1_374' title='bbox 427 4458 460 4522; x_wconf 80' lang='lat' dir='ltr'><strong>L,</strong></span> <span class='ocrx_word' id='word_1_375' title='bbox 478 4459 537 4508; x_wconf 81' lang='lat' dir='ltr'><strong>odd.</strong></span> <span class='ocrx_word' id='word_1_376' title='bbox 558 4459 601 4509; x_wconf 85' lang='lat' dir='ltr'><strong>FS</strong></span> <span class='ocrx_word' id='word_1_377' title='bbox 672 4457 703 4508; x_wconf 90' lang='lat'><strong>10</strong></span> <span class='ocrx_word' id='word_1_378' title='bbox 720 4473 794 4521; x_wconf 89' lang='lat' dir='ltr'><strong>quam</strong></span> <span class='ocrx_word' id='word_1_379' title='bbox 811 4460 855 4510; x_wconf 83' lang='lat' dir='ltr'><strong>FS</strong></span> <span class='ocrx_word' id='word_1_380' title='bbox 870 4460 902 4509; x_wconf 88' lang='lat' dir='ltr'><strong>ab</strong></span> <span class='ocrx_word' id='word_1_381' title='bbox 919 4460 943 4508; x_wconf 84' lang='lat' dir='ltr'><em>L</em></span> <span class='ocrx_word' id='word_1_382' title='bbox 1015 4458 1046 4510; x_wconf 86' lang='lat'><strong>13</strong></span> <span class='ocrx_word' id='word_1_383' title='bbox 1066 4460 1111 4510; x_wconf 85' lang='lat' dir='ltr'><strong>sed</strong></span> <span class='ocrx_word' id='word_1_384' title='bbox 1129 4459 1287 4509; x_wconf 87' lang='lat' dir='ltr'><strong>dicimua-</strong></span> <span class='ocrx_word' id='word_1_385' title='bbox 1303 4459 1335 4511; x_wconf 83' lang='lat'><strong>18</strong></span> <span class='ocrx_word' id='word_1_386' title='bbox 1352 4473 1437 4508; x_wconf 70' lang='lat' dir='ltr'><strong>msam</strong></span> <span class='ocrx_word' id='word_1_387' title='bbox 1466 4452 1536 4498; x_wconf 54' lang='grc' dir='ltr'><strong>θ’·</strong></span> 
     </span>
     <span class='ocr_line' id='line_1_41' title="bbox 218 4519 1531 4594; baseline 0.001 -18"><span class='ocrx_word' id='word_1_388' title='bbox 218 4529 243 4576; x_wconf 83' lang='lat' dir='ltr'><em>F</em></span> <span class='ocrx_word' id='word_1_389' title='bbox 264 4527 310 4578; x_wconf 89' lang='lat' dir='ltr'><strong>sed</strong></span> <span class='ocrx_word' id='word_1_390' title='bbox 335 4527 442 4578; x_wconf 86' lang='lat' dir='ltr'><strong>dicimus</strong></span> <span class='ocrx_word' id='word_1_391' title='bbox 459 4555 494 4565; x_wconf 92' lang='lat'><em>-</em></span> <span class='ocrx_word' id='word_1_392' title='bbox 514 4530 546 4581; x_wconf 87' lang='grc'><strong>15</strong></span> <span class='ocrx_word' id='word_1_393' title='bbox 563 4529 666 4584; x_wconf 79' lang='grc' dir='ltr'><strong>ἱΙΙοοηι,</strong></span> <span class='ocrx_word' id='word_1_394' title='bbox 687 4530 708 4580; x_wconf 84' lang='lat' dir='ltr'><em>S</em></span> <span class='ocrx_word' id='word_1_395' title='bbox 777 4528 912 4594; x_wconf 85' lang='lat' dir='ltr'><strong>luvenalis]</strong></span> <span class='ocrx_word' id='word_1_396' title='bbox 936 4538 985 4582; x_wconf 83' lang='lat' dir='ltr'><strong>sut.</strong></span> <span class='ocrx_word' id='word_1_397' title='bbox 1011 4528 1058 4594; x_wconf 89' lang='grc'><strong>10,</strong></span> <span class='ocrx_word' id='word_1_398' title='bbox 1080 4528 1129 4580; x_wconf 78' lang='lat' dir='ltr'><strong>lad</strong></span> <span class='ocrx_word' id='word_1_399' title='bbox 1199 4529 1234 4580; x_wconf 78' lang='grc'><strong>28</strong></span> <span class='ocrx_word' id='word_1_400' title='bbox 1258 4544 1272 4578; x_wconf 96' lang='lat' dir='ltr'><strong>o</strong></span> <span class='ocrx_word' id='word_1_401' title='bbox 1297 4529 1406 4580; x_wconf 84' lang='lat' dir='ltr'><strong>danaum</strong></span> <span class='ocrx_word' id='word_1_402' title='bbox 1421 4519 1481 4577; x_wconf 72' lang='lat' dir='ltr'><strong>FS</strong></span> <span class='ocrx_word' id='word_1_403' title='bbox 1516 4521 1531 4555; x_wconf 80' lang='lat'><strong>⁰</strong></span> 
     </span>
     <span class='ocr_line' id='line_1_42' title="bbox 218 4593 1524 4664; baseline -0.001 -18"><span class='ocrx_word' id='word_1_404' title='bbox 218 4598 347 4648; x_wconf 87' lang='lat' dir='ltr'><strong>donanum</strong></span> <span class='ocrx_word' id='word_1_405' title='bbox 362 4598 404 4646; x_wconf 84' lang='lat' dir='ltr'><strong>L:</strong></span> <span class='ocrx_word' id='word_1_406' title='bbox 427 4599 506 4663; x_wconf 75' lang='lat' dir='ltr'><strong>Verp.</strong></span> <span class='ocrx_word' id='word_1_407' title='bbox 527 4599 591 4649; x_wconf 83' lang='lat' dir='ltr'><strong>Aen.</strong></span> <span class='ocrx_word' id='word_1_408' title='bbox 611 4599 667 4650; x_wconf 79' lang='lat' dir='ltr'><strong>iao</strong></span> <span class='ocrx_word' id='word_1_409' title='bbox 744 4598 920 4664; x_wconf 75' lang='lat' dir='ltr'><strong>aequaeuam</strong></span> <span class='ocrx_word' id='word_1_410' title='bbox 940 4601 986 4652; x_wconf 84' lang='lat' dir='ltr'><strong>FS</strong></span> <span class='ocrx_word' id='word_1_411' title='bbox 1004 4616 1046 4662; x_wconf 76' lang='lat' dir='ltr'><strong>qt·</strong></span> <span class='ocrx_word' id='word_1_412' title='bbox 1065 4600 1115 4649; x_wconf 85' lang='lat' dir='ltr'><strong>iarn</strong></span> <span class='ocrx_word' id='word_1_413' title='bbox 1142 4601 1164 4650; x_wconf 78' lang='lat'><strong>1.</strong></span> <span class='ocrx_word' id='word_1_414' title='bbox 1253 4598 1288 4651; x_wconf 86' lang='grc'><strong>37</strong></span> <span class='ocrx_word' id='word_1_415' title='bbox 1306 4593 1524 4650; x_wconf 61' lang='lat' dir='ltr'><strong>accusares-&#39;&#39;-</strong></span> 
     </span>
     <span class='ocr_line' id='line_1_43' title="bbox 217 4656 1522 4734; baseline 0.001 -17"><span class='ocrx_word' id='word_1_416' title='bbox 217 4669 299 4717; x_wconf 86' lang='lat' dir='ltr'><strong>Varro</strong></span> <span class='ocrx_word' id='word_1_417' title='bbox 311 4669 352 4718; x_wconf 81' lang='lat' dir='ltr'><strong>F:</strong></span> <span class='ocrx_word' id='word_1_418' title='bbox 369 4668 405 4731; x_wconf 62' lang='grc' dir='ltr'><strong>εί.</strong></span> <span class='ocrx_word' id='word_1_419' title='bbox 424 4671 536 4732; x_wconf 82' lang='lat' dir='ltr'><strong>Pompei.</strong></span> <span class='ocrx_word' id='word_1_420' title='bbox 553 4684 579 4731; x_wconf 86' lang='lat' dir='ltr'><strong>p.</strong></span> <span class='ocrx_word' id='word_1_421' title='bbox 600 4668 648 4720; x_wconf 79' lang='grc'><strong>143</strong></span> <span class='ocrx_word' id='word_1_422' title='bbox 665 4671 791 4724; x_wconf 68' lang='lat' dir='ltr'><strong>Prusian</strong></span> <span class='ocrx_word' id='word_1_423' title='bbox 810 4686 837 4734; x_wconf 86' lang='lat' dir='ltr'><strong>p.</strong></span> <span class='ocrx_word' id='word_1_424' title='bbox 855 4668 906 4721; x_wconf 78' lang='lat'><strong>639</strong></span> <span class='ocrx_word' id='word_1_425' title='bbox 920 4670 1034 4723; x_wconf 77' lang='lat' dir='ltr'><strong>Conseri.</strong></span> <span class='ocrx_word' id='word_1_426' title='bbox 1050 4685 1078 4733; x_wconf 86' lang='lat' dir='ltr'><strong>p.</strong></span> <span class='ocrx_word' id='word_1_427' title='bbox 1096 4669 1172 4721; x_wconf 70' lang='lat'><strong>2023.</strong></span> <span class='ocrx_word' id='word_1_428' title='bbox 1194 4668 1313 4721; x_wconf 78' lang='lat' dir='ltr'><strong>sbnditer&#39;</strong></span> <span class='ocrx_word' id='word_1_429' title='bbox 1324 4670 1356 4719; x_wconf 84' lang='lat' dir='ltr'><strong>de</strong></span> <span class='ocrx_word' id='word_1_430' title='bbox 1369 4656 1522 4733; x_wconf 63' lang='lat' dir='ltr'><strong>pencrfW</strong></span> 
     </span>
     <span class='ocr_line' id='line_1_44' title="bbox 218 4732 1511 4806; baseline 0.002 -20"><span class='ocrx_word' id='word_1_431' title='bbox 218 4741 336 4788; x_wconf 71' lang='lat' dir='ltr'><strong>nomiman</strong></span> <span class='ocrx_word' id='word_1_432' title='bbox 358 4738 494 4803; x_wconf 80' lang='lat' dir='ltr'><strong>disputarit</strong></span> <span class='ocrx_word' id='word_1_433' title='bbox 520 4738 634 4788; x_wconf 82' lang='lat' dir='ltr'><strong>Iulianus</strong></span> <span class='ocrx_word' id='word_1_434' title='bbox 658 4739 792 4790; x_wconf 81' lang='lat' dir='ltr'><strong>Toletunua</strong></span> <span class='ocrx_word' id='word_1_435' title='bbox 816 4743 840 4790; x_wconf 88' lang='lat' dir='ltr'><strong>in</strong></span> <span class='ocrx_word' id='word_1_436' title='bbox 865 4741 956 4794; x_wconf 80' lang='lat' dir='ltr'><strong>Donat.</strong></span> <span class='ocrx_word' id='word_1_437' title='bbox 982 4755 1008 4802; x_wconf 85' lang='lat' dir='ltr'><strong>p.</strong></span> <span class='ocrx_word' id='word_1_438' title='bbox 1029 4739 1119 4801; x_wconf 76' lang='lat' dir='ltr'><strong>val,</strong></span> <span class='ocrx_word' id='word_1_439' title='bbox 1142 4743 1185 4806; x_wconf 80' lang='lat' dir='ltr'><strong>qui</strong></span> <span class='ocrx_word' id='word_1_440' title='bbox 1199 4741 1314 4791; x_wconf 82' lang='lat' dir='ltr'><strong>Varroni</strong></span> <span class='ocrx_word' id='word_1_441' title='bbox 1329 4738 1413 4790; x_wconf 67' lang='lat' dir='ltr'><strong>tribuit</strong></span> <span class='ocrx_word' id='word_1_442' title='bbox 1428 4732 1511 4783; x_wconf 60' lang='lat' dir='ltr'><strong>Meet</strong></span> 
     </span>
     <span class='ocr_line' id='line_1_45' title="bbox 217 4801 1504 4877; baseline 0.002 -21"><span class='ocrx_word' id='word_1_443' title='bbox 217 4807 320 4871; x_wconf 87' lang='lat' dir='ltr'><strong>scripsit</strong></span> <span class='ocrx_word' id='word_1_444' title='bbox 338 4807 418 4858; x_wconf 88' lang='lat' dir='ltr'><strong>Varro</strong></span> <span class='ocrx_word' id='word_1_445' title='bbox 442 4809 474 4857; x_wconf 86' lang='lat' dir='ltr'><strong>ad</strong></span> <span class='ocrx_word' id='word_1_446' title='bbox 502 4808 647 4859; x_wconf 80' lang='lat' dir='ltr'><strong>Ciceronem</strong></span> <span class='ocrx_word' id='word_1_447' title='bbox 669 4812 820 4875; x_wconf 83' lang='lat' dir='ltr'><strong>‘potestatis</strong></span> <span class='ocrx_word' id='word_1_448' title='bbox 845 4820 945 4861; x_wconf 83' lang='lat' dir='ltr'><strong>nostrae</strong></span> <span class='ocrx_word' id='word_1_449' title='bbox 970 4819 1008 4861; x_wconf 77' lang='lat' dir='ltr'><strong>est</strong></span> <span class='ocrx_word' id='word_1_450' title='bbox 1033 4810 1083 4858; x_wconf 86' lang='lat' dir='ltr'><strong>illis</strong></span> <span class='ocrx_word' id='word_1_451' title='bbox 1106 4810 1181 4860; x_wconf 85' lang='lat' dir='ltr'><strong>rebus</strong></span> <span class='ocrx_word' id='word_1_452' title='bbox 1203 4812 1265 4862; x_wconf 87' lang='lat' dir='ltr'><strong>dare</strong></span> <span class='ocrx_word' id='word_1_453' title='bbox 1280 4824 1387 4877; x_wconf 80' lang='lat' dir='ltr'><strong>genera,</strong></span> <span class='ocrx_word' id='word_1_454' title='bbox 1403 4812 1469 4869; x_wconf 77' lang='lat' dir='ltr'><strong>(11¹⁸e</strong></span> <span class='ocrx_word' id='word_1_455' title='bbox 1489 4801 1504 4835; x_wconf 74' lang='lat'><em>⁸</em></span> 
     </span>
     <span class='ocr_line' id='line_1_46' title="bbox 217 4879 598 4943; baseline 0 -17"><span class='ocrx_word' id='word_1_456' title='bbox 217 4885 307 4926; x_wconf 89' lang='lat' dir='ltr'><strong>natura</strong></span> <span class='ocrx_word' id='word_1_457' title='bbox 322 4894 403 4943; x_wconf 89' lang='lat' dir='ltr'><strong>genus</strong></span> <span class='ocrx_word' id='word_1_458' title='bbox 421 4893 468 4928; x_wconf 92' lang='lat' dir='ltr'><strong>non</strong></span> <span class='ocrx_word' id='word_1_459' title='bbox 488 4879 598 4928; x_wconf 86' lang='lat' dir='ltr'><strong>bahent’</strong></span> 
     </span>
    </p>
   </div>
   <div class='ocr_carea' id='block_1_4' title="bbox 0 0 1662 5506">
    <p class='ocr_par' dir='ltr' id='par_1_4' title="bbox 0 0 1662 5506">
     <span class='ocr_line' id='line_1_47' title="bbox 0 0 1662 5506; baseline 0 1"><span class='ocrx_word' id='word_1_460' title='bbox 0 0 1662 5506; x_wconf 95' lang='lat' dir='ltr'><strong> </strong></span> 
     </span>
    </p>
   </div>
  </div>
 </body>
</html>
