3314 5506
722 385 933 448 PRAEFATIO
1399 400 1470 447 xcv

181 572 335 636 dunensis
359 570 448 654 (nam
475 568 559 634 falso
587 571 621 633 in
651 569 757 634 indice
785 573 942 655 siglorum
970 571 1057 636 dicta
1085 580 1135 635 est
1154 571 1365 655 Basileensis)
1394 573 1471 636 item

179 696 252 736 eum
288 672 395 736 Mario
423 672 591 736 Victorino
626 673 713 757 apud
742 674 777 736 P.
807 674 1105 739 Sanctandreanum
1137 675 1285 758 inpressa
1319 696 1348 737 a.
1379 680 1470 754 1584,

179 798 242 839 non
271 774 411 838 multum
443 777 528 838 inter
555 797 590 838 se
616 776 811 861 discrepant.
855 776 913 840 sed
943 797 1075 862 prorsus
1103 775 1232 839 diversa
1263 774 1338 838 libri
1366 774 1471 839 forma

178 899 243 941 una
265 898 341 940 cum
364 875 436 940 aliis
458 878 677 960 grammaticis
700 877 847 942 exhibita
868 889 917 941 est
939 880 972 940 in
990 877 1132 941 editione
1146 876 1327 959 Basileensi
1341 899 1371 939 a.
1390 882 1471 945 1528

180 979 305 1043 ‘Servii
332 978 493 1042 Honorati
521 978 561 1042 de
590 981 713 1043 ratione
742 978 928 1044 ultimarum
956 977 1155 1064 syllabarum
1182 978 1224 1042 ad
1252 977 1443 1064 Aquilinum
1451 985 1471 1059 '‚

180 1081 290 1145 addito
321 1081 356 1144 in
383 1081 530 1165 margine
554 1082 651 1145 ‘alias
673 1080 858 1145 Basilium’.
902 1083 982 1145 haec
1010 1092 1118 1144 autem
1144 1079 1218 1144 libri
1241 1080 1360 1159 forma,
1388 1099 1471 1164 quae

180 1205 200 1246 a
220 1182 354 1263 Servi0,
381 1181 488 1269 qualis
510 1182 609 1267 vulgo
638 1182 744 1247 editus
773 1195 857 1262 erat,
885 1183 1015 1247 diversa
1043 1194 1092 1246 est
1114 1193 1147 1246 et
1168 1204 1241 1245 cum
1262 1183 1302 1246 iis
1325 1203 1408 1267 quae
1431 1181 1471 1245 de

181 1284 284 1349 simile
307 1293 498 1368 argumento
521 1287 642 1369 scripta
663 1285 807 1349 Maximo
830 1285 998 1349 Victorino
1026 1287 1060 1348 in
1088 1283 1159 1349 aliis
1183 1283 1349 1348 codicibus
1371 1283 1472 1346 tribu-

180 1385 285 1451 untur
307 1408 410 1473 eoque
437 1388 565 1451 nomine
593 1386 682 1450 edita
709 1396 785 1450 sunt
811 1388 897 1451 anal.
927 1409 1063 1473 gramm.
1086 1387 1226 1451 Vindob.
1254 1408 1285 1471 p.
1314 1394 1374 1454 455
1401 1406 1471 1470 sqq.

181 1489 247 1554 fere
270 1491 447 1570 consentit,
470 1510 513 1553 ex
535 1488 646 1552 codice
668 1486 817 1552 Palatino
841 1498 921 1559 1753
945 1488 1073 1554 saeculo
1097 1489 1222 1553 decimo
1244 1488 1361 1572 scripto
1385 1486 1472 1550 vide-

182 1602 232 1655 tur
253 1593 360 1677 petita
381 1612 461 1655 esse.
506 1612 582 1654 nam
604 1590 637 1653 in
661 1611 697 1654 eo
725 1590 779 1654 hio
806 1590 889 1654 liber
916 1613 1049 1676 prorsus
1077 1591 1191 1655 eodem
1211 1589 1325 1670 modo,
1348 1610 1417 1674 ¹quo
1439 1589 1472 1652 in

182 1692 366 1757 Basileensi
389 1692 530 1757 editione
553 1692 740 1773 exhibetur,
770 1693 909 1778 scriptus
933 1702 982 1756 est
1003 1692 1026 1755 f.
1051 1704 1088 1763 71
1113 1697 1164 1756 Aa
1183 1697 1321 1755 basiliam
1344 1697 1473 1755 amicam

177 1802 281 1874 aerqii.
309 1783 489 1858 (lisiniarum
516 1799 701 1875 syllabarum
723 1830 767 1844 —-
789 1794 812 1858 f.
837 1805 877 1865 74
905 1805 960 1858 aui
987 1798 1151 1873 dipthopis.
1178 1800 1264 1870 final.
1293 1800 1392 1871 reati.
1419 1814 1472 1857 ex-

179 1905 265 1977 plicit
290 1901 428 1974 feliciter
455 1917 551 1967 amca.
602 1897 714 1961 eadem
744 1895 898 1981 leguntur
925 1895 1023 1959 etiam
1050 1896 1085 1960 in
1110 1896 1222 1960 codice
1243 1893 1472 1960 Valentiniano

183 2000 225 2064 hl.
248 2008 279 2068 6.
304 2007 345 2068 10
367 1999 446 2062 item
474 1999 598 2063 decimo
628 1997 757 2062 saeculo
785 1998 922 2084 scripto,
956 1998 1013 2084 qui
1040 2007 1076 2062 ut
1097 1998 1131 2062 in
1152 1996 1284 2084 reliquis
1312 1997 1497 2077 omnibus,¹

183 2101 321 2188 quaein
344 2122 382 2164 eo
405 2101 515 2165 codice
539 2101 660 2186 scripta
681 2110 770 2179 sunt,
799 2100 846 2164 ita
872 2100 906 2187 in
933 2099 995 2164 hoc
1021 2100 1104 2164 libro
1130 2121 1262 2185 prorsus
1285 2121 1359 2164 eum
1380 2097 1472 2162 Pala-

183 2204 248 2268 tino
269 2204 442 2268 consentit.
471 2212 638 2287 praeterea
659 2202 818 2288 quaedam
840 2225 882 2266 ex
904 2203 1016 2266 eodem
1038 2202 1121 2266 libro
1144 2212 1298 2288 excerpta
1320 2212 1352 2266 et
1367 2201 1473 2266 Servii

184 2308 311 2370 nomine
334 2306 491 2392 inscripta
513 2304 644 2368 suntin
666 2304 777 2368 codice
793 2304 1064 2390 sangermanensi
1082 2313 1163 2374 1180
1186 2326 1271 2368 saec.
1288 2303 1350 2368 IX.
1381 2302 1473 2367 Basi-

185 2407 323 2472 leensem
357 2406 531 2471 editionem
564 2406 724 2490 expressit
752 2405 941 2487 Putschius‚
974 2406 1031 2494 qui
1060 2427 1164 2471 novae
1192 2405 1269 2471 libri
1289 2405 1418 2490 tt'ormae
1440 2427 1473 2489 p.

187 2516 394 2580 tras—1810
417 2509 522 2573 editae
550 2508 690 2572 subiecit
718 2518 862 2573 veterem
883 2508 1030 2594 plurimis
1054 2508 1147 2573 libris
1168 2531 1266 2572 manu
1288 2508 1419 2594 scriptis
1442 2517 1475 2570 et

185 2611 257 2675 olim
278 2610 435 2697 inpressis
456 2619 669 2696 propagatam
691 2633 723 2696 p·
742 2617 960 2680 1810-1816.
990 2623 1088 2697 atque
1111 2610 1153 2675 ad
1173 2611 1258 2675 hanc
1280 2610 1381 2674 solam
1403 2607 1473 2672 vul·

185 2736 291 2798 garam
314 2712 391 2777 libri
414 2711 552 2777 formam
573 2713 727 2796 pertinet,
750 2712 838 2799 quod
853 2712 959 2777 Servii
982 2712 1102 2777 librum
1118 2722 1177 2776 ‘ex
1192 2712 1284 2777 libris
1300 2710 1473 2795 Bongarsii

185 2815 405 2880 emendatum’
434 2836 506 2879 esse
535 2814 659 2878 scribit.
704 2836 779 2878 nam
807 2815 840 2876 in
871 2837 910 2879 ea
936 2814 1047 2879 codice
1072 2815 1230 2879 Beruensi
1254 2821 1314 2884 432
1343 2811 1472 2877 saeculo

185 2919 307 2983 decimo
337 2917 458 3002 scripto
486 2938 564 2981 usus
593 2927 652 2980 est.
696 2926 771 3003 post
792 2916 982 2980 Putschium
1008 2916 1095 2981 hune
1122 2917 1257 2998 librum,
1287 2938 1361 2979 ema
1389 2915 1472 2995 dico,

185 3021 236 3105 qui
258 3019 347 3107 apud
370 3018 462 3082 illum
484 3013 632 3082 secundo¹
647 3016 716 3082 loco
734 3019 859 3105 positus
875 3029 938 3100 est,
962 3018 1230 3085 Vindobonenses
1254 3016 1473 3083 analectorum

185 3121 467 3204 grammaticorum
490 3121 629 3185 editores
652 3120 823 3186 ediderunt
843 3144 876 3206 p.
900 3128 960 3192 489
983 3145 1053 3209 sqq.
1077 3144 1141 3208 qua
1163 3121 1304 3185 edificas
1326 3119 1473 3184 adhibito

186 3222 336 3287 Bobiensi
358 3222 471 3287 codice
493 3223 540 3287 ita
561 3221 746 3307 emendatio„
765 3223 840 3287 libri
862 3234 1017 3308 proveeta
1039 3234 1103 3304 est,
1131 3233 1168 3287 ut
1198 3244 1302 3308 pauca
1324 3221 1473 3285 addenda

186 3335 300 3390 essent.
344 3324 455 3410 itaque
478 3324 520 3388 ad
541 3323 736 3388 Bobiensem
764 3325 908 3390 codicem
915 3373 924 3407 ‚
952 3324 1045 3389 cuius
1073 3326 1266 3410 scripturam
1287 3345 1329 3387 ex
1351 3323 1473 3388 Vindo-

185 3424 317 3490 bonensi
340 3425 481 3490 editione
504 3425 620 3511 petivi,
648 3426 815 3511 adsumpsi
837 3426 1093 3512 Frisiugensem,
1123 3427 1215 3490 ouius
1242 3427 1320 3490 item
1346 3427 1474 3509 integra

186 3527 401 3613 discrepantia
423 3527 570 3592 exhibita
592 3538 655 3609 est3
684 3550 726 3592 ex
747 3528 950 3614 interpolatis
973 3529 1138 3594 codicibus
1161 3538 1194 3593 et
1215 3526 1412 3593 editionibus
1434 3548 1474 3591 ea

186 3652 264 3714 quae
292 3630 435 3694 maxime
462 3629 686 3694 memorabilia
712 3630 908 3706 videbantur
934 3630 1103 3717 adscripsi.
1148 3631 1283 3695 alterum
1306 3641 1415 3694 autem
1438 3628 1471 3692 li-

186 3730 290 3812 brum,
319 3733 376 3817 qui
400 3754 442 3795 ex
464 3731 613 3795 Palatino
636 3730 747 3796 codice
771 3732 877 3797 editus
899 3743 964 3814 est,
993 3734 1146 3819 quoniam
1169 3755 1189 3796 a
1211 3732 1324 3797 Servio
1347 3730 1472 3795 alienus

187 3844 245 3914 est,
268 3833 325 3897 alii
348 3833 420 3898 loco
441 3830 689 3920 relinquendum
712 3833 908 3899 existimavi.

264 3934 358 3999 Libri
382 3933 609 3999 decentum
631 3936 768 3999 metris
791 3936 919 4001 codices
942 3937 1158 4023 antiquissimi
1181 3947 1256 4002 sunt
1278 3945 1360 4016 tres,
1389 3935 1472 3999 Nea·

187 4036 344 4120 politanus
369 4035 584 4101 bibliothecae
606 4036 682 4101 olim
697 4038 899 4102 Borbonicao
915 4039 962 4103 IV
984 4040 1015 4102 A
1038 4047 1072 4120 8,
1088 4039 1263 4104 -Parisinus
1278 4047 1371 4120 7530,
1394 4039 1472 4102 San-

188 4139 350 4219 tenianus,
379 4161 465 4203 nuno
488 4138 708 4203 Berolinensis
733 4148 782 4209 66.
826 4140 862 4202 in
883 4139 1099 4226 Neapolitano
1125 4141 1251 4223 codice,
1280 4141 1321 4205 de
1348 4163 1411 4227 quo
1439 4141 1473 4203 in

188 4240 385 4323 praefatione
407 4241 503 4326 primi
525 4239 699 4305 voluminis
722 4241 927 4322 dictumest,
951 4243 1056 4307 Servii
1079 4241 1161 4307 liber
1182 4265 1256 4307 cum
1278 4252 1348 4307 arte
1368 4264 1469 4327 gram·

188 4343 302 4406 natica
324 4341 466 4406 Charisii
492 4343 682 4408 coniunctus
705 4354 754 4408 est
776 4344 798 4407 f.
823 4353 863 4415 38
886 4355 918 4408 et
940 4352 991 4415 36.
1035 4344 1093 4408 sed
1121 4343 1245 4409 lacunis
1273 4344 1472 4408 membrana·

188 4463 269 4524 rum,
292 4443 475 4529 dequibus
498 4444 566 4509 dixi
589 4444 610 4508 1.
633 4468 661 4508 c.
684 4468 714 4531 p.
732 4445 784 4508 XI
806 4469 865 4531 sq„
888 4469 960 4510 eum
984 4456 1016 4509 et
1036 4446 1155 4531 prioris
1178 4446 1316 4510 schedae
1338 4445 1475 4510 dimidia

188 4544 251 4608 iere
273 4567 350 4631 pars
372 4546 502 4610 abscisa
524 4559 556 4610 et
577 4546 611 4609 in
631 4548 809 4631 posteriore
832 4546 956 4633 ahquot
977 4547 1056 4611 locis
1079 4548 1241 4634 scriptura
1256 4546 1364 4612 deleta
1377 4560 1472 4627 esset,

190 4647 289 4729 prima
310 4645 386 4711 libri
401 4669 479 4732 pars
494 4668 597 4733 usque
615 4647 658 4711 ad
673 4656 744 4727 460,
769 4656 787 4716 3
810 4653 929 4730 Lyaeus
950 4656 1074 4713 advenit
1095 4660 1225 4736 praeter
1246 4672 1366 4735 pauca,
1390 4672 1473 4735 quae

190 4747 218 4809 in
244 4747 368 4811 laciniis
398 4748 656 4813 membranarum
685 4751 797 4814 relicta
830 4762 920 4830 sunt,
954 4772 1086 4835 prorsus
1117 4752 1228 4837 periit,
1261 4752 1295 4816 in
1328 4763 1475 4815 extrema

189 4859 293 4912 autem
315 4858 408 4934 parte
430 4861 503 4934 post
525 4860 600 4932 465,
624 4861 663 4921 13
686 4859 725 4915 rie
746 4859 933 4932 asclepiadis
955 4852 1115 4938 quaedam
1137 4854 1338 4918 exciderunt.
1383 4852 1473 4916 Pari·
