3314 5506
221 384 284 449 aar
781 377 934 465 [sanan]

276 486 291 528 r.
304 488 343 530 ss·
356 491 407 532 aaa.
420 488 471 532 mv.
1335 488 1432 544 asar.

372 568 511 631 herous
531 565 627 652 {lille
649 576 721 640 est,
743 569 841 630 hunc
861 577 993 631 vocant
1011 567 1222 631 iambicum

220 673 303 752 prior
330 689 444 754 versus
458 678 504 732 est
524 670 695 732 hexameter
716 677 799 732 sexto
821 669 897 752 pede
919 678 1057 732 constans
1077 669 1226 752 spondeo;
1256 688 1377 753 sequens
1391 672 1468 736 lami

221 792 274 835 cus
294 791 347 834 sex
368 772 457 834 hahet
478 771 601 834 iamhos.
647 773 678 833 lit
699 779 730 834 et
750 779 932 853 pentameter
953 773 1011 834 sic:
1034 780 1184 853 ponuntur
1206 773 1267 835 (luo
1286 773 1379 856 petias
1396 784 1468 839 atre

220 881 278 937 stat
299 873 408 955 syllaba
431 872 615 946 catalectico,
640 892 715 954 quae
737 874 807 936 iacit
828 882 859 936 et
880 873 1149 955 penthemimeren,
1171 875 1244 938 item
1259 875 1308 939 alil
1326 876 1406 956 pelea
1420 877 1467 947 lm

195 985 251 1039 set
272 978 302 1039 in
324 978 382 1039 hne
408 983 502 1038 restat
529 975 586 1038 alia
615 974 740 1057 syllaha;
769 983 799 1037 et
825 976 933 1039 ‹licitm
958 975 1008 1037 hic
1037 994 1139 1039 versas
1160 975 1308 1058 elegiacars
1328 976 1369 1040 rel
1386 976 1467 1058 daga

221 1079 257 1140 de
278 1098 337 1160 quo
358 1077 502 1140 luvenalis

371 1181 512 1260 inpune
532 1179 624 1241 mihi
645 1180 869 1242 recitaverit
889 1177 955 1242 ille
976 1187 1153 1260 togatam,

371 1282 431 1343 hic
453 1280 588 1361 elegos

219 1385 251 1445 in
279 1383 370 1464 elegis
396 1382 531 1446 versibus
557 1385 640 1463 prior
667 1384 776 1446 heroas
802 1384 937 1464 ponitur,
965 1385 1016 1465 qui
1038 1391 1084 1446 est
1103 1384 1291 1457 hexameter,
1312 1385 1376 1448 inde
1393 1394 1468 1468 pm

182 1495 209 1539 1⁰
223 1495 325 1548 meter.
370 1487 463 1549 etsie
483 1494 648 1567 ponentem,
672 1494 705 1548 nt
725 1485 858 1548 Ovidius:
880 1487 964 1566 prior
985 1485 1095 1548 herem

370 1585 472 1650 laeta
496 1587 751 1668 triumphanti
773 1587 816 1649 de
837 1604 975 1649 summo
996 1596 1114 1650 mater
1135 1587 1304 1671 Olympo,

220 1696 403 1770 pentameter
1032 1752 1040 1761 ,

371 1791 524 1871 plaudet
547 1798 582 1855 et
603 1791 795 1872 adpositas
816 1793 963 1872 spargit
984 1793 1020 1853 in
1043 1811 1107 1854 ore
1129 1811 1250 1865 rosas,

221 1893 371 1955 scanditur
403 1895 458 1964 sic,
491 1892 641 1973 plaudetet
673 1893 775 1974 adposi
806 1902 850 1956 tas
878 1895 1021 1972 spargitin
1054 1912 1142 1956 arero
1179 1914 1236 1957 sas.
1288 1893 1389 1975 syllaba
1414 1911 1467 1974 qaae

183 2005 265 2056 uest
286 1997 316 2055 in
344 1994 443 2056 medio
470 2003 500 2056 et
526 2014 602 2076 quae
628 2003 673 2057 est
694 1997 726 2057 in
747 1996 806 2057 line
828 2014 883 2078 pro
905 2014 964 2058 nno
985 1996 1062 2077 pede
1084 1998 1282 2076 accipiuntur:
1314 1999 1351 2058 ita
1370 1998 1467 2078 qnam

219 2096 311 2177 pedes
338 2097 450 2158 iaciunt
477 2105 704 2178 pentametrum.
748 2098 801 2161 sed
829 2095 1013 2170 catalectica,
1037 2115 1112 2179 qnae
1135 2107 1179 2160 est
1200 2100 1231 2160 in
1254 2099 1361 2170 medio,
1380 2113 1467 2177 semper

221 2198 308 2278 longa
330 2216 394 2261 esse
417 2198 515 2262 debet

707 2421 756 2485 llE
777 2420 1017 2484 ACCEN'l'lBVS.

304 2558 463 2629 locentur,
492 2576 578 2638 quem
608 2558 713 2619 Graeci
740 2554 935 2642 προσῳδίαν
961 2555 1197 2638 appellaverunt,
1226 2557 1331 2640 triplex
1356 2568 1402 2621 est
1436 2564 1471 2618 ant

181 2670 207 2711 ²⁰
221 2661 299 2722 enim
333 2667 434 2721 acutus
466 2666 511 2719 est
541 2667 592 2721 aut
623 2661 719 2739 gravis
745 2667 797 2722 aut
821 2659 948 2721 inllexus
975 2661 1006 2720 in
1033 2659 1169 2723 omnihus
1196 2660 1329 2741 partibus
1353 2658 1471 2723 arcionis

219 2781 423 2844 quaecumque
451 2763 529 2823 enim
559 2761 758 2842 monosyllaba
786 2761 911 2833 inerint,
940 2761 997 2822 hoc
1019 2770 1064 2823 est
1085 2764 1171 2824 unius
1193 2762 1335 2843 syllabae,
1357 2760 1472 2824 sihreia

219 2873 289 2926 sunt
316 2863 361 2925 vel
388 2866 413 2924 si
441 2865 587 2943 positione
616 2864 702 2944 longa
730 2864 854 2934 luerint,
885 2871 1002 2926 acutum
1030 2862 1182 2925 habebunt
1203 2874 1369 2936 accentum,
1388 2873 1416 2925 ut
1432 2863 1474 2922 nir

220 2967 271 3047 pix
292 2966 367 3036 nim
395 2985 472 3046 qnae
494 2986 563 3028 vcro
587 2975 691 3027 natura
717 2964 803 3046 longa
828 2965 953 3036 luerint,
977 2973 1100 3027 accentu
1123 2967 1314 3029 circumflexo
1335 2965 1475 3048 pronuntia·

220 3068 346 3140 buntur,
370 3079 402 3129 ut
424 3073 492 3149 spes
513 3072 563 3130 ris
584 3073 649 3130 mos
671 3069 725 3130 llos
747 3069 800 3129 dos
821 3073 885 3129 ros:
909 3086 1027 3147 gravem
1043 3070 1123 3129 enim
1138 3088 1245 3131 sanum
1270 3088 1328 3132 non
1349 3069 1474 3150 recipiunt

181 3180 206 3222 ²⁶
220 3168 361 3251 disyllaba
384 3171 486 3233 Latina
509 3172 639 3249 priorem
663 3169 802 3249 syllabam
826 3178 879 3230 cut
900 3178 1014 3231 acuum
1030 3170 1141 3231 habent
1154 3179 1205 3234 aut
1219 3171 1370 3243 inflexam,
1390 3166 1477 3248 agrati

219 3291 380 3352 numquam
408 3273 562 3352 incipiunt.
607 3290 733 3352 quornm
760 3275 786 3333 si
813 3274 894 3350 prior
928 3277 1032 3333 natura
1054 3271 1142 3352 longa
1171 3275 1227 3334 erit
1255 3275 1411 3353 posteriore
1429 3287 1476 3331 rar·

220 3383 317 3455 repta,
347 3372 468 3435 habebit
494 3375 525 3434 in
552 3392 584 3435 se
612 3374 834 3436 circumflexum
857 3382 1026 3444 accentum,
1050 3381 1082 3434 ut
1103 3374 1198 3437 Roma
1219 3375 1340 3445 rhiton
1362 3377 1478 3455 siponto

219 3479 281 3538 rior
307 3476 451 3557 producta
478 3477 516 3536 sit
544 3484 574 3537 et
600 3478 683 3556 prior
710 3494 762 3537 seu
788 3476 875 3555 longa
904 3495 956 3537 sen
983 3472 1081 3537 brevis
1108 3476 1213 3547 inerit,
1243 3486 1365 3540 acuatur
1384 3491 1479 3538 accesit

293 3667 309 3715 2
326 3674 444 3716 constans
461 3679 570 3727 sequens
587 3664 710 3714 iambicus
728 3680 774 3716 sex
792 3664 869 3714 habet
885 3665 993 3730 spondio
1012 3662 1051 3725 (llt
1070 3671 1094 3714 et
1111 3664 1172 3717 add.
1194 3663 1214 3727 l)
1234 3673 1386 3730 pentameter
1401 3665 1433 3714 sic
1448 3675 1480 3726 pa·

220 3745 310 3785 nantnr
330 3734 354 3784 L
425 3736 441 3784 4
460 3735 640 3798 pentemimere
658 3736 681 3786 L
750 3732 923 3800 iilnvenalie]
944 3742 993 3788 sat.
1007 3735 1032 3796 1,
1051 3732 1067 3784 3
1139 3732 1480 3794 laoaiaiuscaaaar.1t

219 3806 253 3857 39
325 3805 354 3857 ll
368 3803 542 3868 triumphandi
560 3805 649 3855 desum
667 3814 746 3854 crater
763 3804 876 3870 holimpo
894 3806 919 3856 L
990 3802 1022 3854 13
1038 3803 1133 3870 paudet
1151 3804 1176 3853 L
1267 3807 1299 3857 17
1315 3806 1394 3857 debet.
1409 3833 1438 3854 ι
1451 3816 1481 3851 aa

220 3884 307 3927 centus
325 3889 390 3938 quae
409 3876 483 3940 gregi
504 3874 641 3940 prosedian
661 3876 693 3928 L.
714 3875 900 3926 commentariis
918 3874 949 3924 de
966 3874 1110 3925 accentibus
1136 3889 1171 3924 ca
1189 3875 1333 3927 Larundae
1351 3875 1428 3926 caeliae
1441 3871 1481 3923 etli-

220 3952 260 3994 tus
277 3952 316 3994 eat
336 3947 360 3993 ia
378 3947 500 3994 analectis
514 3947 683 4008 grammaticis
704 3944 934 3995 Vindahaacasibua
948 3960 974 4008 p.
994 3942 1142 4006 aaa-535,
1158 3948 1229 3995 cadus
1247 3947 1363 3998 editionis
1377 3946 1481 4007 acriam

218 4015 306 4065 littera
323 4031 337 4063 a
356 4016 469 4064 iradirata
486 4022 531 4067 est.
555 4024 691 4077 praeterea
709 4017 734 4063 ia
748 4015 795 4064 tac
811 4023 889 4078 perte
906 4023 930 4064 et
949 4015 1084 4065 Laaaaiiru'
1100 4013 1195 4064 radicis
1209 4018 1339 4081 scriptae-a
1355 4014 1482 4071 accuratim

220 4100 291 4149 quam
309 4086 334 4132 in
358 4085 461 4148 reliquis
483 4084 541 4146 sere
564 4099 626 4147 apae
645 4100 699 4135 esse
716 4085 857 4147 videbatur,
877 4086 988 4135 indicata
1013 4092 1038 4135 et
1055 4083 1230 4149 discrepantia
1247 4089 1340 4138 cadmia
1357 4080 1483 4136 Omaaiaat

218 4154 317 4218 callepii
333 4154 362 4203 S.
382 4155 486 4203 Mariae
511 4152 681 4219 Magdaleaae
698 4171 723 4202 rr.
746 4155 779 4206 aa
795 4157 896 4207 sacculo
914 4156 997 4219 quinta
1014 4155 1107 4204 derum
1124 4155 1214 4217 scripti
1235 4155 1283 4221 (O)
1300 4158 1425 4221 adscripta
1445 4157 1480 4202 eti·

220 4225 333 4274 mameae
360 4233 439 4274 autea
461 4225 493 4272 ale
517 4226 601 4274 eadem
627 4234 771 4289 arprrmcnta
788 4228 985 4285 camalerica,
1007 4238 1068 4291 quas
1086 4228 1262 4289 armaions
1283 4229 1349 4278 awiia
1366 4225 1482 4276 dim

217 4296 317 4357 pacarit,
346 4296 441 4343 asciare
467 4297 550 4356 spatia
574 4297 705 4345 interiecto
734 4297 893 4346 ‹listiam'aaua
990 4295 1022 4345 19
1041 4294 1169 4345 herenius
1185 4322 1218 4331 —
1237 4297 1304 4358 525,
1325 4296 1356 4348 13
1378 4295 1437 4346 acuti
1451 4305 1481 4341 ee

220 4372 307 4413 centus
327 4362 434 4416 biacia.
459 4363 582 4419 Victoria.
597 4383 625 4429 p.
643 4364 708 4417 1942
721 4381 777 4430 sq..·
795 4368 920 4416 hacentue
937 4365 1022 4432 graeci
1036 4364 1172 4430 proeadian
1191 4367 1392 4433 appellaverunt
1410 4361 1482 4428 triplex

219 4442 369 4484 astantem.
388 4441 432 4483 ant
451 4434 516 4483 enim
537 4444 575 4484 est
593 4444 682 4486 acutus
697 4434 778 4485 autO
849 4434 882 4485 20
901 4434 1023 4486 orationis
1041 4433 1078 4483 10
1094 4436 1250 4486 orationibus
1269 4439 1294 4488 L
1361 4437 1393 4485 12
1409 4432 1482 4483 trena

219 4512 262 4553 aut
280 4512 380 4553 actatum
401 4500 453 4553 LO.
472 4511 546 4554 aciae
566 4512 710 4555 accentuum
728 4513 753 4555 et
769 4509 794 4556 ia
811 4509 849 4558 lais
868 4521 933 4570 quac
950 4506 1065 4567 pracime
1084 4513 1201 4554 secuntur·
1220 4515 1245 4557 ct
1261 4510 1287 4556 ia
1303 4507 1403 4572 reliquia
1418 4516 1481 4555 eat*

216 4577 267 4638 plis
286 4577 392 4625 amissae
409 4580 467 4624 suat
485 4577 509 4623 in
528 4573 576 4623 LO
663 4576 696 4626 23
715 4583 788 4626 acuto
807 4580 887 4639 (carr.
909 4575 960 4640 tn)
978 4575 1141 4624 circumllexn
1164 4575 1186 4622 L
1211 4587 1287 4628 acuto
1305 4565 1482 4626 enunieret

288 4646 321 4694 21
338 4653 365 4693 nt
380 4646 436 4694 ines
452 4659 498 4709 pas
515 4659 555 4694 res
574 4654 601 4693 nt
621 4643 709 4695 mesO
729 4654 754 4693 nt
773 4661 813 4696 res
832 4662 878 4712 pes
895 4654 922 4694 nt
941 4660 997 4693 mos
1017 4644 1056 4693 L:
1074 4660 1134 4709 spes
1157 4648 1310 4709 Victorinus,
1328 4662 1402 4712 capue
1416 4656 1483 4694 em·

216 4715 259 4779 pla
275 4716 366 4780 reliqui
381 4717 644 4781 quaqueprniaaratici
660 4723 761 4765 atuatar
831 4717 865 4768 25
883 4715 1006 4781 syllabam
1024 4723 1123 4765 acuum
1145 4716 1167 4764 L
1185 4716 1302 4767 sillabam
1321 4713 1440 4766 acutan

218 4782 252 4832 26
270 4786 410 4848 posteriore
421 4796 539 4851 corrupta
558 4786 581 4834 L
651 4787 683 4836 27
704 4784 773 4836 romi
791 4785 876 4838 rhetor
894 4786 918 4835 L
930 4784 1073 4836 accentibus
1088 4787 1173 4836 attera
1186 4803 1273 4850 maa,
1288 4796 1315 4839 ut
1331 4787 1431 4846 eidem
1446 4779 1483 4831 d·
